<?xml version="1.0" encoding="UTF-8"?>
<!DOCTYPE html PUBLIC "-//W3C//DTD XHTML 1.0 Transitional//EN"
    "http://www.w3.org/TR/xhtml1/DTD/xhtml1-transitional.dtd">
<html xmlns="http://www.w3.org/1999/xhtml" xml:lang="en" lang="en">
 <head>
  <title>
</title>
<meta http-equiv="Content-Type" content="text/html;charset=utf-8" />
  <meta name='ocr-system' content='tesseract 3.04.00' />
  <meta name='ocr-capabilities' content='ocr_page ocr_carea ocr_par ocr_line ocrx_word'/>
</head>
<body>
  <div class='ocr_page' id='page_1' title='image "./operaomniaaccura29auguuoft/operaomniaaccura29auguuoft_0440.png"; bbox 0 0 1803 3250; ppageno 0'>
   <div class='ocr_carea' id='block_1_1' title="bbox 318 225 1718 641">
    <p class='ocr_par' dir='ltr' id='par_1_1' title="bbox 322 225 1268 263">
     <span class='ocr_line' id='line_1_1' title="bbox 322 225 1268 263; baseline 0 -5"><span class='ocrx_word' id='word_1_1' title='bbox 322 225 405 263; x_wconf 78' lang='grc'>430</span> <span class='ocrx_word' id='word_1_2' title='bbox 745 231 778 258; x_wconf 88' lang='lat' dir='ltr'>s.</span> <span class='ocrx_word' id='word_1_3' title='bbox 818 232 1048 260; x_wconf 71' lang='lat' dir='ltr'>AuGus’rlM</span> <span class='ocrx_word' id='word_1_4' title='bbox 1086 232 1268 258; x_wconf 70' lang='lat' dir='ltr'>zmscom</span> 
     </span>
    </p>

    <p class='ocr_par' dir='ltr' id='par_1_2' title="bbox 318 295 1718 641">
     <span class='ocr_line' id='line_1_2' title="bbox 321 295 1714 357; baseline -0.001 -13"><span class='ocrx_word' id='word_1_5' title='bbox 321 299 469 344; x_wconf 89' lang='lat' dir='ltr'>mundi</span> <span class='ocrx_word' id='word_1_6' title='bbox 500 298 644 342; x_wconf 87' lang='lat' dir='ltr'>necin</span> <span class='ocrx_word' id='word_1_7' title='bbox 669 313 822 356; x_wconf 91' lang='lat' dir='ltr'>porcos</span> <span class='ocrx_word' id='word_1_8' title='bbox 853 299 1009 352; x_wconf 85' lang='lat' dir='ltr'>ireut¹‚</span> <span class='ocrx_word' id='word_1_9' title='bbox 1039 298 1117 341; x_wconf 90' lang='lat' dir='ltr'>nisi</span> <span class='ocrx_word' id='word_1_10' title='bbox 1152 299 1235 341; x_wconf 91' lang='lat' dir='ltr'>hoc</span> <span class='ocrx_word' id='word_1_11' title='bbox 1267 295 1351 340; x_wconf 91' lang='lat' dir='ltr'>illis</span> <span class='ocrx_word' id='word_1_12' title='bbox 1384 296 1600 356; x_wconf 84' lang='lat' dir='ltr'>benignus</span> <span class='ocrx_word' id='word_1_13' title='bbox 1622 299 1714 357; x_wconf 90' lang='lat' dir='ltr'>ipse</span> 
     </span>
     <span class='ocr_line' id='line_1_3' title="bbox 322 367 1712 428; baseline -0.003 -12"><span class='ocrx_word' id='word_1_14' title='bbox 322 370 514 416; x_wconf 82' lang='lat' dir='ltr'>Salvator</span> <span class='ocrx_word' id='word_1_15' title='bbox 527 369 792 426; x_wconf 81' lang='lat' dir='ltr'>petentibus,</span> <span class='ocrx_word' id='word_1_16' title='bbox 810 384 919 428; x_wconf 89' lang='lat' dir='ltr'>quos</span> <span class='ocrx_word' id='word_1_17' title='bbox 931 378 1047 413; x_wconf 79' lang='lat' dir='ltr'>certe</span> <span class='ocrx_word' id='word_1_18' title='bbox 1066 369 1108 411; x_wconf 85' lang='lat' dir='ltr'>in</span> <span class='ocrx_word' id='word_1_19' title='bbox 1127 369 1330 426; x_wconf 79' lang='lat' dir='ltr'><strong>abyssum</strong></span> <span class='ocrx_word' id='word_1_20' title='bbox 1345 377 1488 427; x_wconf 89' lang='lat' dir='ltr'>posset</span> <span class='ocrx_word' id='word_1_21' title='bbox 1504 367 1712 427; x_wconf 80' lang='lat' dir='ltr'>relegare,</span> 
     </span>
     <span class='ocr_line' id='line_1_4' title="bbox 318 436 1718 493; baseline -0.001 -8"><span class='ocrx_word' id='word_1_22' title='bbox 318 439 574 485; x_wconf 77' lang='lat' dir='ltr'>concederet</span> <span class='ocrx_word' id='word_1_23' title='bbox 594 458 602 483; x_wconf 72' lang='grc' dir='ltr'><strong><em>ι</em></strong></span> <span class='ocrx_word' id='word_1_24' title='bbox 624 454 712 481; x_wconf 89' lang='lat' dir='ltr'>rem</span> <span class='ocrx_word' id='word_1_25' title='bbox 735 440 1017 484; x_wconf 85' lang='lat' dir='ltr'>necessariam</span> <span class='ocrx_word' id='word_1_26' title='bbox 1036 438 1192 483; x_wconf 86' lang='lat' dir='ltr'>docere</span> <span class='ocrx_word' id='word_1_27' title='bbox 1207 453 1286 483; x_wconf 93' lang='lat' dir='ltr'>nos</span> <span class='ocrx_word' id='word_1_28' title='bbox 1302 436 1470 493; x_wconf 89' lang='lat' dir='ltr'>volens,</span> <span class='ocrx_word' id='word_1_29' title='bbox 1486 447 1536 482; x_wconf 91' lang='lat' dir='ltr'>ut</span> <span class='ocrx_word' id='word_1_30' title='bbox 1553 438 1718 483; x_wconf 88' lang='lat' dir='ltr'>scilicet</span> 
     </span>
     <span class='ocr_line' id='line_1_5' title="bbox 319 508 1718 568; baseline -0.001 -14"><span class='ocrx_word' id='word_1_31' title='bbox 319 510 564 554; x_wconf 82' lang='lat' dir='ltr'>noverimus</span> <span class='ocrx_word' id='word_1_32' title='bbox 580 543 590 562; x_wconf 92' lang='lat'><strong>‚</strong></span> <span class='ocrx_word' id='word_1_33' title='bbox 630 508 770 553; x_wconf 74' lang='lat' dir='ltr'>multo</span> <span class='ocrx_word' id='word_1_34' title='bbox 805 510 949 553; x_wconf 87' lang='lat' dir='ltr'>minus</span> <span class='ocrx_word' id='word_1_35' title='bbox 977 525 1049 554; x_wconf 87' lang='lat' dir='ltr'>eos</span> <span class='ocrx_word' id='word_1_36' title='bbox 1082 523 1204 568; x_wconf 83' lang='lat' dir='ltr'>posse</span> <span class='ocrx_word' id='word_1_37' title='bbox 1226 524 1301 553; x_wconf 87' lang='lat' dir='ltr'>sua</span> <span class='ocrx_word' id='word_1_38' title='bbox 1326 518 1540 568; x_wconf 80' lang='lat' dir='ltr'>potestate</span> <span class='ocrx_word' id='word_1_39' title='bbox 1562 523 1718 554; x_wconf 86' lang='lat' dir='ltr'>nocere</span> 
     </span>
     <span class='ocr_line' id='line_1_6' title="bbox 318 579 1714 641; baseline -0.001 -15"><span class='ocrx_word' id='word_1_40' title='bbox 318 581 583 634; x_wconf 86' lang='lat' dir='ltr'>hominibus,</span> <span class='ocrx_word' id='word_1_41' title='bbox 603 581 678 639; x_wconf 85' lang='lat' dir='ltr'>qui</span> <span class='ocrx_word' id='word_1_42' title='bbox 698 597 776 625; x_wconf 83' lang='lat' dir='ltr'>nec</span> <span class='ocrx_word' id='word_1_43' title='bbox 798 582 1024 640; x_wconf 82' lang='lat' dir='ltr'>pecoribus</span> <span class='ocrx_word' id='word_1_44' title='bbox 1042 579 1440 641; x_wconf 81' lang='lat' dir='ltr'>qualibuscumque</span> <span class='ocrx_word' id='word_1_45' title='bbox 1455 590 1714 640; x_wconf 89' lang='lat' dir='ltr'>potuerunt.</span> 
     </span>
    </p>
   </div>
   <div class='ocr_carea' id='block_1_2' title="bbox 315 650 1730 2564">
    <p class='ocr_par' dir='ltr' id='par_1_3' title="bbox 315 650 1718 783">
     <span class='ocr_line' id='line_1_7' title="bbox 319 650 1718 712; baseline -0.001 -16"><span class='ocrx_word' id='word_1_46' title='bbox 319 654 439 696; x_wconf 89' lang='lat' dir='ltr'>Hanc</span> <span class='ocrx_word' id='word_1_47' title='bbox 458 661 603 695; x_wconf 89' lang='lat' dir='ltr'>autem</span> <span class='ocrx_word' id='word_1_48' title='bbox 624 661 880 710; x_wconf 83' lang='lat' dir='ltr'>potestatem</span> <span class='ocrx_word' id='word_1_49' title='bbox 911 656 1020 696; x_wconf 84' lang='lat' dir='ltr'>Deus</span> <span class='ocrx_word' id='word_1_50' title='bbox 1046 652 1189 697; x_wconf 82' lang='lat' dir='ltr'>bonus</span> <span class='ocrx_word' id='word_1_51' title='bbox 1207 651 1380 696; x_wconf 87' lang='lat' dir='ltr'>occulta</span> <span class='ocrx_word' id='word_1_52' title='bbox 1405 651 1533 697; x_wconf 89' lang='lat' dir='ltr'>nobis</span> <span class='ocrx_word' id='word_1_53' title='bbox 1549 650 1718 712; x_wconf 87' lang='lat' dir='ltr'>justitia</span> 
     </span>
     <span class='ocr_line' id='line_1_8' title="bbox 315 722 1058 783; baseline -0.001 -16"><span class='ocrx_word' id='word_1_54' title='bbox 315 722 419 768; x_wconf 86' lang='lat' dir='ltr'>dare</span> <span class='ocrx_word' id='word_1_55' title='bbox 433 733 591 783; x_wconf 87' lang='lat' dir='ltr'>potest,</span> <span class='ocrx_word' id='word_1_56' title='bbox 610 723 768 783; x_wconf 82' lang='lat' dir='ltr'>injuste</span> <span class='ocrx_word' id='word_1_57' title='bbox 789 739 879 767; x_wconf 89' lang='lat' dir='ltr'>non</span> <span class='ocrx_word' id='word_1_58' title='bbox 900 731 1058 782; x_wconf 87' lang='lat' dir='ltr'>potest.</span> 
     </span>
    </p>

    <p class='ocr_par' dir='ltr' id='par_1_4' title="bbox 316 791 1730 2564">
     <span class='ocr_line' id='line_1_9' title="bbox 374 791 1720 853; baseline -0.001 -15"><span class='ocrx_word' id='word_1_59' title='bbox 374 797 466 838; x_wconf 88' lang='lat' dir='ltr'>XL.</span> <span class='ocrx_word' id='word_1_60' title='bbox 507 794 670 838; x_wconf 87' lang='lat' dir='ltr'>Deinde</span> <span class='ocrx_word' id='word_1_61' title='bbox 687 794 805 853; x_wconf 75' lang='lat' dir='ltr'>quod</span> <span class='ocrx_word' id='word_1_62' title='bbox 826 794 879 836; x_wconf 72' lang='lat' dir='ltr'>dc</span> <span class='ocrx_word' id='word_1_63' title='bbox 899 792 1153 837; x_wconf 79' lang='lat' dir='ltr'>Antichristi</span> <span class='ocrx_word' id='word_1_64' title='bbox 1169 793 1363 838; x_wconf 85' lang='lat' dir='ltr'>adventu</span> <span class='ocrx_word' id='word_1_65' title='bbox 1380 802 1423 838; x_wconf 87' lang='lat' dir='ltr'>et</span> <span class='ocrx_word' id='word_1_66' title='bbox 1437 791 1628 837; x_wconf 89' lang='lat' dir='ltr'>elatione</span> <span class='ocrx_word' id='word_1_67' title='bbox 1640 791 1720 837; x_wconf 88' lang='lat' dir='ltr'>im-</span> 
     </span>
     <span class='ocr_line' id='line_1_10' title="bbox 316 864 1719 926; baseline 0 -18"><span class='ocrx_word' id='word_1_68' title='bbox 316 866 383 926; x_wconf 89' lang='lat' dir='ltr'>pia</span> <span class='ocrx_word' id='word_1_69' title='bbox 408 865 515 909; x_wconf 77' lang='lat' dir='ltr'>dixit</span> <span class='ocrx_word' id='word_1_70' title='bbox 538 864 792 924; x_wconf 79' lang='lat' dir='ltr'>ApostoluS,</span> <span class='ocrx_word' id='word_1_71' title='bbox 829 864 924 908; x_wconf 89' lang='lat' dir='ltr'>vult</span> <span class='ocrx_word' id='word_1_72' title='bbox 955 864 1037 908; x_wconf 88' lang='lat' dir='ltr'>iste</span> <span class='ocrx_word' id='word_1_73' title='bbox 1070 864 1125 909; x_wconf 90' lang='lat' dir='ltr'>ad</span> <span class='ocrx_word' id='word_1_74' title='bbox 1155 864 1239 909; x_wconf 91' lang='lat' dir='ltr'>hoc</span> <span class='ocrx_word' id='word_1_75' title='bbox 1273 865 1468 919; x_wconf 86' lang='lat' dir='ltr'>trahere,</span> <span class='ocrx_word' id='word_1_76' title='bbox 1502 873 1552 909; x_wconf 90' lang='lat' dir='ltr'>ut</span> <span class='ocrx_word' id='word_1_77' title='bbox 1574 864 1719 924; x_wconf 88' lang='lat' dir='ltr'>ipsum</span> 
     </span>
     <span class='ocr_line' id='line_1_11' title="bbox 317 935 1718 997; baseline 0 -17"><span class='ocrx_word' id='word_1_78' title='bbox 317 936 610 995; x_wconf 84' lang='lat' dir='ltr'>intelligamus</span> <span class='ocrx_word' id='word_1_79' title='bbox 630 937 947 995; x_wconf 80' lang='lat' dir='ltr'>Prophetarum</span> <span class='ocrx_word' id='word_1_80' title='bbox 961 939 1158 994; x_wconf 76' lang='lat' dir='ltr'>Deum²3</span> <span class='ocrx_word' id='word_1_81' title='bbox 1183 936 1302 981; x_wconf 90' lang='lat' dir='ltr'>unde</span> <span class='ocrx_word' id='word_1_82' title='bbox 1324 937 1470 997; x_wconf 89' lang='lat' dir='ltr'>potius</span> <span class='ocrx_word' id='word_1_83' title='bbox 1490 935 1718 981; x_wconf 87' lang='lat' dir='ltr'>convinci-</span> 
     </span>
     <span class='ocr_line' id='line_1_12' title="bbox 317 1006 1719 1068; baseline -0.002 -16"><span class='ocrx_word' id='word_1_84' title='bbox 317 1018 386 1052; x_wconf 83' lang='lat' dir='ltr'>tur</span> <span class='ocrx_word' id='word_1_85' title='bbox 409 1007 517 1051; x_wconf 89' lang='lat' dir='ltr'>illud</span> <span class='ocrx_word' id='word_1_86' title='bbox 541 1009 613 1051; x_wconf 90' lang='lat' dir='ltr'>Dei</span> <span class='ocrx_word' id='word_1_87' title='bbox 639 1023 728 1051; x_wconf 81' lang='lat' dir='ltr'>esse</span> <span class='ocrx_word' id='word_1_88' title='bbox 752 1008 982 1067; x_wconf 88' lang='lat' dir='ltr'>templum,</span> <span class='ocrx_word' id='word_1_89' title='bbox 1006 1007 1084 1052; x_wconf 89' lang='lat' dir='ltr'>ubi</span> <span class='ocrx_word' id='word_1_90' title='bbox 1106 1009 1330 1053; x_wconf 90' lang='lat' dir='ltr'>hominem</span> <span class='ocrx_word' id='word_1_91' title='bbox 1354 1009 1545 1068; x_wconf 92' lang='lat' dir='ltr'>peccati,</span> <span class='ocrx_word' id='word_1_92' title='bbox 1578 1006 1719 1051; x_wconf 88' lang='lat' dir='ltr'>filium</span> 
     </span>
     <span class='ocr_line' id='line_1_13' title="bbox 316 1078 1721 1140; baseline -0.001 -17"><span class='ocrx_word' id='word_1_93' title='bbox 316 1080 540 1134; x_wconf 82' lang='lat' dir='ltr'>interitus,</span> <span class='ocrx_word' id='word_1_94' title='bbox 578 1078 858 1123; x_wconf 82' lang='lat' dir='ltr'>extollentem</span> <span class='ocrx_word' id='word_1_95' title='bbox 891 1095 936 1124; x_wconf 90' lang='lat' dir='ltr'>se</span> <span class='ocrx_word' id='word_1_96' title='bbox 966 1095 1097 1140; x_wconf 91' lang='lat' dir='ltr'>super</span> <span class='ocrx_word' id='word_1_97' title='bbox 1122 1095 1300 1125; x_wconf 90' lang='lat' dir='ltr'>omnem</span> <span class='ocrx_word' id='word_1_98' title='bbox 1326 1083 1465 1125; x_wconf 90' lang='lat' dir='ltr'>Deum</span> <span class='ocrx_word' id='word_1_99' title='bbox 1482 1115 1492 1134; x_wconf 89' lang='lat'>‚</span> <span class='ocrx_word' id='word_1_100' title='bbox 1526 1088 1570 1123; x_wconf 87' lang='lat' dir='ltr'>et</span> <span class='ocrx_word' id='word_1_101' title='bbox 1591 1093 1721 1138; x_wconf 90' lang='lat' dir='ltr'>super</span> 
     </span>
     <span class='ocr_line' id='line_1_14' title="bbox 316 1150 1721 1211; baseline -0.003 -15"><span class='ocrx_word' id='word_1_102' title='bbox 316 1166 446 1196; x_wconf 90' lang='lat' dir='ltr'>omne</span> <span class='ocrx_word' id='word_1_103' title='bbox 477 1150 599 1211; x_wconf 87' lang='lat' dir='ltr'>quod</span> <span class='ocrx_word' id='word_1_104' title='bbox 630 1150 806 1206; x_wconf 86' lang='lat' dir='ltr'>colitur,</span> <span class='ocrx_word' id='word_1_105' title='bbox 835 1150 1068 1211; x_wconf 85' lang='lat' dir='ltr'>Apostolus</span> <span class='ocrx_word' id='word_1_106' title='bbox 1093 1166 1310 1195; x_wconf 88' lang='lat' dir='ltr'>sessurum</span> <span class='ocrx_word' id='word_1_107' title='bbox 1335 1166 1426 1196; x_wconf 88' lang='lat' dir='ltr'>esse</span> <span class='ocrx_word' id='word_1_108' title='bbox 1447 1150 1572 1194; x_wconf 83' lang='lat' dir='ltr'>dixit.</span> <span class='ocrx_word' id='word_1_109' title='bbox 1607 1152 1721 1193; x_wconf 90' lang='lat' dir='ltr'>Deus</span> 
     </span>
     <span class='ocr_line' id='line_1_15' title="bbox 316 1219 1722 1282; baseline -0.002 -16"><span class='ocrx_word' id='word_1_110' title='bbox 316 1222 431 1266; x_wconf 89' lang='lat' dir='ltr'>enim</span> <span class='ocrx_word' id='word_1_111' title='bbox 453 1237 579 1266; x_wconf 87' lang='lat' dir='ltr'>verus</span> <span class='ocrx_word' id='word_1_112' title='bbox 596 1232 676 1276; x_wconf 85' lang='lat' dir='ltr'>est,</span> <span class='ocrx_word' id='word_1_113' title='bbox 698 1221 744 1265; x_wconf 91' lang='lat' dir='ltr'>in</span> <span class='ocrx_word' id='word_1_114' title='bbox 768 1223 891 1281; x_wconf 86' lang='lat' dir='ltr'>cujus</span> <span class='ocrx_word' id='word_1_115' title='bbox 912 1221 1078 1282; x_wconf 89' lang='lat' dir='ltr'>templo</span> <span class='ocrx_word' id='word_1_116' title='bbox 1100 1222 1236 1266; x_wconf 79' lang='lat' dir='ltr'>salsus</span> <span class='ocrx_word' id='word_1_117' title='bbox 1254 1221 1328 1266; x_wconf 88' lang='lat' dir='ltr'>ille</span> <span class='ocrx_word' id='word_1_118' title='bbox 1349 1235 1540 1266; x_wconf 89' lang='lat' dir='ltr'>sessurus</span> <span class='ocrx_word' id='word_1_119' title='bbox 1557 1228 1645 1265; x_wconf 87' lang='lat' dir='ltr'>est:</span> <span class='ocrx_word' id='word_1_120' title='bbox 1665 1219 1722 1263; x_wconf 84' lang='lat' dir='ltr'>ad</span> 
     </span>
     <span class='ocr_line' id='line_1_16' title="bbox 316 1289 1721 1355; baseline -0.003 -17"><span class='ocrx_word' id='word_1_121' title='bbox 316 1308 448 1354; x_wconf 85' lang='lat' dir='ltr'>quem</span> <span class='ocrx_word' id='word_1_122' title='bbox 485 1294 672 1353; x_wconf 85' lang='lat' dir='ltr'>pertinet</span> <span class='ocrx_word' id='word_1_123' title='bbox 709 1294 839 1338; x_wconf 89' lang='lat' dir='ltr'>etiam</span> <span class='ocrx_word' id='word_1_124' title='bbox 875 1294 969 1349; x_wconf 88' lang='lat' dir='ltr'>iste,</span> <span class='ocrx_word' id='word_1_125' title='bbox 995 1294 1071 1355; x_wconf 88' lang='lat' dir='ltr'>qui</span> <span class='ocrx_word' id='word_1_126' title='bbox 1092 1295 1174 1338; x_wconf 91' lang='lat' dir='ltr'>sub</span> <span class='ocrx_word' id='word_1_127' title='bbox 1197 1293 1375 1338; x_wconf 90' lang='lat' dir='ltr'>nomine</span> <span class='ocrx_word' id='word_1_128' title='bbox 1396 1292 1575 1347; x_wconf 81' lang='lat' dir='ltr'>Christi,</span> <span class='ocrx_word' id='word_1_129' title='bbox 1598 1289 1721 1351; x_wconf 90' lang='lat' dir='ltr'>quod</span> 
     </span>
     <span class='ocr_line' id='line_1_17' title="bbox 318 1363 1722 1420; baseline -0.002 -11"><span class='ocrx_word' id='word_1_130' title='bbox 318 1374 382 1410; x_wconf 86' lang='lat' dir='ltr'>est</span> <span class='ocrx_word' id='word_1_131' title='bbox 405 1379 566 1409; x_wconf 90' lang='lat' dir='ltr'>nomen</span> <span class='ocrx_word' id='word_1_132' title='bbox 591 1366 682 1420; x_wconf 86' lang='lat' dir='ltr'>Dei,</span> <span class='ocrx_word' id='word_1_133' title='bbox 708 1365 792 1409; x_wconf 90' lang='lat' dir='ltr'>hoc</span> <span class='ocrx_word' id='word_1_134' title='bbox 813 1375 892 1420; x_wconf 88' lang='lat' dir='ltr'>est,</span> <span class='ocrx_word' id='word_1_135' title='bbox 912 1366 1210 1410; x_wconf 87' lang='lat' dir='ltr'>Christianum</span> <span class='ocrx_word' id='word_1_136' title='bbox 1233 1381 1276 1409; x_wconf 91' lang='lat' dir='ltr'>se</span> <span class='ocrx_word' id='word_1_137' title='bbox 1295 1364 1434 1409; x_wconf 89' lang='lat' dir='ltr'>videri</span> <span class='ocrx_word' id='word_1_138' title='bbox 1456 1363 1625 1418; x_wconf 88' lang='lat' dir='ltr'>volens,</span> <span class='ocrx_word' id='word_1_139' title='bbox 1648 1378 1722 1407; x_wconf 92' lang='lat' dir='ltr'>su—</span> 
     </span>
     <span class='ocr_line' id='line_1_18' title="bbox 319 1434 1721 1497; baseline -0.001 -16"><span class='ocrx_word' id='word_1_140' title='bbox 319 1435 623 1497; x_wconf 84' lang='lat' dir='ltr'>perextollitur</span> <span class='ocrx_word' id='word_1_141' title='bbox 649 1445 801 1481; x_wconf 87' lang='lat' dir='ltr'>contra</span> <span class='ocrx_word' id='word_1_142' title='bbox 824 1438 1048 1482; x_wconf 84' lang='lat' dir='ltr'>Christum</span> <span class='ocrx_word' id='word_1_143' title='bbox 1068 1458 1078 1494; x_wconf 79' lang='lat'>3</span> <span class='ocrx_word' id='word_1_144' title='bbox 1103 1451 1236 1496; x_wconf 88' lang='lat' dir='ltr'>seque</span> <span class='ocrx_word' id='word_1_145' title='bbox 1259 1435 1451 1480; x_wconf 88' lang='lat' dir='ltr'>ostendit</span> <span class='ocrx_word' id='word_1_146' title='bbox 1475 1434 1721 1480; x_wconf 84' lang='lat' dir='ltr'>Antichris-</span> 
     </span>
     <span class='ocr_line' id='line_1_19' title="bbox 320 1507 1719 1568; baseline -0.002 -16"><span class='ocrx_word' id='word_1_147' title='bbox 320 1517 432 1564; x_wconf 90' lang='lat' dir='ltr'>tum,</span> <span class='ocrx_word' id='word_1_148' title='bbox 450 1523 538 1552; x_wconf 91' lang='lat' dir='ltr'>non</span> <span class='ocrx_word' id='word_1_149' title='bbox 553 1523 692 1552; x_wconf 93' lang='lat' dir='ltr'>unum</span> <span class='ocrx_word' id='word_1_150' title='bbox 706 1508 831 1552; x_wconf 91' lang='lat' dir='ltr'>illum</span> <span class='ocrx_word' id='word_1_151' title='bbox 850 1509 1056 1568; x_wconf 88' lang='lat' dir='ltr'>majorem</span> <span class='ocrx_word' id='word_1_152' title='bbox 1072 1509 1254 1563; x_wconf 85' lang='lat' dir='ltr'>caeteris,</span> <span class='ocrx_word' id='word_1_153' title='bbox 1271 1507 1346 1551; x_wconf 90' lang='lat' dir='ltr'>sed</span> <span class='ocrx_word' id='word_1_154' title='bbox 1364 1523 1415 1551; x_wconf 87' lang='lat' dir='ltr'>ex</span> <span class='ocrx_word' id='word_1_155' title='bbox 1432 1508 1498 1551; x_wconf 89' lang='lat' dir='ltr'>his</span> <span class='ocrx_word' id='word_1_156' title='bbox 1512 1507 1719 1566; x_wconf 86' lang='lat' dir='ltr'>aliquem,</span> 
     </span>
     <span class='ocr_line' id='line_1_20' title="bbox 321 1575 1722 1638; baseline -0.001 -16"><span class='ocrx_word' id='word_1_157' title='bbox 321 1578 377 1623; x_wconf 91' lang='lat' dir='ltr'>de</span> <span class='ocrx_word' id='word_1_158' title='bbox 397 1579 560 1638; x_wconf 89' lang='lat' dir='ltr'>quibus</span> <span class='ocrx_word' id='word_1_159' title='bbox 582 1578 689 1623; x_wconf 87' lang='lat' dir='ltr'>dicit</span> <span class='ocrx_word' id='word_1_160' title='bbox 711 1581 901 1624; x_wconf 89' lang='lat' dir='ltr'>Joannes</span> <span class='ocrx_word' id='word_1_161' title='bbox 932 1578 1226 1638; x_wconf 84' lang='lat' dir='ltr'>evangelista:</span> <span class='ocrx_word' id='word_1_162' title='bbox 1255 1597 1276 1621; x_wconf 91' lang='lat'>«</span> <span class='ocrx_word' id='word_1_163' title='bbox 1300 1581 1427 1624; x_wconf 89' lang='lat' dir='ltr'>Nunc</span> <span class='ocrx_word' id='word_1_164' title='bbox 1464 1575 1722 1622; x_wconf 86' lang='lat' dir='ltr'>Antichristi</span> 
     </span>
     <span class='ocr_line' id='line_1_21' title="bbox 325 1647 1723 1708; baseline -0.001 -16"><span class='ocrx_word' id='word_1_165' title='bbox 325 1667 346 1692; x_wconf 76' lang='lat' dir='ltr'>n</span> <span class='ocrx_word' id='word_1_166' title='bbox 380 1649 509 1694; x_wconf 85' lang='lat' dir='ltr'>multi</span> <span class='ocrx_word' id='word_1_167' title='bbox 538 1649 642 1695; x_wconf 89' lang='lat' dir='ltr'>facti</span> <span class='ocrx_word' id='word_1_168' title='bbox 668 1652 814 1694; x_wconf 66' lang='lat' dir='ltr'>suntss.</span> <span class='ocrx_word' id='word_1_169' title='bbox 843 1653 970 1696; x_wconf 90' lang='lat' dir='ltr'>»Eos</span> <span class='ocrx_word' id='word_1_170' title='bbox 1001 1650 1116 1694; x_wconf 88' lang='lat' dir='ltr'>enim</span> <span class='ocrx_word' id='word_1_171' title='bbox 1151 1649 1326 1694; x_wconf 87' lang='lat' dir='ltr'>dicebat</span> <span class='ocrx_word' id='word_1_172' title='bbox 1359 1649 1606 1705; x_wconf 83' lang='lat' dir='ltr'>haereticos,</span> <span class='ocrx_word' id='word_1_173' title='bbox 1645 1647 1723 1708; x_wconf 88' lang='lat' dir='ltr'>qui</span> 
     </span>
     <span class='ocr_line' id='line_1_22' title="bbox 322 1721 1723 1782; baseline -0.003 -15"><span class='ocrx_word' id='word_1_174' title='bbox 322 1722 593 1782; x_wconf 88' lang='lat' dir='ltr'>temporibus</span> <span class='ocrx_word' id='word_1_175' title='bbox 625 1722 938 1781; x_wconf 79' lang='lat' dir='ltr'>Apostolorum</span> <span class='ocrx_word' id='word_1_176' title='bbox 967 1737 1057 1767; x_wconf 92' lang='lat' dir='ltr'>esse</span> <span class='ocrx_word' id='word_1_177' title='bbox 1083 1723 1173 1782; x_wconf 82' lang='lat' dir='ltr'>jam</span> <span class='ocrx_word' id='word_1_178' title='bbox 1205 1730 1446 1781; x_wconf 82' lang='lat' dir='ltr'>coeperant.</span> <span class='ocrx_word' id='word_1_179' title='bbox 1487 1721 1542 1765; x_wconf 91' lang='lat' dir='ltr'>Hi</span> <span class='ocrx_word' id='word_1_180' title='bbox 1575 1728 1723 1765; x_wconf 86' lang='lat' dir='ltr'>autem</span> 
     </span>
     <span class='ocr_line' id='line_1_23' title="bbox 323 1792 1722 1853; baseline -0.002 -15"><span class='ocrx_word' id='word_1_181' title='bbox 323 1802 555 1853; x_wconf 86' lang='lat' dir='ltr'>coeperunt</span> <span class='ocrx_word' id='word_1_182' title='bbox 587 1809 675 1837; x_wconf 84' lang='lat' dir='ltr'>csse</span> <span class='ocrx_word' id='word_1_183' title='bbox 699 1803 796 1853; x_wconf 89' lang='lat' dir='ltr'>post</span> <span class='ocrx_word' id='word_1_184' title='bbox 818 1794 1113 1838; x_wconf 85' lang='lat' dir='ltr'>ascensionem</span> <span class='ocrx_word' id='word_1_185' title='bbox 1137 1793 1350 1838; x_wconf 84' lang='lat' dir='ltr'>duntaxat</span> <span class='ocrx_word' id='word_1_186' title='bbox 1377 1793 1422 1836; x_wconf 89' lang='lat' dir='ltr'>in</span> <span class='ocrx_word' id='word_1_187' title='bbox 1445 1792 1611 1837; x_wconf 90' lang='lat' dir='ltr'>coelum</span> <span class='ocrx_word' id='word_1_188' title='bbox 1635 1794 1722 1835; x_wconf 92' lang='lat' dir='ltr'>Do-</span> 
     </span>
     <span class='ocr_line' id='line_1_24' title="bbox 324 1861 1725 1924; baseline -0.002 -16"><span class='ocrx_word' id='word_1_189' title='bbox 324 1865 430 1909; x_wconf 90' lang='lat' dir='ltr'>mini</span> <span class='ocrx_word' id='word_1_190' title='bbox 451 1868 554 1910; x_wconf 79' lang='lat' dir='ltr'>Jesu</span> <span class='ocrx_word' id='word_1_191' title='bbox 576 1865 753 1919; x_wconf 77' lang='lat' dir='ltr'>Christi,</span> <span class='ocrx_word' id='word_1_192' title='bbox 780 1865 836 1908; x_wconf 92' lang='lat' dir='ltr'>ab</span> <span class='ocrx_word' id='word_1_193' title='bbox 859 1864 936 1909; x_wconf 88' lang='lat' dir='ltr'>illo</span> <span class='ocrx_word' id='word_1_194' title='bbox 961 1865 1136 1910; x_wconf 89' lang='lat' dir='ltr'>Simone</span> <span class='ocrx_word' id='word_1_195' title='bbox 1158 1879 1303 1923; x_wconf 86' lang='lat' dir='ltr'>mago,</span> <span class='ocrx_word' id='word_1_196' title='bbox 1328 1879 1462 1924; x_wconf 89' lang='lat' dir='ltr'>quem</span> <span class='ocrx_word' id='word_1_197' title='bbox 1478 1863 1661 1921; x_wconf 81' lang='lat' dir='ltr'>legimus</span> <span class='ocrx_word' id='word_1_198' title='bbox 1679 1861 1725 1906; x_wconf 89' lang='lat' dir='ltr'>in</span> 
     </span>
     <span class='ocr_line' id='line_1_25' title="bbox 325 1932 1726 1995; baseline -0.001 -16"><span class='ocrx_word' id='word_1_199' title='bbox 325 1936 506 1981; x_wconf 84' lang='lat' dir='ltr'>Actibus</span> <span class='ocrx_word' id='word_1_200' title='bbox 530 1935 842 1995; x_wconf 86' lang='lat' dir='ltr'>Apostolorum</span> <span class='ocrx_word' id='word_1_201' title='bbox 860 1935 1131 1995; x_wconf 85' lang='lat' dir='ltr'>baptizatum</span> <span class='ocrx_word' id='word_1_202' title='bbox 1143 1935 1175 1978; x_wconf 83' lang='lat'>4.</span> <span class='ocrx_word' id='word_1_203' title='bbox 1204 1938 1306 1979; x_wconf 91' lang='lat' dir='ltr'>Post</span> <span class='ocrx_word' id='word_1_204' title='bbox 1323 1935 1443 1979; x_wconf 91' lang='lat' dir='ltr'>hunc</span> <span class='ocrx_word' id='word_1_205' title='bbox 1459 1943 1606 1978; x_wconf 91' lang='lat' dir='ltr'>autem</span> <span class='ocrx_word' id='word_1_206' title='bbox 1624 1932 1726 1977; x_wconf 87' lang='lat' dir='ltr'>fue-</span> 
     </span>
     <span class='ocr_line' id='line_1_26' title="bbox 326 2005 1726 2068; baseline -0.001 -18"><span class='ocrx_word' id='word_1_207' title='bbox 326 2017 430 2052; x_wconf 89' lang='lat' dir='ltr'>runt</span> <span class='ocrx_word' id='word_1_208' title='bbox 450 2007 655 2052; x_wconf 79' lang='lat' dir='ltr'>nonnulli</span> <span class='ocrx_word' id='word_1_209' title='bbox 679 2006 886 2066; x_wconf 77' lang='lat' dir='ltr'>Discipuli</span> <span class='ocrx_word' id='word_1_210' title='bbox 909 2008 1017 2068; x_wconf 88' lang='lat' dir='ltr'>ejus,</span> <span class='ocrx_word' id='word_1_211' title='bbox 1039 2007 1085 2051; x_wconf 88' lang='lat' dir='ltr'>in</span> <span class='ocrx_word' id='word_1_212' title='bbox 1102 2007 1255 2051; x_wconf 90' lang='lat' dir='ltr'>eadem</span> <span class='ocrx_word' id='word_1_213' title='bbox 1269 2006 1491 2066; x_wconf 89' lang='lat' dir='ltr'>impietate</span> <span class='ocrx_word' id='word_1_214' title='bbox 1512 2005 1726 2066; x_wconf 86' lang='lat' dir='ltr'>posterio-</span> 
     </span>
     <span class='ocr_line' id='line_1_27' title="bbox 327 2077 1725 2138; baseline -0.001 -16"><span class='ocrx_word' id='word_1_215' title='bbox 327 2093 393 2123; x_wconf 91' lang='lat' dir='ltr'>res</span> <span class='ocrx_word' id='word_1_216' title='bbox 410 2080 624 2138; x_wconf 82' lang='lat' dir='ltr'>prioribus</span> <span class='ocrx_word' id='word_1_217' title='bbox 639 2079 924 2123; x_wconf 87' lang='lat' dir='ltr'>succedentes</span> <span class='ocrx_word' id='word_1_218' title='bbox 944 2097 953 2123; x_wconf 88' lang='lat'><strong>:</strong></span> <span class='ocrx_word' id='word_1_219' title='bbox 979 2093 1169 2138; x_wconf 90' lang='lat' dir='ltr'>quorum</span> <span class='ocrx_word' id='word_1_220' title='bbox 1192 2078 1238 2121; x_wconf 89' lang='lat' dir='ltr'>in</span> <span class='ocrx_word' id='word_1_221' title='bbox 1255 2077 1526 2122; x_wconf 88' lang='lat' dir='ltr'>successione</span> <span class='ocrx_word' id='word_1_222' title='bbox 1540 2089 1725 2137; x_wconf 87' lang='lat' dir='ltr'>quartus</span> 
     </span>
     <span class='ocr_line' id='line_1_28' title="bbox 327 2147 1724 2209; baseline -0.001 -16"><span class='ocrx_word' id='word_1_223' title='bbox 327 2150 468 2194; x_wconf 85' lang='lat' dir='ltr'>extitit</span> <span class='ocrx_word' id='word_1_224' title='bbox 503 2149 726 2205; x_wconf 87' lang='lat' dir='ltr'>Basilides,</span> <span class='ocrx_word' id='word_1_225' title='bbox 765 2150 840 2209; x_wconf 87' lang='lat' dir='ltr'>qui</span> <span class='ocrx_word' id='word_1_226' title='bbox 873 2149 1040 2209; x_wconf 89' lang='lat' dir='ltr'>primus</span> <span class='ocrx_word' id='word_1_227' title='bbox 1075 2150 1266 2209; x_wconf 90' lang='lat' dir='ltr'>apertius</span> <span class='ocrx_word' id='word_1_228' title='bbox 1299 2164 1430 2193; x_wconf 89' lang='lat' dir='ltr'>ausus</span> <span class='ocrx_word' id='word_1_229' title='bbox 1463 2158 1527 2193; x_wconf 88' lang='lat' dir='ltr'>est</span> <span class='ocrx_word' id='word_1_230' title='bbox 1562 2147 1724 2203; x_wconf 92' lang='lat' dir='ltr'>dicere,</span> 
     </span>
     <span class='ocr_line' id='line_1_29' title="bbox 328 2219 1722 2282; baseline -0.001 -18"><span class='ocrx_word' id='word_1_231' title='bbox 328 2223 466 2265; x_wconf 91' lang='lat' dir='ltr'>Deum</span> <span class='ocrx_word' id='word_1_232' title='bbox 490 2236 623 2282; x_wconf 85' lang='lat' dir='ltr'>quem</span> <span class='ocrx_word' id='word_1_233' title='bbox 656 2237 760 2280; x_wconf 84' lang='lat' dir='ltr'>gens</span> <span class='ocrx_word' id='word_1_234' title='bbox 777 2221 925 2281; x_wconf 84' lang='lat' dir='ltr'>judaea</span> <span class='ocrx_word' id='word_1_235' title='bbox 947 2219 1100 2276; x_wconf 86' lang='lat' dir='ltr'>coluit,</span> <span class='ocrx_word' id='word_1_236' title='bbox 1126 2236 1216 2264; x_wconf 89' lang='lat' dir='ltr'>non</span> <span class='ocrx_word' id='word_1_237' title='bbox 1238 2219 1370 2264; x_wconf 86' lang='lat' dir='ltr'>fuisse</span> <span class='ocrx_word' id='word_1_238' title='bbox 1391 2235 1547 2265; x_wconf 90' lang='lat' dir='ltr'>verum</span> <span class='ocrx_word' id='word_1_239' title='bbox 1567 2222 1722 2264; x_wconf 88' lang='lat' dir='ltr'>Deum.</span> 
     </span>
     <span class='ocr_line' id='line_1_30' title="bbox 334 2290 1729 2352; baseline 0 -18"><span class='ocrx_word' id='word_1_240' title='bbox 334 2292 431 2335; x_wconf 89' lang='lat' dir='ltr'>Post</span> <span class='ocrx_word' id='word_1_241' title='bbox 452 2293 554 2336; x_wconf 89' lang='lat' dir='ltr'>istos</span> <span class='ocrx_word' id='word_1_242' title='bbox 574 2291 661 2336; x_wconf 91' lang='lat' dir='ltr'>fuit</span> <span class='ocrx_word' id='word_1_243' title='bbox 683 2290 863 2352; x_wconf 87' lang='lat' dir='ltr'>quidam</span> <span class='ocrx_word' id='word_1_244' title='bbox 885 2291 1016 2336; x_wconf 86' lang='lat' dir='ltr'>etiam</span> <span class='ocrx_word' id='word_1_245' title='bbox 1038 2293 1349 2350; x_wconf 85' lang='lat' dir='ltr'>Carpocrares,</span> <span class='ocrx_word' id='word_1_246' title='bbox 1381 2290 1458 2351; x_wconf 89' lang='lat' dir='ltr'>qui</span> <span class='ocrx_word' id='word_1_247' title='bbox 1479 2290 1653 2348; x_wconf 86' lang='lat' dir='ltr'>negavit</span> <span class='ocrx_word' id='word_1_248' title='bbox 1671 2290 1729 2334; x_wconf 91' lang='lat' dir='ltr'>is-</span> 
     </span>
     <span class='ocr_line' id='line_1_31' title="bbox 330 2361 1728 2422; baseline 0.001 -18"><span class='ocrx_word' id='word_1_249' title='bbox 330 2369 426 2404; x_wconf 87' lang='lat' dir='ltr'>tum</span> <span class='ocrx_word' id='word_1_250' title='bbox 441 2361 655 2408; x_wconf 86' lang='lat' dir='ltr'>visibilem</span> <span class='ocrx_word' id='word_1_251' title='bbox 678 2362 894 2408; x_wconf 89' lang='lat' dir='ltr'>mundum</span> <span class='ocrx_word' id='word_1_252' title='bbox 918 2379 941 2407; x_wconf 89' lang='lat' dir='ltr'>a</span> <span class='ocrx_word' id='word_1_253' title='bbox 958 2377 1130 2407; x_wconf 90' lang='lat' dir='ltr'>summo</span> <span class='ocrx_word' id='word_1_254' title='bbox 1151 2366 1239 2408; x_wconf 86' lang='lat' dir='ltr'>Deo</span> <span class='ocrx_word' id='word_1_255' title='bbox 1256 2372 1469 2417; x_wconf 87' lang='lat' dir='ltr'>creatum,</span> <span class='ocrx_word' id='word_1_256' title='bbox 1496 2362 1573 2406; x_wconf 92' lang='lat' dir='ltr'>sed</span> <span class='ocrx_word' id='word_1_257' title='bbox 1593 2378 1616 2406; x_wconf 89' lang='lat' dir='ltr'>a</span> <span class='ocrx_word' id='word_1_258' title='bbox 1634 2361 1728 2422; x_wconf 85' lang='lat' dir='ltr'>qui-</span> 
     </span>
     <span class='ocr_line' id='line_1_32' title="bbox 329 2431 1730 2492; baseline 0 -16"><span class='ocrx_word' id='word_1_259' title='bbox 329 2431 514 2477; x_wconf 81' lang='lat' dir='ltr'>busdam</span> <span class='ocrx_word' id='word_1_260' title='bbox 546 2435 779 2479; x_wconf 85' lang='lat' dir='ltr'>virtutibus</span> <span class='ocrx_word' id='word_1_261' title='bbox 811 2434 1131 2478; x_wconf 73' lang='lat' dir='ltr'>daemoniorum</span> <span class='ocrx_word' id='word_1_262' title='bbox 1168 2453 1177 2479; x_wconf 89' lang='lat'>:</span> <span class='ocrx_word' id='word_1_263' title='bbox 1209 2449 1371 2492; x_wconf 85' lang='lat' dir='ltr'>negans</span> <span class='ocrx_word' id='word_1_264' title='bbox 1406 2433 1538 2477; x_wconf 86' lang='lat' dir='ltr'>etiam</span> <span class='ocrx_word' id='word_1_265' title='bbox 1569 2436 1730 2491; x_wconf 86' lang='lat' dir='ltr'>Legem</span> 
     </span>
     <span class='ocr_line' id='line_1_33' title="bbox 331 2504 1730 2564; baseline -0.002 -13"><span class='ocrx_word' id='word_1_266' title='bbox 331 2518 433 2563; x_wconf 83' lang='lat' dir='ltr'>quae</span> <span class='ocrx_word' id='word_1_267' title='bbox 458 2518 536 2562; x_wconf 84' lang='lat' dir='ltr'>per</span> <span class='ocrx_word' id='word_1_268' title='bbox 557 2508 741 2563; x_wconf 88' lang='lat' dir='ltr'>Moysen</span> <span class='ocrx_word' id='word_1_269' title='bbox 762 2505 864 2551; x_wconf 86' lang='lat' dir='ltr'>data</span> <span class='ocrx_word' id='word_1_270' title='bbox 887 2513 976 2561; x_wconf 85' lang='lat' dir='ltr'>est,</span> <span class='ocrx_word' id='word_1_271' title='bbox 1007 2508 1147 2550; x_wconf 92' lang='lat' dir='ltr'>Deum</span> <span class='ocrx_word' id='word_1_272' title='bbox 1168 2504 1353 2550; x_wconf 85' lang='lat' dir='ltr'>dedisse.</span> <span class='ocrx_word' id='word_1_273' title='bbox 1379 2504 1555 2551; x_wconf 89' lang='lat' dir='ltr'>Cerdon</span> <span class='ocrx_word' id='word_1_274' title='bbox 1582 2513 1730 2564; x_wconf 89' lang='lat' dir='ltr'>postea</span> 
     </span>
    </p>
   </div>
   <div class='ocr_carea' id='block_1_3' title="bbox 383 2588 1729 2634">
    <p class='ocr_par' dir='ltr' id='par_1_5' title="bbox 383 2588 1729 2634">
     <span class='ocr_line' id='line_1_34' title="bbox 383 2588 1729 2634; baseline -0.002 -9"><span class='ocrx_word' id='word_1_275' title='bbox 383 2595 393 2611; x_wconf 85' lang='lat'>¹</span> <span class='ocrx_word' id='word_1_276' title='bbox 414 2589 527 2621; x_wconf 85' lang='lat' dir='ltr'>Matth.</span> <span class='ocrx_word' id='word_1_277' title='bbox 549 2599 617 2630; x_wconf 80' lang='lat' dir='ltr'>vm,</span> <span class='ocrx_word' id='word_1_278' title='bbox 634 2588 688 2622; x_wconf 85' lang='lat'>31·</span> <span class='ocrx_word' id='word_1_279' title='bbox 705 2605 745 2614; x_wconf 92' lang='lat'>—-</span> <span class='ocrx_word' id='word_1_280' title='bbox 758 2599 806 2627; x_wconf 82' lang='lat'>22</span> <span class='ocrx_word' id='word_1_281' title='bbox 824 2591 932 2626; x_wconf 85' lang='lat' dir='ltr'>Thess.</span> <span class='ocrx_word' id='word_1_282' title='bbox 953 2602 990 2633; x_wconf 87' lang='lat' dir='ltr'>n,</span> <span class='ocrx_word' id='word_1_283' title='bbox 1009 2591 1043 2634; x_wconf 79' lang='grc'>4.</span> <span class='ocrx_word' id='word_1_284' title='bbox 1058 2608 1100 2617; x_wconf 91' lang='lat'><em>-</em></span> <span class='ocrx_word' id='word_1_285' title='bbox 1114 2589 1130 2615; x_wconf 83' lang='lat'>³</span> <span class='ocrx_word' id='word_1_286' title='bbox 1151 2602 1164 2625; x_wconf 85' lang='lat'>1</span> <span class='ocrx_word' id='word_1_287' title='bbox 1183 2593 1277 2626; x_wconf 77' lang='lat' dir='ltr'>Joan.</span> <span class='ocrx_word' id='word_1_288' title='bbox 1298 2603 1336 2633; x_wconf 86' lang='lat'>11,</span> <span class='ocrx_word' id='word_1_289' title='bbox 1356 2591 1406 2624; x_wconf 87' lang='lat'>18.</span> <span class='ocrx_word' id='word_1_290' title='bbox 1420 2589 1481 2622; x_wconf 73' lang='lat'>—4</span> <span class='ocrx_word' id='word_1_291' title='bbox 1493 2592 1570 2625; x_wconf 79' lang='lat' dir='ltr'>Act.</span> <span class='ocrx_word' id='word_1_292' title='bbox 1588 2600 1658 2632; x_wconf 84' lang='lat' dir='ltr'>vm,</span> <span class='ocrx_word' id='word_1_293' title='bbox 1676 2589 1729 2623; x_wconf 86' lang='lat'>13.</span> 
     </span>
    </p>
   </div>
  </div>
 </body>
</html>
