1803 3250
335 185 418 225 274
758 193 792 222 s.
828 192 1058 224 Avensa-lm
1092 193 1274 223 Enscom

327 263 423 308 cula
458 269 624 304 naturae
654 259 800 318 ipsius,
836 274 935 320 quae
967 261 1013 304 in
1046 260 1161 304 illius
1194 260 1314 318 globi
1342 269 1508 308 aeterno
1540 265 1720 310 vinculo

325 331 573 390 configitur,
599 331 632 374 si
655 330 737 374 hoc
759 330 840 374 sibi
863 331 1089 375 imminere
1112 331 1348 387 nesciebat,
1385 333 1518 377 etiam
1547 335 1606 378 sic
1627 319 1742 381 erat*

321 404 369 447 in
397 410 553 446 natura
586 401 662 445 Dei
695 401 959 462 sempiterna
988 403 1255 461 ignorantia3
1288 403 1322 447 si
1353 412 1502 448 autem
1534 405 1718 462 sciebat,

320 474 582 533 sempiterna
599 473 768 518 miseria
788 509 799 529 ‚
825 473 942 518 unde
964 474 1047 519 hoc
1069 483 1239 518 tantum
1263 472 1444 530 malum,
1480 485 1720 536 antequam

325 544 467 588 ullum
498 545 554 588 de
588 553 718 604 gente
750 546 966 590 contraria
999 546 1254 590 misceretur
1285 545 1478 590 malum?
1510 549 1580 592 An
1608 546 1721 592 forte

324 631 477 675 magna
495 616 707 661 charitate
728 617 964 675 gaudebat,
981 620 1082 676 quia
1098 633 1176 675 per
1197 619 1290 677 eJ'us
1313 632 1491 676 poenam
1510 627 1721 678 perpetua

320 688 443 748 quies
462 687 629 732 caeteris
651 687 759 732 lucis
783 688 934 732 incolis
958 688 1226 746 parabatur?
1256 690 1349 732 Hoc
1368 702 1500 747 quam
1525 687 1645 732 nefas
1667 688 1723 732 sit

322 758 465 804 dicere
487 760 563 820 qui
584 759 719 814 videt,
745 760 1011 802 anathemet.
1036 757 1120 802 Sed
1137 758 1171 802 si
1190 759 1273 802 hoc
1290 757 1442 802 saltem
1459 760 1518 804 ita
1535 758 1717 815 faceret,

322 839 372 873 ut
390 830 479 889 ipsa
491 829 580 873 luci
594 829 766 872 inimica
790 843 880 872 non
897 828 1019 872 fieret
1038 837 1182 887 posset
1197 828 1379 874 fortasse
1400 845 1488 874 non
1505 839 1720 890 tanquam

319 900 396 944 Dei
418 908 596 954 natura,
629 899 705 943 sed
738 907 947 959 tanquam
981 899 1136 959 aliquis
1157 901 1290 945 homo
1312 900 1500 957 laudari,
1539 901 1616 961 qui
1641 916 1720 961 pro

318 971 457 1030 patria
485 986 562 1015 sua
590 969 723 1015 vellet
750 970 854 1015 mali
887 971 1052 1031 aliquid
1076 973 1182 1031 pati,
1208 971 1329 1032 quod
1351 972 1533 1032 quidem
1554 971 1723 1017 malum

316 1042 372 1088 ad
393 1052 567 1103 tempus
589 1051 733 1103 posset
750 1058 856 1099 esse,
883 1059 972 1088 nor-1
992 1043 1038 1087 in
1059 1053 1273 1088 aeternum
1293 1063 1303 1089 ς
1329 1059 1449 1088 nunc
1470 1059 1575 1090 vero
1598 1052 1643 1090 et
1665 1043 1724 1088 il-

314 1114 404 1160 lam
417 1115 464 1159 in
487 1114 619 1174 globo
640 1115 921 1160 tenebrarum
940 1111 1233 1160 confixionem
1251 1114 1406 1161 dicunt
1423 1124 1650 1169 aeternam,
1676 1123 1721 1160 et

318 1201 409 1231 non
430 1188 642 1247 cujusque
660 1187 736 1242 rei,
755 1186 831 1231 sed
850 1196 1018 1231 naturae
1036 1189 1135 1245 Dei3
1158 1196 1202 1232 et
1224 1189 1376 1248 utique
1398 1186 1721 1248 iniquissimum

318 1266 362 1303 et
383 1258 624 1303 execrabile
653 1267 697 1303 et
725 1258 1008 1303 ineffabiliter
1029 1259 1289 1319 sacrilegum
1313 1260 1525 1318 gaudium
1547 1267 1660 1314 erat,
1685 1258 1720 1302 si

319 1331 396 1374 Dei
413 1340 568 1374 natura
585 1329 802 1388 gaudebat
819 1346 863 1374 se
880 1330 1080 1375 tenebras
1097 1330 1373 1386 dilecturam,
1394 1339 1438 1374 et
1454 1330 1545 1374 luci
1560 1338 1720 1374 sanctae

319 1402 540 1446 inimicam
575 1400 785 1445 futuram.
822 1402 948 1445 Unde
973 1402 1056 1445 hoc
1086 1411 1174 1445 tam
1210 1401 1402 1444 immane
1424 1409 1467 1444 et
1489 1400 1721 1444 scelestum

320 1473 485 1517 malum
502 1508 514 1528 ,
550 1483 786 1532 antequam
828 1471 969 1516 ullum
995 1487 1046 1516 ex
1080 1481 1210 1531 gente
1232 1473 1448 1517 contraria
1471 1472 1724 1516 misceretur

321 1543 514 1588 malum?
543 1544 648 1597 Quis
684 1551 773 1587 tam
806 1557 1053 1602 perversam
1085 1551 1130 1587 et
1159 1552 1250 1588 tam
1277 1544 1456 1604 impiam
1474 1543 1586 1589 ferat
1606 1543 1723 1588 insa-

323 1617 439 1660 niam
451 1651 462 1671 ,
487 1613 659 1660 summo
681 1615 795 1659 malo
814 1615 1009 1660 tribuere
1025 1623 1146 1660 tanta
1165 1616 1299 1672 bona,
1320 1624 1364 1660 et
1380 1631 1553 1662 summo
1570 1617 1690 1661 bono
1707 1650 1719 1671 ,

323 1686 446 1747 quod
465 1690 575 1731 Deus
591 1695 670 1742 est,
691 1694 813 1732 tanta
829 1683 970 1730 mala?

382 1761 539 1804 XLIV.
576 1762 779 1804 Jamvero
813 1758 936 1819 quod
968 1758 1104 1817 ipsam
1139 1766 1309 1817 partem
1338 1766 1506 1802 naturae
1544 1757 1622 1801 Dei
1654 1755 1722 1802 di-

327 1840 433 1875 cunt
457 1830 621 1890 ubique·
644 1831 901 1890 permixtam
919 1829 966 1873 in
991 1827 1114 1873 coelis
1129 1863 1140 1883 ,
1167 1829 1211 1872 in
1234 1829 1379 1883 terris,
1405 1830 1487 1873 sub
1504 1828 1651 1883 terris,
1678 1828 1725 1872 in

327 1903 530 1947 omnibus
547 1903 819 1962 corporibus,
845 1900 966 1946 siccis
988 1909 1032 1944 et
1055 1899 1260 1955 humidis,
1287 1900 1333 1943 in
1354 1900 1558 1944 omnibus
1577 1899 1723 1944 carni·-

328 1975 427 2029 hus,
442 1976 486 2019 in
498 1975 702 2020 omnibus
715 1973 953 2019 seminibus
967 1973 1192 2027 arborum,
1203 1973 1439 2016 herbarum
1449 2007 1458 2024 ,
1471 1972 1720 2026 hominum,

329 2047 585 2091 animalium
607 2066 617 2091 ε
641 2061 730 2090 non
747 2045 944 2105 potentia
958 2044 1196 2089 divinitatis
1210 2045 1301 2087 sine
1323 2042 1411 2087 ullo
1429 2059 1543 2087 nexu
1560 2043 1724 2087 incoin-

328 2118 631 2179 quinabiliter,
655 2115 985 2171 inviolabiliter,
1016 2114 1406 2173 incorruptibiliter
1428 2114 1632 2158 omnibus
1654 2128 1725 2156 re⁴

328 2189 411 2234 bus
433 2189 789 2234 administrandis
810 2186 1099 2247 regendisque
1119 2195 1395 2246 praesentem,
1421 2185 1544 2245 quod
1565 2199 1645 2229 nos
1667 2184 1724 2228 de

330 2264 420 2306 ‘Deo
443 2260 654 2316 dicimus3
688 2259 764 2304 sed
795 2258 996 2319 ligatam,
1021 2272 1269 2318 oppressam
1285 2292 1296 2313 ,
1322 2255 1536 2316 pollutam
1553 2290 1565 2311 ,
1589 2268 1724 2315 quam

330 2332 464 2388 solvi,
490 2331 692 2388 liberari,
717 2330 981 2391 purgarique
1003 2329 1174 2385 dicunt,
1199 2342 1289 2373 non
1306 2328 1448 2373 solum
1467 2342 1543 2387 per
1557 2326 1724 2371 discur-

329 2412 425 2448 sum
443 2402 544 2448 solis
560 2411 604 2447 et
619 2401 737 2446 lunae
752 2436 764 2457 ,
787 2409 831 2446 et
845 2401 1028 2446 virtutes
1049 2398 1180 2454 lucis,
1203 2398 1487 2444 verumetiam
1504 2412 1581 2457 per
1595 2396 1722 2442 Elec-

329 2482 396 2521 tos
417 2487 516 2520 suos
544 2493 554 2520 x
580 2475 663 2520 hoc
687 2484 823 2534 genus
845 2470 1143 2517 nefandissimi
1165 2470 1318 2516 erroris
1341 2484 1473 2531 quam
1495 2466 1720 2527 sacrilegas

330 2552 376 2592 et
394 2544 672 2592 incredibiles
689 2541 987 2605 turpitudines
1007 2543 1068 2588 eis
1089 2541 1291 2599 suadeat,
1315 2539 1486 2587 etiamsi
1504 2551 1722 2600 norgper*
