1803 3250
367 226 449 268 400
807 242 837 266 s.
876 239 1104 268 Auens-nm
1138 242 1316 270 nlscom

368 325 385 344 »
414 305 542 348 homo
566 305 608 347 in
632 305 699 348 via
720 320 796 348 sua
819 306 993 364 erravit3
1018 316 1061 351 et
1083 307 1294 351 Dominus
1311 307 1491 351 tradidit
1505 324 1603 352 eum
1619 326 1748 370 prop-

368 396 382 410 »ι
409 383 472 417 tor
491 374 741 434 iniquitates
765 385 947 422 nostras.
973 381 1028 422 Et
1050 379 1140 437 ipse
1163 387 1341 438 propter
1358 380 1639 424 afflictionem
1658 397 1745 426 non

364 464 381 485 »ι
407 444 576 504 aperuit
597 461 644 490 os
666 465 674 491 :
700 447 812 492 sicut
834 449 925 493 ovis
942 449 996 493 ad
1019 450 1241 494 victimam
1265 450 1423 495 ductus
1444 461 1506 495 est
1523 487 1532 505 ,
1567 461 1610 496 et
1637 453 1747 496 sicut

363 535 380 556 n
402 532 539 575 agnus
559 533 705 562 coram
718 518 928 565 tondente
952 531 1098 565 mutus
1113 557 1122 575 ,
1149 522 1208 566 sic
1233 538 1321 566 non
1345 523 1514 582 aperuit
1531 538 1578 568 os
1599 539 1741 569 suum.

360 605 378 627 n
410 590 457 630 ln
476 587 944 650 humilitatejudicium
964 593 1055 652 ejus
1073 592 1294 637 sublatum
1310 604 1373 638 est
1392 613 1400 638 :
1424 595 1747 653 generationem

360 678 377 699 »
404 658 520 704 illius
537 661 634 721 quis
650 662 900 707 enarrabit?
922 665 1032 717 Quia
1050 664 1228 709 tolletur
1243 664 1298 709 de
1317 674 1427 709 terra
1446 666 1531 710 vita
1549 667 1657 727 ejus.
1679 667 1748 712 Ab

360 750 377 770 ν)
403 732 866 795 iniquitatibuspopuli
880 736 964 779 mei
979 736 1139 781 ductus
1155 747 1217 781 est
1237 738 1485 782 admortem
1500 740 1513 764 ¹
1535 757 1544 782 ε
1566 756 1586 780 »
1612 748 1748 784 etcae—

357 817 443 847 tera
453 820 550 864 quae
562 814 791 849 contexere
808 805 990 866 longum
1010 816 1088 851 est.
1106 808 1189 852 Ubi
1202 808 1331 852 etiam
1351 808 1406 853 de
1420 809 1610 854 Ecclesia
1627 819 1748 856 tanto

354 884 453 918 ante
473 875 733 934 przedictum
768 886 857 931 est,
892 876 1013 937 quod
1034 879 1089 922 ab
1112 877 1323 938 Apostolo
1344 879 1530 940 legimus
1556 896 1745 926 comme-

353 956 585 1002 moratum,
607 957 650 992 et
668 964 787 993 nunc
799 949 890 1008 jam
907 948 1105 994 videmus
1120 949 1351 1010 impletum
1365 954 1382 977 ²
1402 971 1411 996 ι
1442 971 1461 993 «
1480 955 1647 997 Laetare
1661 962 1748 998 ste-

354 1034 370 1056 =>
400 1017 486 1060 rilis
499 1034 597 1077 quae
617 1034 705 1064 non
718 1020 849 1079 paris,
867 1035 1049 1080 erumpe
1063 1030 1105 1065 et
1120 1020 1313 1066 exclama
1324 1038 1424 1083 quae
1437 1039 1527 1067 non
1539 1025 1743 1083 parturis,

355 1106 372 1127 υ
399 1088 501 1147 quia
523 1088 649 1134 multi
666 1083 749 1134 'filii
771 1090 953 1136 desertae
975 1092 1110 1151 magis
1128 1108 1261 1153 quam
1283 1095 1377 1154 ejus
1395 1110 1494 1153 quae
1517 1095 1651 1140 habet
1676 1096 1744 1140 vi·

354 1178 370 1199 »
400 1174 511 1203 rum.
531 1161 771 1206 Dixitenim
788 1163 1000 1208 Dominus
1022 1182 1030 1208 ε
1052 1165 1191 1209 Dilata
1208 1164 1354 1209 locum
1374 1165 1643 1210 tabernaculi
1660 1167 1739 1220 tui,

353 1250 371 1271 »
396 1239 438 1275 et
459 1232 699 1277 aulaeorum
723 1243 901 1279 tuorum
934 1255 941 1279 :
970 1236 1080 1295 fige,
1108 1252 1163 1280 ne
1185 1252 1334 1297 parcas
1352 1272 1363 1292 ,
1390 1239 1604 1297 protende
1621 1236 1743 1282 funi-

353 1323 370 1344 »
396 1303 517 1349 culos
533 1341 543 1359 ‚
568 1315 612 1350 et
639 1305 783 1352 clavos
812 1317 909 1352 tuos
930 1307 1160 1366 conforta3
1185 1308 1330 1353 adhuc
1353 1310 1398 1353 in
1431 1308 1594 1354 dextris
1617 1318 1660 1354 et
1682 1310 1741 1354 si-

352 1394 370 1416 »
395 1376 538 1421 nistris
572 1377 705 1423 dilata
743 1399 750 1423 :
784 1388 827 1424 et
858 1395 1004 1424 semen
1040 1390 1167 1424 tuum
1208 1381 1447 1440 possidebit
1480 1391 1629 1440 gentes
1650 1416 1660 1436 ‚
1703 1390 1747 1426 et

352 1466 370 1487 »
397 1447 589 1493 civitates
612 1448 800 1494 desertas
822 1450 1009 1495 habitari
1032 1450 1179 1496 facies.
1207 1451 1306 1497 Noli
1330 1452 1483 1496 timere
1508 1452 1611 1513 quia
1637 1467 1746 1498 con-

354 1536 372 1557 »
400 1517 491 1563 fusa
522 1535 587 1574 es,
625 1537 769 1580 neque
802 1522 1034 1566 reverearis
1069 1523 1172 1583 quia
1201 1522 1511 1582 exprobratum
1546 1523 1626 1567 tibi
1664 1533 1742 1569 est.

353 1608 371 1629 η
398 1590 712 1636 Confusionem
745 1593 860 1638 enim
889 1603 1098 1638 aeternam
1126 1593 1412 1650 oblivisceris,
1445 1604 1488 1639 et
1517 1596 1745 1655 opprobrii

352 1679 371 1701 »
398 1661 620 1709 viduitatis
639 1673 726 1709 tuae
750 1679 919 1709 memor
939 1680 1028 1709 non
1045 1664 1142 1709 eris,
1169 1665 1281 1719 Quia
1303 1666 1513 1710 Dominus
1536 1665 1613 1726 qui
1641 1665 1746 1711 fecit

356 1752 373 1773 »
401 1743 465 1789 te,
500 1737 709 1782 Dominus
743 1736 936 1782 Sabaoth
965 1752 1126 1782 nornen
1157 1737 1223 1795 εἰς
1255 1746 1299 1781 et
1331 1738 1407 1798 qui
1429 1736 1543 1781 eruit
1565 1745 1608 1781 te
1631 1739 1747 1782 Deus

352 1823 370 1845 »
398 1806 528 1852 lsrael
544 1842 554 1862 ,
579 1811 693 1853 Deus
709 1808 850 1853 omnis
868 1817 995 1853 terrae
1015 1808 1248 1854 vocabitur
1264 1810 1295 1853 ³.
1318 1827 1338 1850 »
1364 1808 1471 1862 Quis
1488 1817 1552 1853 est
1574 1808 1650 1869 qui
1677 1809 1746 1854 di-

349 1879 408 1921 xit
429 1897 439 1923 2
469 1897 489 1920 «
507 1878 722 1923 Videbam
740 1879 786 1923 in
806 1880 902 1925 visu
926 1880 1088 1936 noctis,
1115 1889 1159 1924 et
1176 1895 1277 1924 ecce
1299 1895 1401 1924 cum
1423 1880 1619 1924 nubibus
1644 1879 1745 1925 coeli

351 1968 370 1990 »
397 1959 446 1994 ut
467 1949 581 1995 filius
610 1951 797 1996 hominis
824 1961 916 1996 erat
947 1951 1124 1996 veniens
1141 1987 1151 2005 ‚
1190 1962 1233 1996 et
1266 1967 1406 2012 usque
1428 1951 1484 1996 ad
1508 1954 1741 1996 Vetustum

352 2039 370 2061 »
397 2020 567 2066 dierum
590 2023 789 2081 pervenit
804 2058 814 2078 ‚
840 2031 884 2067 et
915 2023 958 2067 in
980 2032 1217 2083 conspectu
1239 2024 1331 2084 ejus
1355 2022 1562 2083 praelatus
1583 2032 1673 2068 est:
1699 2032 1743 2068 et

354 2112 369 2133 υ
397 2092 478 2152 ipsi
500 2094 628 2139 datus
646 2104 712 2139 est
733 2095 1026 2155 principatus,
1052 2104 1096 2139 et
1114 2095 1273 2150 honor,
1298 2104 1342 2139 et
1361 2110 1570 2155 regnum3
1588 2104 1632 2140 et
1649 2109 1742 2140 om-

352 2182 369 2203 »
396 2179 470 2208 nes
490 2165 667 2225 populi,
693 2165 833 2210 tribus
851 2201 862 2221 ‚
896 2165 1058 2225 linguae
1086 2166 1166 2225 ipsi
1189 2166 1377 2211 servient
1403 2184 1414 2211 2
1439 2174 1629 2226 potestas
1652 2166 1743 2226 ejus

351 2251 370 2274 »
397 2244 584 2294 potestas
609 2245 819 2296 perpetua
836 2272 846 2292 ,
876 2252 976 2298 quae
998 2252 1088 2281 non
1110 2237 1342 2296 transibit3
1373 2246 1417 2281 et
1440 2251 1620 2296 regnum
1651 2237 1743 2296 ejus

352 2324 371 2347 »
397 2321 486 2351 non
499 2310 830 2368 corrumpetur4
845 2310 863 2353 Ρ
881 2327 901 2350 »
927 2311 1032 2353 Haec
1045 2318 1089 2353 et
1105 2308 1190 2353 alia
1207 2308 1346 2353 multa
1364 2317 1496 2369 atque
1510 2306 1742 2353 manifesta

347 2376 401 2420 de
423 2378 596 2424 Christo
617 2388 661 2423 et
683 2378 876 2425 Ecclesia
898 2380 1016 2424 unde
1034 2379 1242 2440 praedicta
1259 2390 1361 2425 sunt
1377 2416 1387 2435 ,
1412 2395 1514 2440 quae
1535 2380 1594 2425 sic
1616 2377 1742 2424 vide-

350 2462 445 2492 mus
467 2448 663 2509 impleta‚
686 2459 731 2496 et
750 2450 1094 2498 consonantibus
1112 2451 1385 2512 Evangelicis
1401 2460 1534 2512 atque
1554 2454 1745 2512 Aposto-

351 2517 445 2564 licis
466 2519 619 2565 litteris
641 2522 771 2568 etiam
793 2537 1016 2582 speramus
1029 2521 1269 2582 implenda,
1295 2523 1329 2567 si
1349 2523 1532 2583 Spiritus
1547 2522 1624 2567 Dei
1641 2530 1741 2567 ante

401 2612 409 2628 ¹
433 2606 669 2650 1saimn,4-8.
697 2623 736 2633 -
750 2616 763 2642 7
781 2609 848 2643 Gal.
870 2619 916 2651 tv,
934 2618 989 2651 27.
1026 2626 1053 2632 -
1070 2607 1082 2633 ³
1097 2610 1167 2642 lsai.
1190 2619 1254 2649 ιιν,
1274 2608 1305 2641 3.
1322 2625 1363 2632 -
1379 2607 1395 2638 4
1412 2611 1492 2642 Dan.
1518 2618 1580 2650 vn,
1604 2607 1723 2642 13-15.
