1803 3250
332 215 495 245 CONTRA
526 216 829 246 AnvERsAiunM
860 218 995 257 Lsseis,
1029 219 1112 247 ΜΒ.
1148 221 1197 247 11.
1378 206 1459 250 401

49 316 57 321 .
83 281 320 327 adventum
342 283 502 329 Christi
522 299 611 329 non
627 283 712 328 fuit
724 298 853 343 super
867 292 1025 330 terram
1043 305 1055 344 3
1078 286 1147 330 vel
1168 286 1203 331 si
1220 301 1243 331 a
1267 287 1462 347 Prophe-

82 351 136 396 tis
159 352 291 398 Israel
313 368 403 398 non
420 362 483 398 est
505 354 665 400 Christi
683 353 998 414 praenuntiatus
1016 356 1243 413 adventus,
1268 358 1379 403 sicut
1392 358 1463 403 hic

83 420 241 483 desipit
261 424 337 484 qui
360 424 582 470 Christum
606 422 808 484 negando
835 434 935 469 ante
956 426 1237 485 promissum,
1264 443 1354 473 non
1382 429 1464 474 ha-

82 491 157 538 bet
173 493 292 539 unde
308 503 466 540 asserat
479 495 658 540 missum
672 496 690 538 Ρ
712 497 768 539 Et
784 495 955 551 merito,
976 497 1075 557 quia
1091 497 1182 557 ipse
1200 514 1330 559 quem
1348 515 1461 560 prae-

80 563 197 610 dicat
216 600 227 622 ,
252 581 333 611 nec
354 566 505 611 missus
526 575 618 620 est,
643 581 723 612 nec
742 566 975 626 promissus
1003 586 1012 613 ε
1045 583 1171 614 verus
1189 570 1351 630 quippe
1374 587 1464 617 non

81 645 180 691 est,
214 635 289 680 sed
310 636 452 682 fictus.

139 709 265 752 XIII.
291 709 388 753 Jam
408 707 521 753 illud
543 723 633 753 non
665 708 820 763 miror,
852 708 973 768 quod
993 708 1125 754 homo
1147 710 1389 756 ineruditus
1412 714 1466 757 de

81 778 307 838 Prophetis
341 778 597 824 Judaeorum
626 779 839 824 existimat
869 779 1038 824 dictum
1057 815 1067 835 ,
1104 781 1226 841 quod
1246 781 1305 825 ait
1327 786 1465 841 Apos-

80 848 195 894 tolus
217 869 226 894 :
256 869 277 893 «
297 850 410 895 Dixit
426 849 605 912 quidam
632 866 682 895 ex
702 850 803 911 ipsis
825 851 1026 911 proprius
1048 866 1201 896 eorum
1223 855 1435 913 propheta
1455 874 1464 900 :

85 942 102 963 »
128 923 353 967 Cretenses
370 938 538 983 semper
552 923 799 979 mendaces,
816 922 940 968 malae
958 923 1127 979 bestiae,
1146 933 1317 970 ventres
1331 926 1440 986 pigri
1456 948 1467 985 3

83 1010 102 1032 »
128 993 424 1038 testimonium
441 995 526 1040 hoc
544 1009 697 1039 verum
715 1003 779 1039 est
794 996 805 1019 ¹
825 1013 834 1039 :
860 1012 879 1035 »
904 994 1109 1053 ignorans
1124 994 1292 1040 dictum
1307 1011 1396 1040 esse
1414 997 1468 1042 de

79 1063 271 1124 quodam
303 1065 583 1126 Epimenide,
619 1065 695 1127 qui
733 1067 949 1111 Cretensis
983 1065 1094 1121 fuit,
1129 1067 1175 1110 in
1203 1069 1325 1127 cujus
1349 1068 1469 1113 libris

81 1135 164 1180 hoc
182 1135 431 1194 invenitur,
455 1137 532 1197 qui
552 1137 685 1182 homo
707 1137 819 1181 inter
837 1137 1076 1195 Prophetas
1099 1137 1176 1181 Dei
1192 1153 1282 1182 non
1302 1139 1469 1183 inveni-

79 1216 173 1262 tur,
204 1223 285 1252 nec
307 1207 363 1252 ad
383 1206 456 1252 illa
481 1207 654 1268 eloquia
688 1209 766 1252 Dei
796 1208 1013 1268 pertinet,
1040 1223 1141 1268 quae
1174 1209 1339 1254 Judaeis
1369 1210 1474 1255 dicit

79 1276 259 1333 credita,
279 1278 356 1338 qui
377 1293 466 1323 non
482 1278 711 1322 mentitur.
732 1277 837 1323 Ideo
851 1293 941 1322 non
956 1280 1311 1325 commemoravit
1327 1284 1469 1341 Apos-

79 1348 194 1393 tolus
214 1363 374 1393 nomen
394 1350 486 1408 ejus
503 1366 514 1394 z
535 1349 646 1393 sicut
661 1348 769 1393 solet
786 1363 1126 1394 commemorare
1142 1352 1377 1410 Prophetas
1391 1352 1469 1396 Dei

78 1418 316 1480 aliquando
345 1418 492 1463 dicens
519 1438 527 1463 :
558 1419 719 1464 «Sicut
748 1428 791 1464 et
821 1419 960 1464 David
991 1419 1128 1464 dicit:
1159 1423 1292 1465 Isaias
1324 1431 1467 1467 autem

81 1509 101 1532 »
128 1491 262 1536 audet
282 1500 326 1535 et
347 1490 454 1536 dicit
474 1510 483 1536 ε
512 1491 632 1536 Sicut
650 1499 692 1535 et
710 1491 820 1535 Osee
841 1489 971 1535 dicit2
994 1510 1002 1534 :
1025 1510 1043 1531 >›
1069 1490 1139 1535 vel
1160 1492 1299 1537 tacitis
1315 1508 1465 1538 eorum

77 1562 343 1617 nominibus,
363 1577 464 1606 cum
484 1561 588 1606 dicit
610 1581 619 1606 :
648 1580 666 1604 «
690 1562 808 1606 Sicut
823 1561 1033 1620 scriptum
1048 1570 1136 1619 est3
1157 1580 1176 1603 »
1198 1572 1240 1606 et
1261 1578 1309 1607 ea
1324 1565 1466 1623 Scrip-

77 1642 175 1678 tura
194 1632 475 1693 intelligitur,
499 1633 545 1677 in
564 1648 651 1693 qua
671 1642 735 1677 est
756 1633 989 1677 auctoritas
1012 1632 1089 1676 Dei
1110 1652 1118 1676 :
1145 1643 1220 1678 aut
1242 1633 1465 1679 evidenter

76 1708 215 1749 Deum
245 1704 391 1750 dicere
423 1705 597 1759 asserit,
629 1718 730 1748 cum
763 1701 941 1763 aliquod
965 1702 1143 1747 adhibet
1165 1704 1464 1749 testimonium

75 1777 130 1820 de
155 1778 270 1835 Lege
292 1774 360 1820 vel
384 1775 611 1834 Prophetis
628 1774 727 1828 Dei,
755 1772 883 1833 quale
905 1782 968 1817 est
990 1773 1101 1817 illud
1125 1793 1132 1818 :
1163 1794 1182 1817 «
1203 1776 1310 1820 Bovi
1332 1776 1462 1820 tritu-

77 1867 95 1889 »
121 1847 234 1891 ranti
251 1862 296 1891 os
309 1862 398 1891 non
412 1844 689 1890 infrenabis?
704 1844 915 1903 Nunquid
932 1844 986 1888 de
1001 1844 1159 1899 bobus,
1180 1845 1342 1907 inquit,
1359 1863 1461 1892 cura

75 1936 95 1959 »
123 1926 187 1962 est
207 1919 330 1962 Deo?
351 1920 421 1962 An
438 1925 616 1976 propter
643 1930 720 1959 nos
745 1914 967 1973 Scriptura
989 1914 1095 1959 dicit
1110 1917 1156 1957 ⁴?
1177 1933 1197 1957 »
1231 1918 1463 1963 ostendens

73 1989 222 2049 utique
243 1989 289 2032 in
311 1987 462 2043 eadem
488 1987 707 2046 Scriptura
729 1988 868 2029 Deum
885 1984 1024 2045 loqui.
1049 1985 1130 2029 Vel
1150 1985 1261 2031 illud
1279 2006 1289 2033 2
1315 2007 1336 2030 «
1353 1992 1460 2034 Pro-

75 2079 95 2102 »
120 2060 272 2105 videns
294 2068 440 2103 autem
466 2059 711 2117 Scriptura,
749 2056 852 2116 quia
881 2071 934 2100 ex
962 2056 1050 2100 fide
1069 2056 1279 2116 justificat
1312 2069 1460 2117 gentes

72 2149 92 2174 »
118 2134 232 2176 Deus
245 2165 256 2185 ,
284 2128 593 2190 praenuntiavit
613 2127 802 2172 Abrahae
824 2126 971 2171 dicens
990 2145 1000 2171 :
1028 2129 1081 2170 In
1102 2129 1266 2173 semine
1284 2138 1360 2174 tuo
1375 2131 1455 2176 be-

73 2221 94 2245 »
119 2201 379 2247 nedicentur
395 2215 545 2246 omnes
566 2207 713 2258 gentes
727 2201 758 2243 ⁵.
779 2217 798 2240 »
824 2201 966 2258 Ipsam
986 2198 1253 2258 Scripturam
1272 2216 1350 2261 pro
1369 2206 1458 2247 Deo

68 2274 241 2334 posuit,
272 2273 375 2333 quia
398 2271 475 2316 Dei
507 2279 585 2316 est.
612 2269 692 2314 Vel
720 2269 831 2314 illud
853 2269 908 2313 de
935 2269 1156 2314 Abraham
1184 2289 1193 2315 ε
1223 2289 1243 2313 «
1273 2274 1324 2316 In
1355 2288 1455 2333 pro—

72 2363 92 2387 »
116 2344 340 2400 missione,
364 2343 510 2403 inquit
528 2377 539 2397 ‚
566 2341 644 2386 Del
670 2357 760 2385 non
778 2340 992 2385 haesitavit
1019 2340 1322 2387 incredulitate
1337 2379 1348 2399 ,
1380 2346 1455 2389 sed

71 2434 92 2457 »
117 2415 388 2462 confortatus
409 2421 473 2458 est
499 2412 587 2457 fide
605 2447 616 2467 ,
651 2411 759 2456 dans
783 2411 966 2471 gloriam
990 2414 1102 2467 Deo,
1137 2422 1180 2457 et
1210 2412 1456 2472 plenissime

88 2538 93 2544 ·
117 2526 123 2540 ¹
144 2519 205 2550 Tit.
229 2529 252 2558 ι,
272 2525 321 2549 12.
336 2533 376 2539 —
392 2523 404 2538 ²
429 2527 442 2547 1
461 2517 551 2548 Rom.
573 2512 675 2555 1v,*6;
702 2526 734 2555 x,
757 2523 883 2555 1031x‚
905 2513 958 2546 25.
977 2531 1016 2537 —-
1033 2512 1047 2536 3
1065 2518 1160 2548 Deut.
1186 2525 1260 2557 xxv,
1279 2519 1320 2558 45
1346 2530 1355 2549 1
1379 2521 1451 2551 Cor.

69 2586 114 2616 u,
133 2586 167 2618 9.
181 2572 249 2603 -4
265 2572 334 2606 Gal.
356 2581 405 2613 m,
425 2572 457 2604 8.
475 2588 515 2595 —-
531 2569 546 2595 5
565 2573 644 2605 Gen.
665 2581 744 2613 xxii,
768 2581 819 2612 17.

281 2637 469 2669 cxxxvi.
1213 2625 1266 2667 26
