1803 3250
345 223 426 263 448
781 233 813 259 s.
848 233 1079 263 Anausnm
1113 236 1293 264 EPIScom

339 299 459 359 quod
482 298 695 357 promittit
720 299 940 358 Scriptura
972 315 1092 360 spem
1123 310 1315 346 nostram
1342 300 1522 345 tendere
1545 301 1729 347 debere·

342 386 452 414 mus.
482 372 535 413 Et
561 370 594 413 si
622 369 725 414 inde
747 385 936 416 essemus
963 373 1007 416 in
1030 372 1198 433 aliquid
1221 372 1372 417 melius
1410 372 1724 429 transferendi,

342 441 482 485 multo
511 441 811 486 rationabilius
839 443 922 488 hoc
953 445 1164 504 tuncjam
1194 444 1256 488 ibi
1285 444 1413 504 positi
1439 444 1727 500 disceremus,

341 527 472 572 quam
492 528 618 557 >nunc
641 529 730 559 non
756 514 895 560 solum
921 525 1082 561 temere
1112 516 1388 561 crederemus
1410 552 1420 572 ,
1444 517 1730 562 verumetiam

342 584 619 643 impudenter
651 584 808 630 docere
843 602 1117 633 conaremur.
1146 587 1263 642 Quid
1300 596 1363 632 est
1398 596 1544 632 autem
1579 587 1733 632 absur-

341 653 438 699 dius
460 670 593 715 quam
615 655 775 712 dicere,
795 657 969 703 Coclum
992 669 1035 703 et
1052 669 1164 704 terra
1188 674 1278 704 non
1297 668 1461 715 essent,
1482 659 1563 704 nisi
1581 674 1732 703 neces-

341 726 450 770 saria
473 735 582 771 esset
605 728 760 772 mundi
785 738 1002 774 structura
1025 729 1290 789 purgandis:
1311 745 1412 774 cum
1435 729 1621 773 alterum
1643 745 1734 774 coe-

341 796 431 840 lum
457 806 500 841 et
516 797 694 842 alteram
714 808 870 843 terram
894 800 1120 858 promittat
1143 799 1367 860 Scriptura
1388 800 1616 860 purgatis?

401 870 479 911 xl.
519 871 651 913 Porro
675 868 730 912 de
751 869 840 913 sole
872 879 915 914 et
942 869 1045 914 luna
1069 871 1324 931 caeterisque
1352 870 1589 927 sideribus,
1614 871 1736 931 quod

341 937 537 982 coelestia
567 938 652 981 sint
688 954 870 998 corpora
896 940 1118 1000 videmus3
1149 942 1271 1002 quod
1306 942 1495 987 animata
1529 942 1615 986 sint
1647 956 1735 986 non

340 1007 554 1053 videmus.
581 1011 642 1053 De
663 1008 819 1055 divinis
839 1010 922 1056 hoc
945 1011 1064 1056 libris
1081 1011 1276 1071 legatur,
1301 1022 1345 1057 et
1365 1012 1599 1058 credimus.
1627 1014 1737 1058 Nam

341 1080 638 1125 testimonium
663 1097 714 1125 ex
738 1082 935 1142 Apostoli
962 1083 1156 1143 Epistola
1185 1085 1306 1144 quod
1332 1085 1386 1129 ab
1410 1085 1469 1129 eis
1492 1084 1578 1129 dici
1599 1083 1738 1128 solere

341 1151 546 1209 posuisti,
578 1152 708 1196 etiam
739 1153 794 1198 de
816 1154 914 1199 solis
942 1155 1196 1199 hominibus
1218 1154 1400 1214 intelligi
1429 1165 1600 1215 potest,
1624 1170 1738 1215 quo-

342 1223 456 1266 niam
481 1222 527 1266 in
550 1238 819 1284 unoquoque
841 1226 1018 1270 homine
1041 1235 1105 1271 est
1122 1227 1262 1271 omnis
1284 1235 1506 1283 creatura,
1527 1242 1617 1271 non
1639 1226 1739 1270 uni-

342 1292 563 1338 versaliter
592 1296 702 1339 sicut
734 1305 798 1340 est
824 1295 986 1341 coelum
1018 1306 1061 1341 et
1089 1306 1203 1342 terra
1232 1306 1276 1342 et
1301 1296 1448 1342 omnia
1477 1312 1578 1357 quae
1601 1297 1647 1340 in
1679 1296 1738 1340 eis

342 1374 468 1420 sunt,
494 1365 570 1410 sed
593 1368 829 1426 generatim
852 1368 1045 1428 quodam
1068 1370 1201 1413 modo
1223 1385 1235 1412 .·
1258 1369 1360 1429 quia
1381 1378 1425 1412 et
1448 1367 1670 1413 rationalis
1693 1368 1736 1412 in

343 1435 418 1481 illo
438 1447 529 1492 est,
560 1454 690 1497 quam
717 1440 785 1482 vel
807 1440 1049 1498 probantur
1072 1441 1235 1484 habere
1258 1440 1432 1500 Angeli,
1456 1440 1526 1484 vel
1544 1439 1737 1484 credun-

346 1515 438 1564 tur,
461 1517 520 1561 et,
548 1517 595 1550 ut
613 1509 671 1552 ita
695 1507 858 1564 dicam,
877 1509 1101 1565 sensualis,
1127 1526 1214 1570 qua
1231 1520 1275 1555 et
1297 1511 1445 1555 bestiae
1459 1526 1549 1555 non
1566 1519 1735 1567 carent,

343 1586 531 1621 utuntur
549 1578 665 1622 enim
689 1588 730 1623 et
749 1579 945 1624 sensibus
964 1589 1007 1623 et
1030 1580 1301 1625 sensualibus
1319 1581 1509 1626 motibus
1531 1579 1587 1625 ad
1607 1596 1738 1640 appo-

343 1648 472 1691 tenda
492 1649 613 1693 utilia
637 1659 679 1694 et
700 1649 879 1694 vitanda
900 1651 1116 1695 contraria
1135 1672 1146 1708 3
1167 1660 1210 1695 et
1229 1651 1369 1696 vitalis
1390 1652 1558 1712 privata
1581 1667 1709 1696 sensu
1724 1687 1734 1704 ,

343 1717 481 1779 qualis
506 1720 672 1764 adverti
701 1722 746 1765 in
773 1721 1000 1766 arboribus
1029 1730 1197 1781 potest3
1232 1737 1334 1767 nam
1357 1731 1400 1766 et
1427 1723 1473 1766 in
1497 1723 1622 1767 nobis
1648 1723 1738 1767 sinc

343 1806 470 1835 sensu
486 1801 633 1837 nostro
661 1793 774 1836 fiunt
792 1794 986 1853 corporis
1010 1794 1295 1849 incrementa,
1316 1803 1359 1837 et
1373 1792 1518 1853 capilli
1535 1809 1615 1838 nec
1637 1809 1738 1838 cum

345 1862 645 1921 praeciduntur
679 1864 897 1919 sentiunt,
925 1874 968 1908 et
999 1873 1145 1908 tamen
1174 1873 1389 1908 crescunt.
1423 1867 1626 1909 Jamvero
1648 1865 1739 1924 ipsa

345 1933 579 1992 corporalis
605 1944 800 1978 creatura
821 1935 1064 1979 evidentius
1084 1944 1262 1994 apparet
1286 1935 1330 1978 in
1354 1935 1497 1989 nobis,
1520 1934 1739 1994 quaelicet

347 2022 397 2050 ex
422 2015 533 2049 terra
557 2004 669 2051 facta
692 2016 823 2066 atque
842 2006 1024 2051 formata
1043 2007 1118 2060 sit,
1139 2007 1290 2050 insunt
1314 2018 1459 2050 tamen
1477 2006 1541 2050 illi
1565 2022 1616 2051 ex
1641 2023 1738 2052 om-

348 2077 474 2121 nibus
498 2078 628 2137 hujus
650 2078 845 2136 corporei
869 2078 1022 2120 mundi
1045 2077 1270 2120 elementis
1288 2077 1491 2136 quaedam
1515 2078 1739 2136 particulae

347 2148 401 2191 ad
424 2149 677 2208 temperiem
708 2147 982 2193 valetudinis.
1012 2150 1120 2193 Nam
1148 2157 1191 2192 et
1216 2147 1359 2192 calore
1390 2148 1586 2193 membra
1608 2164 1739 2208 vege-

348 2229 511 2274 tantur,
533 2220 607 2279 qui
623 2230 686 2263 est
703 2220 758 2263 ab
776 2220 892 2276 igne,
917 2219 1040 2278 cujus
1059 2220 1189 2263 etiam
1203 2219 1278 2263 lux
1293 2235 1370 2279 per
1385 2219 1533 2264 oculos
1552 2220 1736 2279 emicat,

348 2299 392 2333 et
419 2293 516 2334 aere
539 2305 750 2335 venarum
781 2288 1025 2344 discursus,
1051 2305 1159 2350 quas
1185 2290 1360 2334 arterias
1390 2299 1573 2346 vocant,
1607 2300 1739 2352 atque

349 2360 610 2419 spiramenta
648 2360 870 2421 pulmonis
904 2359 1171 2420 implentur,
1216 2369 1257 2405 et
1289 2361 1448 2406 humor
1485 2363 1565 2407 nisi
1598 2371 1734 2417 esset,

349 2431 468 2475 nulla
502 2441 776 2491 sputamenta
810 2431 1110 2487 confluerent,
1139 2432 1359 2492 vitamque
1382 2433 1628 2477 absumeret
1653 2434 1737 2477 sic-

348 2503 469 2547 citas.
503 2505 611 2548 Nam
639 2512 683 2547 et
703 2503 794 2562 ipse
821 2503 994 2562 sanguis
1028 2503 1210 2547 humido
1231 2503 1357 2562 lapsu
1386 2503 1488 2548 alias
1516 2519 1646 2548 venas
1667 2519 1736 2547 re-

354 2573 474 2631 plens
495 2607 506 2628 ,
539 2574 663 2633 quasi
693 2573 795 2619 rivis
826 2582 869 2617 et
900 2573 1151 2618 fluminibus
1184 2589 1261 2634 per
1287 2588 1424 2619 cunca
1452 2573 1731 2619 diffunditur.
