<?xml version="1.0" encoding="UTF-8"?>
<!DOCTYPE html PUBLIC "-//W3C//DTD XHTML 1.0 Transitional//EN"
    "http://www.w3.org/TR/xhtml1/DTD/xhtml1-transitional.dtd">
<html xmlns="http://www.w3.org/1999/xhtml" xml:lang="en" lang="en">
 <head>
  <title>
</title>
<meta http-equiv="Content-Type" content="text/html;charset=utf-8" />
  <meta name='ocr-system' content='tesseract 3.04.00' />
  <meta name='ocr-capabilities' content='ocr_page ocr_carea ocr_par ocr_line ocrx_word'/>
</head>
<body>
  <div class='ocr_page' id='page_1' title='image "./operaomniaaccura29auguuoft/operaomniaaccura29auguuoft_0062.png"; bbox 0 0 1803 3250; ppageno 0'>
   <div class='ocr_carea' id='block_1_1' title="bbox 325 190 1721 2529">
    <p class='ocr_par' dir='ltr' id='par_1_1' title="bbox 338 190 1277 224">
     <span class='ocr_line' id='line_1_1' title="bbox 338 190 1277 224; baseline -0.001 -3"><span class='ocrx_word' id='word_1_1' title='bbox 338 190 388 223; x_wconf 60' lang='lat' dir='ltr'>Iu!</span> <span class='ocrx_word' id='word_1_2' title='bbox 767 197 798 221; x_wconf 79' lang='lat' dir='ltr'>s.</span> <span class='ocrx_word' id='word_1_3' title='bbox 837 197 1065 224; x_wconf 65' lang='lat' dir='ltr'>Accessum</span> <span class='ocrx_word' id='word_1_4' title='bbox 1102 196 1277 223; x_wconf 59' lang='lat' dir='ltr'>liviscor}</span> 
     </span>
    </p>

    <p class='ocr_par' dir='ltr' id='par_1_2' title="bbox 325 262 1721 2529">
     <span class='ocr_line' id='line_1_2' title="bbox 331 262 1715 320; baseline -0.001 -14"><span class='ocrx_word' id='word_1_5' title='bbox 331 262 691 320; x_wconf 65' lang='lat' dir='ltr'>roricupisccntiae.</span> <span class='ocrx_word' id='word_1_6' title='bbox 725 276 811 305; x_wconf 87' lang='lat' dir='ltr'>non</span> <span class='ocrx_word' id='word_1_7' title='bbox 834 262 1011 320; x_wconf 63' lang='lat' dir='ltr'>justitia}</span> <span class='ocrx_word' id='word_1_8' title='bbox 1033 277 1179 306; x_wconf 82' lang='lat' dir='ltr'>servus</span> <span class='ocrx_word' id='word_1_9' title='bbox 1203 269 1336 315; x_wconf 76' lang='lat' dir='ltr'>essct,</span> <span class='ocrx_word' id='word_1_10' title='bbox 1363 275 1507 304; x_wconf 86' lang='lat' dir='ltr'>nonne</span> <span class='ocrx_word' id='word_1_11' title='bbox 1542 275 1617 320; x_wconf 84' lang='lat' dir='ltr'>per</span> <span class='ocrx_word' id='word_1_12' title='bbox 1650 270 1715 305; x_wconf 90' lang='lat' dir='ltr'>to-</span> 
     </span>
     <span class='ocr_line' id='line_1_3' title="bbox 335 330 1717 391; baseline 0 -16"><span class='ocrx_word' id='word_1_13' title='bbox 335 341 426 375; x_wconf 85' lang='lat' dir='ltr'>tum</span> <span class='ocrx_word' id='word_1_14' title='bbox 453 332 567 374; x_wconf 88' lang='lat' dir='ltr'>diem</span> <span class='ocrx_word' id='word_1_15' title='bbox 592 331 637 374; x_wconf 89' lang='lat' dir='ltr'>in</span> <span class='ocrx_word' id='word_1_16' title='bbox 660 330 929 391; x_wconf 88' lang='lat' dir='ltr'>voluptatem</span> <span class='ocrx_word' id='word_1_17' title='bbox 952 331 1067 377; x_wconf 85' lang='lat' dir='ltr'>illius</span> <span class='ocrx_word' id='word_1_18' title='bbox 1096 332 1234 377; x_wconf 88' lang='lat' dir='ltr'>noctis</span> <span class='ocrx_word' id='word_1_19' title='bbox 1257 339 1485 384; x_wconf 76' lang='lat' dir='ltr'>aestuaret,</span> <span class='ocrx_word' id='word_1_20' title='bbox 1517 347 1603 391; x_wconf 84' lang='lat' dir='ltr'>qua</span> <span class='ocrx_word' id='word_1_21' title='bbox 1625 340 1717 375; x_wconf 84' lang='lat' dir='ltr'>erat</span> 
     </span>
     <span class='ocr_line' id='line_1_4' title="bbox 330 400 1712 463; baseline -0.001 -17"><span class='ocrx_word' id='word_1_22' title='bbox 330 416 431 446; x_wconf 86' lang='lat' dir='ltr'>cum</span> <span class='ocrx_word' id='word_1_23' title='bbox 456 400 701 459; x_wconf 80' lang='lat' dir='ltr'>pulchriore</span> <span class='ocrx_word' id='word_1_24' title='bbox 723 402 950 448; x_wconf 90' lang='lat' dir='ltr'>cubiturus</span> <span class='ocrx_word' id='word_1_25' title='bbox 972 422 979 447; x_wconf 92' lang='lat'>:</span> <span class='ocrx_word' id='word_1_26' title='bbox 1002 418 1132 463; x_wconf 84' lang='lat' dir='ltr'>quam</span> <span class='ocrx_word' id='word_1_27' title='bbox 1152 410 1266 447; x_wconf 86' lang='lat' dir='ltr'>certe</span> <span class='ocrx_word' id='word_1_28' title='bbox 1284 401 1468 461; x_wconf 90' lang='lat' dir='ltr'>amplius</span> <span class='ocrx_word' id='word_1_29' title='bbox 1486 400 1712 461; x_wconf 80' lang='lat' dir='ltr'>diligebat,</span> 
     </span>
     <span class='ocr_line' id='line_1_5' title="bbox 332 472 1718 532; baseline 0.001 -17"><span class='ocrx_word' id='word_1_30' title='bbox 332 481 374 515; x_wconf 73' lang='lat' dir='ltr'>et</span> <span class='ocrx_word' id='word_1_31' title='bbox 397 487 475 530; x_wconf 88' lang='lat' dir='ltr'>pro</span> <span class='ocrx_word' id='word_1_32' title='bbox 497 487 584 532; x_wconf 88' lang='lat' dir='ltr'>qua</span> <span class='ocrx_word' id='word_1_33' title='bbox 610 472 671 517; x_wconf 92' lang='lat' dir='ltr'>bis</span> <span class='ocrx_word' id='word_1_34' title='bbox 695 474 990 532; x_wconf 88' lang='lat' dir='ltr'>septenarium</span> <span class='ocrx_word' id='word_1_35' title='bbox 1018 489 1232 519; x_wconf 87' lang='lat' dir='ltr'>annorum</span> <span class='ocrx_word' id='word_1_36' title='bbox 1263 473 1455 518; x_wconf 88' lang='lat' dir='ltr'>laborem</span> <span class='ocrx_word' id='word_1_37' title='bbox 1480 472 1718 531; x_wconf 83' lang='lat' dir='ltr'>gratuitum</span> 
     </span>
     <span class='ocr_line' id='line_1_6' title="bbox 334 542 1720 605; baseline 0.001 -18"><span class='ocrx_word' id='word_1_38' title='bbox 334 542 609 602; x_wconf 77' lang='lat' dir='ltr'>penderat¹P</span> <span class='ocrx_word' id='word_1_39' title='bbox 644 545 754 589; x_wconf 90' lang='lat' dir='ltr'>Cum</span> <span class='ocrx_word' id='word_1_40' title='bbox 790 560 892 604; x_wconf 83' lang='lat' dir='ltr'>ergo</span> <span class='ocrx_word' id='word_1_41' title='bbox 923 546 1009 605; x_wconf 88' lang='lat' dir='ltr'>jam</span> <span class='ocrx_word' id='word_1_42' title='bbox 1043 545 1113 589; x_wconf 90' lang='lat' dir='ltr'>die</span> <span class='ocrx_word' id='word_1_43' title='bbox 1142 554 1316 605; x_wconf 88' lang='lat' dir='ltr'>peracto</span> <span class='ocrx_word' id='word_1_44' title='bbox 1345 544 1391 588; x_wconf 92' lang='lat' dir='ltr'>in</span> <span class='ocrx_word' id='word_1_45' title='bbox 1413 546 1503 604; x_wconf 88' lang='lat' dir='ltr'>ejus</span> <span class='ocrx_word' id='word_1_46' title='bbox 1526 543 1606 587; x_wconf 90' lang='lat' dir='ltr'>iret</span> <span class='ocrx_word' id='word_1_47' title='bbox 1627 558 1720 588; x_wconf 90' lang='lat' dir='ltr'>am-</span> 
     </span>
     <span class='ocr_line' id='line_1_7' title="bbox 335 613 1719 676; baseline -0.001 -17"><span class='ocrx_word' id='word_1_48' title='bbox 335 613 484 674; x_wconf 79' lang='lat' dir='ltr'>plexus</span> <span class='ocrx_word' id='word_1_49' title='bbox 499 650 509 670; x_wconf 88' lang='lat'><strong>‚</strong></span> <span class='ocrx_word' id='word_1_50' title='bbox 547 614 725 676; x_wconf 79' lang='lat' dir='ltr'>quando</span> <span class='ocrx_word' id='word_1_51' title='bbox 761 615 863 660; x_wconf 90' lang='lat' dir='ltr'>inde</span> <span class='ocrx_word' id='word_1_52' title='bbox 891 624 1156 660; x_wconf 86' lang='lat' dir='ltr'>averteretur</span> <span class='ocrx_word' id='word_1_53' title='bbox 1171 651 1182 670; x_wconf 85' lang='lat'>,</span> <span class='ocrx_word' id='word_1_54' title='bbox 1214 616 1247 660; x_wconf 92' lang='lat' dir='ltr'>si</span> <span class='ocrx_word' id='word_1_55' title='bbox 1270 614 1365 659; x_wconf 90' lang='lat' dir='ltr'>talis</span> <span class='ocrx_word' id='word_1_56' title='bbox 1388 623 1521 669; x_wconf 79' lang='lat' dir='ltr'>esset,</span> <span class='ocrx_word' id='word_1_57' title='bbox 1545 613 1719 674; x_wconf 84' lang='lat' dir='ltr'>qualem</span> 
     </span>
     <span class='ocr_line' id='line_1_8' title="bbox 329 685 1721 747; baseline -0.001 -16"><span class='ocrx_word' id='word_1_58' title='bbox 329 688 559 732; x_wconf 82' lang='lat' dir='ltr'>Manichaei</span> <span class='ocrx_word' id='word_1_59' title='bbox 597 687 707 731; x_wconf 87' lang='lat' dir='ltr'>nihil</span> <span class='ocrx_word' id='word_1_60' title='bbox 736 686 1026 747; x_wconf 74' lang='lat' dir='ltr'>intelligentes</span> <span class='ocrx_word' id='word_1_61' title='bbox 1060 688 1326 747; x_wconf 83' lang='lat' dir='ltr'>opinantur?</span> <span class='ocrx_word' id='word_1_62' title='bbox 1369 689 1524 732; x_wconf 89' lang='lat' dir='ltr'>Nonne</span> <span class='ocrx_word' id='word_1_63' title='bbox 1561 685 1721 744; x_wconf 85' lang='lat' dir='ltr'>placito</span> 
     </span>
     <span class='ocr_line' id='line_1_9' title="bbox 329 756 1717 818; baseline -0.002 -16"><span class='ocrx_word' id='word_1_64' title='bbox 329 767 583 818; x_wconf 85' lang='lat' dir='ltr'>contempto</span> <span class='ocrx_word' id='word_1_65' title='bbox 606 757 838 802; x_wconf 83' lang='lat' dir='ltr'>mulierum</span> <span class='ocrx_word' id='word_1_66' title='bbox 857 793 868 813; x_wconf 83' lang='lat'>,</span> <span class='ocrx_word' id='word_1_67' title='bbox 893 757 1073 802; x_wconf 80' lang='lat' dir='ltr'>intraret</span> <span class='ocrx_word' id='word_1_68' title='bbox 1091 757 1234 816; x_wconf 88' lang='lat' dir='ltr'>potius</span> <span class='ocrx_word' id='word_1_69' title='bbox 1252 756 1307 801; x_wconf 89' lang='lat' dir='ltr'>ad</span> <span class='ocrx_word' id='word_1_70' title='bbox 1324 757 1558 816; x_wconf 82' lang='lat' dir='ltr'>speciosam</span> <span class='ocrx_word' id='word_1_71' title='bbox 1577 771 1717 810; x_wconf 84' lang='lat' dir='ltr'>suam,</span> 
     </span>
     <span class='ocr_line' id='line_1_10' title="bbox 328 827 1720 889; baseline -0.001 -17"><span class='ocrx_word' id='word_1_72' title='bbox 328 845 428 889; x_wconf 75' lang='lat' dir='ltr'>qum</span> <span class='ocrx_word' id='word_1_73' title='bbox 447 829 508 873; x_wconf 88' lang='lat' dir='ltr'>illi</span> <span class='ocrx_word' id='word_1_74' title='bbox 525 839 699 874; x_wconf 87' lang='lat' dir='ltr'>noctem</span> <span class='ocrx_word' id='word_1_75' title='bbox 718 829 870 888; x_wconf 83' lang='lat' dir='ltr'>ipsam,</span> <span class='ocrx_word' id='word_1_76' title='bbox 896 844 984 874; x_wconf 92' lang='lat' dir='ltr'>non</span> <span class='ocrx_word' id='word_1_77' title='bbox 1003 827 1143 873; x_wconf 91' lang='lat' dir='ltr'>solum</span> <span class='ocrx_word' id='word_1_78' title='bbox 1165 828 1358 888; x_wconf 87' lang='lat' dir='ltr'>conjugis</span> <span class='ocrx_word' id='word_1_79' title='bbox 1382 843 1517 883; x_wconf 83' lang='lat' dir='ltr'>more,</span> <span class='ocrx_word' id='word_1_80' title='bbox 1544 842 1720 871; x_wconf 89' lang='lat' dir='ltr'>verum—</span> 
     </span>
     <span class='ocr_line' id='line_1_11' title="bbox 329 899 1721 959; baseline -0.001 -16"><span class='ocrx_word' id='word_1_81' title='bbox 329 900 458 944; x_wconf 84' lang='lat' dir='ltr'>etiam</span> <span class='ocrx_word' id='word_1_82' title='bbox 480 900 642 946; x_wconf 89' lang='lat' dir='ltr'>ordinis</span> <span class='ocrx_word' id='word_1_83' title='bbox 659 901 757 959; x_wconf 86' lang='lat' dir='ltr'>jure</span> <span class='ocrx_word' id='word_1_84' title='bbox 781 899 1000 943; x_wconf 81' lang='lat' dir='ltr'>debebat?</span> <span class='ocrx_word' id='word_1_85' title='bbox 1025 901 1226 943; x_wconf 89' lang='lat' dir='ltr'>Uteretur</span> <span class='ocrx_word' id='word_1_86' title='bbox 1244 900 1386 958; x_wconf 89' lang='lat' dir='ltr'>potius</span> <span class='ocrx_word' id='word_1_87' title='bbox 1402 899 1492 958; x_wconf 88' lang='lat' dir='ltr'>ipse</span> <span class='ocrx_word' id='word_1_88' title='bbox 1507 907 1721 958; x_wconf 80' lang='lat' dir='ltr'>potestate</span> 
     </span>
     <span class='ocr_line' id='line_1_12' title="bbox 329 969 1717 1030; baseline -0.001 -16"><span class='ocrx_word' id='word_1_89' title='bbox 329 970 516 1014; x_wconf 76' lang='lat' dir='ltr'>maritali</span> <span class='ocrx_word' id='word_1_90' title='bbox 534 1005 544 1025; x_wconf 85' lang='lat'>‚</span> <span class='ocrx_word' id='word_1_91' title='bbox 570 970 672 1030; x_wconf 89' lang='lat' dir='ltr'>quia</span> <span class='ocrx_word' id='word_1_92' title='bbox 695 979 737 1013; x_wconf 90' lang='lat' dir='ltr'>et</span> <span class='ocrx_word' id='word_1_93' title='bbox 760 984 868 1013; x_wconf 77' lang='lat' dir='ltr'>uxor</span> <span class='ocrx_word' id='word_1_94' title='bbox 885 984 974 1014; x_wconf 91' lang='lat' dir='ltr'>non</span> <span class='ocrx_word' id='word_1_95' title='bbox 994 969 1127 1014; x_wconf 90' lang='lat' dir='ltr'>habet</span> <span class='ocrx_word' id='word_1_96' title='bbox 1143 978 1401 1029; x_wconf 85' lang='lat' dir='ltr'>potestatem</span> <span class='ocrx_word' id='word_1_97' title='bbox 1420 969 1612 1028; x_wconf 88' lang='lat' dir='ltr'>corporis</span> <span class='ocrx_word' id='word_1_98' title='bbox 1629 969 1717 1024; x_wconf 80' lang='lat' dir='ltr'>sui,</span> 
     </span>
     <span class='ocr_line' id='line_1_13' title="bbox 325 1039 1720 1100; baseline -0.001 -15"><span class='ocrx_word' id='word_1_99' title='bbox 325 1041 402 1086; x_wconf 84' lang='lat' dir='ltr'>sed</span> <span class='ocrx_word' id='word_1_100' title='bbox 424 1042 487 1085; x_wconf 88' lang='lat' dir='ltr'>vir</span> <span class='ocrx_word' id='word_1_101' title='bbox 504 1043 519 1066; x_wconf 77' lang='lat'>²</span> <span class='ocrx_word' id='word_1_102' title='bbox 537 1062 549 1100; x_wconf 89' lang='lat'>·,</span> <span class='ocrx_word' id='word_1_103' title='bbox 574 1050 617 1085; x_wconf 91' lang='lat' dir='ltr'>et</span> <span class='ocrx_word' id='word_1_104' title='bbox 639 1057 718 1100; x_wconf 88' lang='lat' dir='ltr'>pro</span> <span class='ocrx_word' id='word_1_105' title='bbox 739 1057 790 1086; x_wconf 87' lang='lat' dir='ltr'>eo</span> <span class='ocrx_word' id='word_1_106' title='bbox 814 1050 920 1085; x_wconf 90' lang='lat' dir='ltr'>tunc</span> <span class='ocrx_word' id='word_1_107' title='bbox 943 1041 1160 1086; x_wconf 89' lang='lat' dir='ltr'>servitutis</span> <span class='ocrx_word' id='word_1_108' title='bbox 1182 1039 1356 1085; x_wconf 90' lang='lat' dir='ltr'>illarum</span> <span class='ocrx_word' id='word_1_109' title='bbox 1382 1039 1629 1084; x_wconf 83' lang='lat' dir='ltr'>vicissitudo</span> <span class='ocrx_word' id='word_1_110' title='bbox 1651 1040 1720 1084; x_wconf 88' lang='lat' dir='ltr'>sa·-</span> 
     </span>
     <span class='ocr_line' id='line_1_14' title="bbox 326 1112 1719 1173; baseline -0.001 -15"><span class='ocrx_word' id='word_1_111' title='bbox 326 1114 468 1158; x_wconf 85' lang='lat' dir='ltr'>eiebat</span> <span class='ocrx_word' id='word_1_112' title='bbox 490 1133 499 1158; x_wconf 89' lang='lat'>:</span> <span class='ocrx_word' id='word_1_113' title='bbox 528 1113 747 1173; x_wconf 86' lang='lat' dir='ltr'>conjugali</span> <span class='ocrx_word' id='word_1_114' title='bbox 775 1128 876 1172; x_wconf 85' lang='lat' dir='ltr'>ergo</span> <span class='ocrx_word' id='word_1_115' title='bbox 898 1122 1112 1172; x_wconf 84' lang='lat' dir='ltr'>potestate</span> <span class='ocrx_word' id='word_1_116' title='bbox 1138 1113 1279 1158; x_wconf 91' lang='lat' dir='ltr'>multo</span> <span class='ocrx_word' id='word_1_117' title='bbox 1301 1112 1547 1157; x_wconf 87' lang='lat' dir='ltr'>vincibilius</span> <span class='ocrx_word' id='word_1_118' title='bbox 1571 1121 1719 1157; x_wconf 89' lang='lat' dir='ltr'>utere—</span> 
     </span>
     <span class='ocr_line' id='line_1_15' title="bbox 328 1182 1720 1239; baseline -0.001 -10"><span class='ocrx_word' id='word_1_119' title='bbox 328 1194 398 1229; x_wconf 86' lang='lat' dir='ltr'>tur</span> <span class='ocrx_word' id='word_1_120' title='bbox 418 1220 428 1239; x_wconf 91' lang='lat'>,</span> <span class='ocrx_word' id='word_1_121' title='bbox 457 1185 491 1228; x_wconf 90' lang='lat' dir='ltr'>si</span> <span class='ocrx_word' id='word_1_122' title='bbox 512 1185 665 1229; x_wconf 77' lang='lat' dir='ltr'>t&#39;ormae</span> <span class='ocrx_word' id='word_1_123' title='bbox 687 1182 903 1228; x_wconf 89' lang='lat' dir='ltr'>desiderio</span> <span class='ocrx_word' id='word_1_124' title='bbox 927 1184 1186 1229; x_wconf 88' lang='lat' dir='ltr'>vinceretur.</span> <span class='ocrx_word' id='word_1_125' title='bbox 1216 1183 1300 1228; x_wconf 89' lang='lat' dir='ltr'>Sed</span> <span class='ocrx_word' id='word_1_126' title='bbox 1323 1199 1374 1228; x_wconf 92' lang='lat' dir='ltr'>eo</span> <span class='ocrx_word' id='word_1_127' title='bbox 1397 1183 1596 1228; x_wconf 90' lang='lat' dir='ltr'>meliores</span> <span class='ocrx_word' id='word_1_128' title='bbox 1634 1184 1720 1228; x_wconf 82' lang='lat' dir='ltr'>soe-</span> 
     </span>
     <span class='ocr_line' id='line_1_16' title="bbox 328 1253 1719 1315; baseline 0.001 -16"><span class='ocrx_word' id='word_1_129' title='bbox 328 1257 457 1300; x_wconf 84' lang='lat' dir='ltr'>minae</span> <span class='ocrx_word' id='word_1_130' title='bbox 490 1255 818 1313; x_wconf 82' lang='lat' dir='ltr'>invenirentur,</span> <span class='ocrx_word' id='word_1_131' title='bbox 858 1255 888 1298; x_wconf 93' lang='lat' dir='ltr'>si</span> <span class='ocrx_word' id='word_1_132' title='bbox 922 1253 1009 1299; x_wconf 88' lang='lat' dir='ltr'>illae</span> <span class='ocrx_word' id='word_1_133' title='bbox 1043 1270 1121 1314; x_wconf 87' lang='lat' dir='ltr'>pro</span> <span class='ocrx_word' id='word_1_134' title='bbox 1154 1254 1252 1299; x_wconf 87' lang='lat' dir='ltr'>filiis</span> <span class='ocrx_word' id='word_1_135' title='bbox 1280 1255 1574 1315; x_wconf 88' lang='lat' dir='ltr'>concipiendis</span> <span class='ocrx_word' id='word_1_136' title='bbox 1593 1291 1603 1311; x_wconf 87' lang='lat'>‚</span> <span class='ocrx_word' id='word_1_137' title='bbox 1629 1256 1719 1315; x_wconf 90' lang='lat' dir='ltr'>ipse</span> 
     </span>
     <span class='ocr_line' id='line_1_17' title="bbox 329 1325 1719 1387; baseline -0.001 -16"><span class='ocrx_word' id='word_1_138' title='bbox 329 1336 475 1372; x_wconf 87' lang='lat' dir='ltr'>autem</span> <span class='ocrx_word' id='word_1_139' title='bbox 506 1342 585 1386; x_wconf 90' lang='lat' dir='ltr'>pro</span> <span class='ocrx_word' id='word_1_140' title='bbox 609 1326 871 1371; x_wconf 87' lang='lat' dir='ltr'>concubitus</span> <span class='ocrx_word' id='word_1_141' title='bbox 895 1326 961 1369; x_wconf 89' lang='lat' dir='ltr'>sui</span> <span class='ocrx_word' id='word_1_142' title='bbox 992 1325 1216 1386; x_wconf 89' lang='lat' dir='ltr'>voluptate</span> <span class='ocrx_word' id='word_1_143' title='bbox 1246 1335 1444 1371; x_wconf 84' lang='lat' dir='ltr'>certaret.</span> <span class='ocrx_word' id='word_1_144' title='bbox 1478 1330 1633 1387; x_wconf 86' lang='lat' dir='ltr'>Itaque</span> <span class='ocrx_word' id='word_1_145' title='bbox 1655 1327 1719 1371; x_wconf 88' lang='lat' dir='ltr'>vir</span> 
     </span>
     <span class='ocr_line' id='line_1_18' title="bbox 327 1397 1720 1458; baseline 0.001 -16"><span class='ocrx_word' id='word_1_146' title='bbox 327 1398 740 1458; x_wconf 84' lang='lat' dir='ltr'>temperantissimus</span> <span class='ocrx_word' id='word_1_147' title='bbox 755 1433 767 1452; x_wconf 90' lang='lat'><em>‚</em></span> <span class='ocrx_word' id='word_1_148' title='bbox 789 1407 832 1442; x_wconf 90' lang='lat' dir='ltr'>et</span> <span class='ocrx_word' id='word_1_149' title='bbox 851 1397 980 1457; x_wconf 87' lang='lat' dir='ltr'>plane</span> <span class='ocrx_word' id='word_1_150' title='bbox 997 1398 1062 1441; x_wconf 87' lang='lat' dir='ltr'>vir</span> <span class='ocrx_word' id='word_1_151' title='bbox 1076 1433 1087 1453; x_wconf 80' lang='lat'>‚</span> <span class='ocrx_word' id='word_1_152' title='bbox 1107 1398 1208 1457; x_wconf 80' lang='lat' dir='ltr'>quia</span> <span class='ocrx_word' id='word_1_153' title='bbox 1225 1406 1313 1442; x_wconf 83' lang='lat' dir='ltr'>tam</span> <span class='ocrx_word' id='word_1_154' title='bbox 1332 1397 1512 1441; x_wconf 86' lang='lat' dir='ltr'>viriliter</span> <span class='ocrx_word' id='word_1_155' title='bbox 1527 1397 1720 1443; x_wconf 78' lang='lat' dir='ltr'>foeminis</span> 
     </span>
     <span class='ocr_line' id='line_1_19' title="bbox 326 1468 1719 1529; baseline -0.001 -15"><span class='ocrx_word' id='word_1_156' title='bbox 326 1471 532 1514; x_wconf 86' lang='lat' dir='ltr'>utebatur</span> <span class='ocrx_word' id='word_1_157' title='bbox 552 1505 562 1524; x_wconf 89' lang='lat'>,</span> <span class='ocrx_word' id='word_1_158' title='bbox 602 1479 651 1514; x_wconf 89' lang='lat' dir='ltr'>ut</span> <span class='ocrx_word' id='word_1_159' title='bbox 681 1468 960 1514; x_wconf 87' lang='lat' dir='ltr'>delectationi</span> <span class='ocrx_word' id='word_1_160' title='bbox 990 1468 1151 1513; x_wconf 87' lang='lat' dir='ltr'>carnali</span> <span class='ocrx_word' id='word_1_161' title='bbox 1182 1484 1271 1514; x_wconf 92' lang='lat' dir='ltr'>non</span> <span class='ocrx_word' id='word_1_162' title='bbox 1300 1469 1588 1529; x_wconf 86' lang='lat' dir='ltr'>subjiceretur</span> <span class='ocrx_word' id='word_1_163' title='bbox 1606 1504 1616 1523; x_wconf 92' lang='lat'>,</span> <span class='ocrx_word' id='word_1_164' title='bbox 1643 1469 1719 1513; x_wconf 88' lang='lat' dir='ltr'>sed</span> 
     </span>
     <span class='ocr_line' id='line_1_20' title="bbox 326 1538 1719 1600; baseline -0.001 -15"><span class='ocrx_word' id='word_1_165' title='bbox 326 1541 652 1596; x_wconf 88' lang='lat' dir='ltr'>dominaretur,</span> <span class='ocrx_word' id='word_1_166' title='bbox 679 1540 812 1598; x_wconf 84' lang='lat' dir='ltr'>magis</span> <span class='ocrx_word' id='word_1_167' title='bbox 835 1538 943 1600; x_wconf 89' lang='lat' dir='ltr'>quid</span> <span class='ocrx_word' id='word_1_168' title='bbox 965 1539 1161 1595; x_wconf 84' lang='lat' dir='ltr'>deberet,</span> <span class='ocrx_word' id='word_1_169' title='bbox 1187 1555 1318 1599; x_wconf 81' lang='lat' dir='ltr'>quam</span> <span class='ocrx_word' id='word_1_170' title='bbox 1342 1539 1449 1600; x_wconf 85' lang='lat' dir='ltr'>quid</span> <span class='ocrx_word' id='word_1_171' title='bbox 1468 1540 1506 1584; x_wconf 88' lang='lat' dir='ltr'>ei</span> <span class='ocrx_word' id='word_1_172' title='bbox 1535 1538 1719 1584; x_wconf 88' lang='lat' dir='ltr'>debere-</span> 
     </span>
     <span class='ocr_line' id='line_1_21' title="bbox 330 1610 1717 1670; baseline -0.001 -12"><span class='ocrx_word' id='word_1_173' title='bbox 330 1622 399 1658; x_wconf 88' lang='lat' dir='ltr'>tur</span> <span class='ocrx_word' id='word_1_174' title='bbox 420 1612 632 1670; x_wconf 76' lang='lat' dir='ltr'>attendit3</span> <span class='ocrx_word' id='word_1_175' title='bbox 658 1626 737 1656; x_wconf 91' lang='lat' dir='ltr'>nec</span> <span class='ocrx_word' id='word_1_176' title='bbox 768 1611 822 1655; x_wconf 87' lang='lat' dir='ltr'>ad</span> <span class='ocrx_word' id='word_1_177' title='bbox 856 1611 1077 1670; x_wconf 88' lang='lat' dir='ltr'>propriam</span> <span class='ocrx_word' id='word_1_178' title='bbox 1104 1610 1376 1670; x_wconf 84' lang='lat' dir='ltr'>voluptatem</span> <span class='ocrx_word' id='word_1_179' title='bbox 1405 1627 1480 1655; x_wconf 88' lang='lat' dir='ltr'>sua</span> <span class='ocrx_word' id='word_1_180' title='bbox 1503 1620 1717 1670; x_wconf 80' lang='lat' dir='ltr'>potestate</span> 
     </span>
     <span class='ocr_line' id='line_1_22' title="bbox 325 1679 1716 1743; baseline -0.001 -15"><span class='ocrx_word' id='word_1_181' title='bbox 325 1684 446 1728; x_wconf 88' lang='lat' dir='ltr'>abuti</span> <span class='ocrx_word' id='word_1_182' title='bbox 467 1683 632 1737; x_wconf 86' lang='lat' dir='ltr'>voluit,</span> <span class='ocrx_word' id='word_1_183' title='bbox 658 1681 734 1726; x_wconf 86' lang='lat' dir='ltr'>sed</span> <span class='ocrx_word' id='word_1_184' title='bbox 758 1679 871 1726; x_wconf 89' lang='lat' dir='ltr'>illius</span> <span class='ocrx_word' id='word_1_185' title='bbox 899 1680 1035 1726; x_wconf 88' lang='lat' dir='ltr'>debiti</span> <span class='ocrx_word' id='word_1_186' title='bbox 1058 1680 1251 1726; x_wconf 89' lang='lat' dir='ltr'>redditor</span> <span class='ocrx_word' id='word_1_187' title='bbox 1274 1697 1404 1743; x_wconf 89' lang='lat' dir='ltr'>quam</span> <span class='ocrx_word' id='word_1_188' title='bbox 1427 1691 1601 1727; x_wconf 78' lang='lat' dir='ltr'>exactor</span> <span class='ocrx_word' id='word_1_189' title='bbox 1626 1697 1716 1726; x_wconf 89' lang='lat' dir='ltr'>esse</span> 
     </span>
     <span class='ocr_line' id='line_1_23' title="bbox 327 1752 1718 1814; baseline -0.001 -15"><span class='ocrx_word' id='word_1_190' title='bbox 327 1754 496 1799; x_wconf 90' lang='lat' dir='ltr'>maluit.</span> <span class='ocrx_word' id='word_1_191' title='bbox 523 1752 648 1798; x_wconf 91' lang='lat' dir='ltr'>Unde</span> <span class='ocrx_word' id='word_1_192' title='bbox 671 1768 942 1814; x_wconf 86' lang='lat' dir='ltr'>consequens</span> <span class='ocrx_word' id='word_1_193' title='bbox 960 1762 1052 1797; x_wconf 86' lang='lat' dir='ltr'>erat</span> <span class='ocrx_word' id='word_1_194' title='bbox 1067 1788 1077 1808; x_wconf 86' lang='lat'>,</span> <span class='ocrx_word' id='word_1_195' title='bbox 1105 1762 1155 1797; x_wconf 91' lang='lat' dir='ltr'>ut</span> <span class='ocrx_word' id='word_1_196' title='bbox 1173 1753 1211 1796; x_wconf 90' lang='lat' dir='ltr'>ei</span> <span class='ocrx_word' id='word_1_197' title='bbox 1228 1752 1429 1798; x_wconf 87' lang='lat' dir='ltr'>redderet</span> <span class='ocrx_word' id='word_1_198' title='bbox 1448 1788 1458 1809; x_wconf 90' lang='lat'>‚</span> <span class='ocrx_word' id='word_1_199' title='bbox 1486 1769 1619 1814; x_wconf 82' lang='lat' dir='ltr'>quam</span> <span class='ocrx_word' id='word_1_200' title='bbox 1639 1769 1718 1813; x_wconf 87' lang='lat' dir='ltr'>pro</span> 
     </span>
     <span class='ocr_line' id='line_1_24' title="bbox 326 1824 1717 1886; baseline 0 -15"><span class='ocrx_word' id='word_1_201' title='bbox 326 1842 370 1872; x_wconf 90' lang='lat' dir='ltr'>se</span> <span class='ocrx_word' id='word_1_202' title='bbox 389 1825 435 1870; x_wconf 86' lang='lat' dir='ltr'>id</span> <span class='ocrx_word' id='word_1_203' title='bbox 453 1826 647 1885; x_wconf 90' lang='lat' dir='ltr'>accipere</span> <span class='ocrx_word' id='word_1_204' title='bbox 665 1824 737 1869; x_wconf 90' lang='lat' dir='ltr'>illa</span> <span class='ocrx_word' id='word_1_205' title='bbox 754 1825 825 1869; x_wconf 92' lang='lat' dir='ltr'>cui</span> <span class='ocrx_word' id='word_1_206' title='bbox 843 1824 1088 1870; x_wconf 88' lang='lat' dir='ltr'>debebatur</span> <span class='ocrx_word' id='word_1_207' title='bbox 1105 1824 1233 1884; x_wconf 81' lang='lat' dir='ltr'>elegit</span> <span class='ocrx_word' id='word_1_208' title='bbox 1255 1844 1263 1869; x_wconf 74' lang='grc' dir='ltr'>ε</span> <span class='ocrx_word' id='word_1_209' title='bbox 1284 1841 1373 1886; x_wconf 85' lang='lat' dir='ltr'>quo</span> <span class='ocrx_word' id='word_1_210' title='bbox 1390 1841 1538 1870; x_wconf 87' lang='lat' dir='ltr'>earum</span> <span class='ocrx_word' id='word_1_211' title='bbox 1558 1825 1717 1886; x_wconf 86' lang='lat' dir='ltr'>placito</span> 
     </span>
     <span class='ocr_line' id='line_1_25' title="bbox 326 1896 1718 1958; baseline -0.001 -16"><span class='ocrx_word' id='word_1_212' title='bbox 326 1906 542 1958; x_wconf 85' lang='lat' dir='ltr'>pactoque</span> <span class='ocrx_word' id='word_1_213' title='bbox 570 1905 822 1957; x_wconf 89' lang='lat' dir='ltr'>comperto,</span> <span class='ocrx_word' id='word_1_214' title='bbox 854 1911 955 1940; x_wconf 92' lang='lat' dir='ltr'>cum</span> <span class='ocrx_word' id='word_1_215' title='bbox 977 1906 1155 1957; x_wconf 87' lang='lat' dir='ltr'>repente</span> <span class='ocrx_word' id='word_1_216' title='bbox 1178 1905 1307 1957; x_wconf 89' lang='lat' dir='ltr'>atque</span> <span class='ocrx_word' id='word_1_217' title='bbox 1330 1896 1555 1956; x_wconf 78' lang='lat' dir='ltr'>inopinate</span> <span class='ocrx_word' id='word_1_218' title='bbox 1571 1912 1594 1941; x_wconf 89' lang='lat' dir='ltr'>a</span> <span class='ocrx_word' id='word_1_219' title='bbox 1617 1896 1718 1956; x_wconf 89' lang='lat' dir='ltr'>pul-</span> 
     </span>
     <span class='ocr_line' id='line_1_26' title="bbox 326 1968 1717 2028; baseline 0.001 -14"><span class='ocrx_word' id='word_1_220' title='bbox 326 1971 539 2015; x_wconf 88' lang='lat' dir='ltr'>cherrima</span> <span class='ocrx_word' id='word_1_221' title='bbox 562 1970 745 2028; x_wconf 83' lang='lat' dir='ltr'>conjuge</span> <span class='ocrx_word' id='word_1_222' title='bbox 769 1977 1044 2013; x_wconf 75' lang='lat' dir='ltr'>revocaretur</span> <span class='ocrx_word' id='word_1_223' title='bbox 1061 2003 1070 2020; x_wconf 81' lang='lat'>,</span> <span class='ocrx_word' id='word_1_224' title='bbox 1096 1978 1139 2013; x_wconf 91' lang='lat' dir='ltr'>et</span> <span class='ocrx_word' id='word_1_225' title='bbox 1167 1969 1220 2013; x_wconf 87' lang='lat' dir='ltr'>ad</span> <span class='ocrx_word' id='word_1_226' title='bbox 1251 1969 1392 2014; x_wconf 89' lang='lat' dir='ltr'>minus</span> <span class='ocrx_word' id='word_1_227' title='bbox 1412 1968 1614 2015; x_wconf 89' lang='lat' dir='ltr'>decoram</span> <span class='ocrx_word' id='word_1_228' title='bbox 1637 1985 1717 2015; x_wconf 88' lang='lat' dir='ltr'>vo-</span> 
     </span>
     <span class='ocr_line' id='line_1_27' title="bbox 327 2040 1714 2097; baseline 0 -11"><span class='ocrx_word' id='word_1_229' title='bbox 327 2051 530 2096; x_wconf 82' lang='lat' dir='ltr'>caretur,</span> <span class='ocrx_word' id='word_1_230' title='bbox 555 2056 645 2085; x_wconf 89' lang='lat' dir='ltr'>non</span> <span class='ocrx_word' id='word_1_231' title='bbox 675 2041 737 2084; x_wconf 90' lang='lat' dir='ltr'>ira</span> <span class='ocrx_word' id='word_1_232' title='bbox 771 2040 1005 2085; x_wconf 78' lang='lat' dir='ltr'>excanduit</span> <span class='ocrx_word' id='word_1_233' title='bbox 1021 2075 1033 2093; x_wconf 85' lang='lat'>.,</span> <span class='ocrx_word' id='word_1_234' title='bbox 1070 2056 1157 2085; x_wconf 91' lang='lat' dir='ltr'>non</span> <span class='ocrx_word' id='word_1_235' title='bbox 1180 2041 1350 2086; x_wconf 85' lang='lat' dir='ltr'>tristitia</span> <span class='ocrx_word' id='word_1_236' title='bbox 1374 2041 1598 2086; x_wconf 87' lang='lat' dir='ltr'>nubilatus</span> <span class='ocrx_word' id='word_1_237' title='bbox 1620 2051 1714 2097; x_wconf 85' lang='lat' dir='ltr'>est,</span> 
     </span>
     <span class='ocr_line' id='line_1_28' title="bbox 328 2111 1717 2171; baseline 0.001 -14"><span class='ocrx_word' id='word_1_238' title='bbox 328 2128 418 2158; x_wconf 88' lang='lat' dir='ltr'>non</span> <span class='ocrx_word' id='word_1_239' title='bbox 440 2112 653 2158; x_wconf 85' lang='lat' dir='ltr'>enerviter</span> <span class='ocrx_word' id='word_1_240' title='bbox 673 2111 861 2157; x_wconf 82' lang='lat' dir='ltr'>blandus</span> <span class='ocrx_word' id='word_1_241' title='bbox 880 2147 890 2166; x_wconf 89' lang='lat'><strong>‚</strong></span> <span class='ocrx_word' id='word_1_242' title='bbox 917 2121 966 2156; x_wconf 90' lang='lat' dir='ltr'>ut</span> <span class='ocrx_word' id='word_1_243' title='bbox 982 2112 1061 2156; x_wconf 88' lang='lat' dir='ltr'>sibi</span> <span class='ocrx_word' id='word_1_244' title='bbox 1082 2112 1224 2171; x_wconf 89' lang='lat' dir='ltr'>potius</span> <span class='ocrx_word' id='word_1_245' title='bbox 1244 2111 1409 2157; x_wconf 85' lang='lat' dir='ltr'>Rachel</span> <span class='ocrx_word' id='word_1_246' title='bbox 1426 2122 1599 2158; x_wconf 90' lang='lat' dir='ltr'>noctem</span> <span class='ocrx_word' id='word_1_247' title='bbox 1614 2113 1717 2158; x_wconf 86' lang='lat' dir='ltr'>red-</span> 
     </span>
     <span class='ocr_line' id='line_1_29' title="bbox 327 2184 1717 2244; baseline 0.001 -16"><span class='ocrx_word' id='word_1_248' title='bbox 327 2185 450 2229; x_wconf 86' lang='lat' dir='ltr'>deret</span> <span class='ocrx_word' id='word_1_249' title='bbox 468 2220 478 2240; x_wconf 86' lang='lat'>,</span> <span class='ocrx_word' id='word_1_250' title='bbox 502 2185 614 2228; x_wconf 88' lang='lat' dir='ltr'>inter</span> <span class='ocrx_word' id='word_1_251' title='bbox 637 2185 786 2228; x_wconf 87' lang='lat' dir='ltr'>ambas</span> <span class='ocrx_word' id='word_1_252' title='bbox 808 2184 961 2243; x_wconf 80' lang='lat' dir='ltr'>sategit</span> <span class='ocrx_word' id='word_1_253' title='bbox 979 2203 987 2228; x_wconf 77' lang='lat' dir='ltr'><strong><em>z</em></strong></span> <span class='ocrx_word' id='word_1_254' title='bbox 1008 2184 1083 2228; x_wconf 90' lang='lat' dir='ltr'>sed</span> <span class='ocrx_word' id='word_1_255' title='bbox 1102 2185 1280 2228; x_wconf 83' lang='lat' dir='ltr'>maritus</span> <span class='ocrx_word' id='word_1_256' title='bbox 1291 2185 1432 2244; x_wconf 87' lang='lat' dir='ltr'>justus</span> <span class='ocrx_word' id='word_1_257' title='bbox 1450 2193 1493 2229; x_wconf 94' lang='lat' dir='ltr'>et</span> <span class='ocrx_word' id='word_1_258' title='bbox 1509 2185 1717 2244; x_wconf 88' lang='lat' dir='ltr'>providus</span> 
     </span>
     <span class='ocr_line' id='line_1_30' title="bbox 327 2254 1716 2316; baseline 0.001 -16"><span class='ocrx_word' id='word_1_259' title='bbox 327 2265 473 2315; x_wconf 87' lang='lat' dir='ltr'>pater,</span> <span class='ocrx_word' id='word_1_260' title='bbox 499 2271 599 2300; x_wconf 91' lang='lat' dir='ltr'>eum</span> <span class='ocrx_word' id='word_1_261' title='bbox 615 2255 708 2299; x_wconf 79' lang='lat' dir='ltr'>illas</span> <span class='ocrx_word' id='word_1_262' title='bbox 729 2254 858 2315; x_wconf 88' lang='lat' dir='ltr'>prolis</span> <span class='ocrx_word' id='word_1_263' title='bbox 879 2271 1028 2300; x_wconf 91' lang='lat' dir='ltr'>curam</span> <span class='ocrx_word' id='word_1_264' title='bbox 1048 2271 1194 2314; x_wconf 81' lang='lat' dir='ltr'>gerere</span> <span class='ocrx_word' id='word_1_265' title='bbox 1214 2255 1380 2300; x_wconf 89' lang='lat' dir='ltr'>videret</span> <span class='ocrx_word' id='word_1_266' title='bbox 1398 2291 1408 2310; x_wconf 71' lang='lat'><strong>‚</strong></span> <span class='ocrx_word' id='word_1_267' title='bbox 1435 2265 1477 2300; x_wconf 88' lang='lat' dir='ltr'>et</span> <span class='ocrx_word' id='word_1_268' title='bbox 1499 2257 1589 2316; x_wconf 87' lang='lat' dir='ltr'>ipse</span> <span class='ocrx_word' id='word_1_269' title='bbox 1607 2256 1716 2301; x_wconf 91' lang='lat' dir='ltr'>nihil</span> 
     </span>
     <span class='ocr_line' id='line_1_31' title="bbox 329 2327 1717 2388; baseline 0.001 -17"><span class='ocrx_word' id='word_1_270' title='bbox 329 2327 448 2371; x_wconf 85' lang='lat' dir='ltr'>aliud</span> <span class='ocrx_word' id='word_1_271' title='bbox 471 2328 525 2371; x_wconf 89' lang='lat' dir='ltr'>de</span> <span class='ocrx_word' id='word_1_272' title='bbox 551 2327 791 2371; x_wconf 88' lang='lat' dir='ltr'>concubitu</span> <span class='ocrx_word' id='word_1_273' title='bbox 813 2336 1027 2387; x_wconf 75' lang='lat' dir='ltr'>quaereret</span> <span class='ocrx_word' id='word_1_274' title='bbox 1045 2363 1055 2382; x_wconf 79' lang='grc'>,</span> <span class='ocrx_word' id='word_1_275' title='bbox 1081 2342 1229 2371; x_wconf 89' lang='lat' dir='ltr'>earum</span> <span class='ocrx_word' id='word_1_276' title='bbox 1254 2327 1464 2371; x_wconf 86' lang='lat' dir='ltr'>voluntati</span> <span class='ocrx_word' id='word_1_277' title='bbox 1489 2328 1717 2388; x_wconf 88' lang='lat' dir='ltr'>obtempe-</span> 
     </span>
     <span class='ocr_line' id='line_1_32' title="bbox 330 2397 1712 2458; baseline 0.002 -17"><span class='ocrx_word' id='word_1_278' title='bbox 330 2397 514 2441; x_wconf 86' lang='lat' dir='ltr'>randum</span> <span class='ocrx_word' id='word_1_279' title='bbox 540 2397 778 2457; x_wconf 80' lang='lat' dir='ltr'>judicavit,</span> <span class='ocrx_word' id='word_1_280' title='bbox 806 2413 904 2457; x_wconf 66' lang='lat' dir='ltr'>quze</span> <span class='ocrx_word' id='word_1_281' title='bbox 939 2398 1020 2442; x_wconf 90' lang='lat' dir='ltr'>sibi</span> <span class='ocrx_word' id='word_1_282' title='bbox 1050 2397 1298 2456; x_wconf 77' lang='lat' dir='ltr'>singillatim</span> <span class='ocrx_word' id='word_1_283' title='bbox 1333 2397 1441 2443; x_wconf 85' lang='lat' dir='ltr'>filios</span> <span class='ocrx_word' id='word_1_284' title='bbox 1475 2398 1712 2458; x_wconf 75' lang='lat' dir='ltr'>optabant3</span> 
     </span>
     <span class='ocr_line' id='line_1_33' title="bbox 328 2467 1710 2529; baseline 0.003 -18"><span class='ocrx_word' id='word_1_285' title='bbox 328 2483 416 2512; x_wconf 81' lang='lat' dir='ltr'>suae</span> <span class='ocrx_word' id='word_1_286' title='bbox 436 2467 545 2512; x_wconf 86' lang='lat' dir='ltr'>nihil</span> <span class='ocrx_word' id='word_1_287' title='bbox 566 2468 728 2524; x_wconf 85' lang='lat' dir='ltr'>minui,</span> <span class='ocrx_word' id='word_1_288' title='bbox 754 2468 824 2512; x_wconf 92' lang='lat' dir='ltr'>cui</span> <span class='ocrx_word' id='word_1_289' title='bbox 845 2468 985 2512; x_wconf 83' lang='lat' dir='ltr'>ambae</span> <span class='ocrx_word' id='word_1_290' title='bbox 1003 2468 1242 2528; x_wconf 85' lang='lat' dir='ltr'>pariebant.</span> <span class='ocrx_word' id='word_1_291' title='bbox 1274 2471 1498 2529; x_wconf 83' lang='lat' dir='ltr'>Tanquam</span> <span class='ocrx_word' id='word_1_292' title='bbox 1521 2469 1683 2515; x_wconf 89' lang='lat' dir='ltr'>diceret</span> <span class='ocrx_word' id='word_1_293' title='bbox 1702 2490 1710 2515; x_wconf 76' lang='grc' dir='ltr'>ε</span> 
     </span>
    </p>
   </div>
   <div class='ocr_carea' id='block_1_2' title="bbox 378 2551 1014 2595">
    <p class='ocr_par' dir='ltr' id='par_1_3' title="bbox 378 2551 1014 2595">
     <span class='ocr_line' id='line_1_34' title="bbox 378 2551 1014 2595; baseline -0.005 -9"><span class='ocrx_word' id='word_1_294' title='bbox 378 2560 385 2576; x_wconf 90' lang='lat'><strong>¹</strong></span> <span class='ocrx_word' id='word_1_295' title='bbox 408 2556 720 2595; x_wconf 67' lang='lat' dir='ltr'>Gcn.xz&#39;1x,‘27.-</span> <span class='ocrx_word' id='word_1_296' title='bbox 743 2559 755 2576; x_wconf 76' lang='lat'>2</span> <span class='ocrx_word' id='word_1_297' title='bbox 780 2564 790 2585; x_wconf 90' lang='lat'>1</span> <span class='ocrx_word' id='word_1_298' title='bbox 813 2555 883 2587; x_wconf 82' lang='lat' dir='ltr'>Cor.</span> <span class='ocrx_word' id='word_1_299' title='bbox 906 2564 965 2595; x_wconf 81' lang='lat' dir='ltr'>vn,</span> <span class='ocrx_word' id='word_1_300' title='bbox 984 2551 1014 2595; x_wconf 74' lang='grc'>4.</span> 
     </span>
    </p>
   </div>
  </div>
 </body>
</html>
