1803 3250
441 219 605 253 comm
633 217 850 259 rAus'rUM,
886 222 969 251 mn,
1005 223 1116 252 xxu.
1416 213 1470 252 39

85 299 228 338 oraret
255 298 490 351 antequam
514 289 767 333 misceretur
789 288 913 332 uxori
935 306 944 333 ε
973 291 1065 334 «Et
1086 304 1204 334 nunc
1219 324 1230 344 ,
1256 289 1466 347 Domine,

88 373 183 408 »tu
208 362 289 409 scis
322 363 533 424 quoniam
565 375 656 405 non
691 359 874 404 luxuriae
911 374 1038 404 causa
1076 362 1241 421 accipio
1278 377 1466 406 sororem

87 454 107 477 »
135 436 300 479 meam¹
323 453 333 480 ς
358 453 376 475 »
401 446 502 477 cum
520 440 629 476 esset
645 430 718 475 illa
735 446 824 476 non
847 445 898 475 ex
918 431 1156 476 concubitu
1179 432 1370 491 ejusdem
1393 449 1475 493 pa·-

84 506 159 551 tris
173 541 184 561 ‚
208 520 289 550 nec
305 518 356 548 ex
373 503 529 549 eodem
551 502 699 547 matris
716 511 858 556 utero,
879 501 955 547 sed
974 517 1025 546 ex
1043 501 1193 547 eadem
1217 504 1348 563 stirpe
1370 519 1474 564 cog-

84 577 271 623 nationis
291 584 454 621 exorta.
480 577 538 620 Et
554 575 669 619 Loth
694 573 827 619 frater
849 574 1038 619 Abrahae
1059 574 1219 619 dicitur
1233 609 1246 631 ,
1271 589 1372 620 cum
1395 591 1475 635 pa-

83 657 207 694 truus
229 648 321 709 ejus
342 656 452 692 esset
468 646 690 692 Abraham
705 647 723 672 ²
739 666 748 691 ε
767 660 819 691 ex
839 661 926 707 qua
943 644 1146 691 vocabuli
1162 646 1479 691 consuetudine

83 718 216 764 etiam
237 716 392 763 fratres
413 718 588 770 Domini
609 726 824 763 vocantur
841 717 888 762 in
910 717 1196 776 Evangelioss,
1221 733 1310 762 non
1329 718 1482 777 utique

83 804 193 851 quos
219 789 355 835 Maria
379 789 502 849 virgo
528 799 781 850 pepererat,
805 789 881 834 sed
902 804 953 834 ex
987 789 1080 849 ejus
1103 789 1482 848 consanguinitate

81 875 232 906 omnes
253 860 505 921 propinqui.

140 933 350 977 XXXVI.
389 933 512 976 Dicet
550 931 705 992 aliquis
733 950 742 976 ε
767 932 859 977 Cur
896 946 988 976 non
1026 931 1171 991 potius
1213 931 1273 976 ita
1302 932 1358 976 de
1390 934 1483 977 Deo

85 1018 166 1048 suo
196 1003 473 1063 praesumpsit
502 1003 723 1047 Abraham
742 1038 752 1057 ‚
785 1012 836 1048 ut
866 1001 992 1046 fateri
1031 1018 1119 1047 non
1162 1003 1335 1047 timeret
1373 1018 1482 1047 uxo-

81 1089 172 1119 rem
188 1075 207 1119 1¹
226 1077 380 1135 Neque
397 1073 515 1117 enim
535 1076 650 1117 Deus
668 1074 724 1117 ab
743 1072 820 1117 illo
836 1082 1023 1117 mortem
1044 1088 1134 1118 non
1158 1081 1328 1132 poterat
1346 1073 1481 1133 repel-

79 1146 170 1190 lere
191 1160 324 1206 quam
355 1144 564 1198 timebat,
601 1158 794 1203 eumque
815 1157 917 1187 cum
948 1144 1134 1203 conjuge
1167 1159 1243 1189 sua
1274 1145 1329 1188 ab
1360 1146 1479 1189 omni

83 1216 273 1276 pernicie
293 1216 340 1260 in
368 1214 441 1260 illa
462 1214 813 1275 peregrinatione
839 1214 999 1268 tutari,
1033 1223 1081 1258 ut
1110 1229 1191 1258 nec
1218 1230 1330 1259 uxor
1358 1216 1475 1275 ejus,

81 1287 285 1348 quamvis
316 1295 429 1331 esset
455 1285 775 1346 pulcherrima,
801 1294 1081 1345 appeteretur
1103 1285 1159 1329 ab
1189 1285 1336 1345 aliquo
1353 1320 1364 1341 ‚
1400 1301 1481 1331 nec

79 1367 259 1418 propter
286 1356 408 1402 illam
443 1357 534 1417 ipse
569 1364 814 1401 necaretur.
850 1358 1026 1400 Poterat
1056 1370 1159 1400 sane
1191 1356 1275 1400 hoc
1304 1356 1476 1401 efficere

80 1433 195 1474 Deus
217 1448 228 1475 ε
252 1429 352 1490 quis
373 1429 433 1473 ita
454 1428 508 1472 sit
531 1427 707 1472 demens
729 1436 780 1472 ut
800 1428 885 1472 hoc
902 1428 1061 1485 neget?
1082 1427 1169 1471 Sed
1185 1426 1218 1470 si
1237 1428 1479 1487 interroga·

78 1509 148 1545 tus
170 1500 410 1555 Abraham,
433 1498 553 1543 illam
576 1497 805 1542 foeminam
829 1497 1042 1542 indicaret
1062 1512 1260 1553 uxorem,
1287 1498 1395 1543 duas
1414 1514 1480 1544 res

78 1572 263 1616 tuendas
285 1571 577 1616 committeret
602 1574 705 1626 Deo,
733 1579 778 1614 et
798 1584 921 1614 suam
939 1570 1090 1625 vitam,
1111 1578 1155 1613 et
1171 1570 1367 1630 conjugis
1389 1586 1474 1629 pu-

79 1642 291 1687 dicitiam.
332 1642 526 1686 Pertinet
549 1650 695 1685 autem
725 1639 780 1684 ad
812 1655 962 1684 sanam
992 1640 1261 1696 doctrinam,
1299 1640 1478 1701 quando

79 1712 212 1757 faciat
233 1712 389 1767 homo,
420 1727 510 1756 non
532 1720 701 1756 tentare
718 1711 954 1755 Dominum
973 1714 1114 1755 Deum
1135 1716 1305 1757 suum'.
1325 1715 1477 1772 Neque

78 1783 196 1828 enim
219 1784 374 1844 etipse
408 1782 604 1828 Salvator
632 1798 723 1827 non
752 1791 924 1842 poterat
946 1783 1059 1826 tueri
1093 1782 1328 1843 discipulos
1350 1799 1471 1840 SUOS,

77 1855 239 1917 quibus
265 1864 414 1900 tamen
436 1855 495 1899 ait
517 1874 525 1900 z
554 1874 574 1897 «
598 1856 641 1900 Si
660 1870 735 1899 vos
753 1855 969 1914 persecuti
993 1852 1156 1899 fuerint
1183 1855 1228 1899 in
1254 1871 1342 1900 una
1364 1856 1472 1901 civi-

80 1945 101 1969 »
126 1935 231 1982 tate,
257 1926 396 1986 fugite
417 1927 464 1970 in
485 1925 656 1970 aliam⁵.
679 1944 699 1967 n
724 1927 860 1987 Cujus
882 1926 943 1970 rei
960 1926 1079 1985 prior
1097 1926 1345 1985 exemplum
1363 1943 1471 1987 prae-

79 1998 190 2043 buit.
230 2000 342 2045 Nam
382 2013 480 2043 cum
522 2007 783 2058 potestatem
820 1997 1003 2042 haberet
1046 1997 1238 2057 ponendi
1279 2000 1466 2044 animam

76 2071 242 2125 suam⁶‚
263 2084 344 2122 nec
371 2085 467 2115 eam
495 2080 704 2130 poneret,
737 2070 817 2114 nisi
839 2084 942 2114 cum
964 2068 1120 2124 vellet,
1152 2069 1198 2113 in
1225 2072 1470 2130 AEgyptum

76 2149 224 2186 tamen
243 2138 386 2185 infans
413 2141 690 2200 portantibus
720 2140 971 2201 parentibus
998 2138 1137 2198 fugit⁷
1162 2159 1171 2185 ε
1197 2151 1241 2185 et
1267 2142 1322 2186 ad
1350 2142 1467 2187 diem

76 2210 237 2256 festum
256 2226 347 2256 non
368 2211 617 2267 evidenter,
650 2212 726 2256 sed
758 2210 946 2257 latenter
974 2212 1210 2269 ascendit³‚
1237 2229 1335 2258 cum
1367 2213 1469 2258 alias

77 2281 221 2342 palam
262 2281 518 2342 loqueretur
559 2285 584 2327 J
588 2283 724 2328 udaeis
765 2283 1051 2329 irascentibus
1088 2294 1132 2329 et
1170 2284 1468 2329 inimicissimo

77 2352 223 2398 animo
245 2353 541 2410 audientibus,
571 2369 652 2398 nec
674 2364 824 2400 tamen
843 2354 1090 2400 valentibus
1111 2354 1158 2399 in
1178 2370 1279 2400 eum
1300 2356 1474 2401 mittere

123 2478 135 2496 ¹
156 2472 276 2516 Tobiae,
295 2484 362 2516 vm,
386 2485 420 2518 9.
446 2490 486 2498 -1
513 2481 527 2497 ²
547 2477 626 2508 Gen.
646 2487 718 2517 xm,
738 2475 771 2509 8.
790 2494 831 2500 —
849 2475 861 2499 3
883 2476 1002 2509 Matth.
1033 2488 1088 2519 xn,
1117 2476 1176 2519 46,
1195 2481 1230 2509 et
1246 2479 1335 2509 Joan.
1356 2489 1416 2519 vn,
1437 2477 1469 2510 3.

77 2526 144 2558 -4
161 2531 256 2562 Deut.
275 2539 322 2571 vt,
344 2529 396 2562 16.
413 2528 480 2554 —5
498 2531 616 2564 Matth.
637 2542 670 2571 x,
699 2532 752 2563 23.
773 2549 814 2556 —
828 2530 843 2553 6
861 2534 968 2565 Joan..
988 2543 1021 2572 x,
1059 2531 1110 2565 18.
1130 2550 1171 2556 —-
1188 2540 1201 2566 7
1221 2533 1335 2565 Matth.
1360 2545 1395 2572 u,
1418 2532 1469 2575 14.

79 2599 122 2608 -
140 2581 157 2606 ⁸
173 2585 266 2619 Joan.
286 2586 343 2627 vu,
365 2595 417 2619 10.
