1803 3250
332 264 415 302 390
774 272 806 299 s.
843 272 1072 301 auc-,usum
1105 275 1285 302 zmscom

330 339 549 386 subveniri
572 337 791 388 voluisset,
820 340 853 382 si
874 354 1018 384 errore
1034 339 1104 385 vel
1125 340 1377 385 infirmitate
1396 340 1523 385 simili
1543 340 1717 388 labora-

331 419 416 462 ret,
453 409 522 452 hic
554 409 596 452 in
620 407 834 454 fallaciam
858 410 1157 456 detestabilem
1181 410 1324 455 vertit.
1354 411 1518 456 Deinde
1539 427 1715 472 quaero,

329 481 379 524 ad
405 483 638 534 Romanos,
663 481 927 534 Corinthios,
950 481 1122 526 Galatas
1140 517 1150 536 ,
1181 481 1403 541 Ephesios,
1423 482 1716 539 Colossenses‚

332 552 627 610 Philippenses
647 586 658 605 ,
708 552 1106 597 Thessalonicenses
1131 589 1141 607 ,
1187 552 1412 612 quomodo
1453 553 1718 613 loquebatur

327 621 596 682 Apostolus?
619 625 670 668 In
692 639 778 684 qua
800 623 973 668 illarum
995 624 1192 684 quinque
1216 640 1498 683 personarum
1529 640 1602 669 eos
1627 640 1718 669 esse

325 693 602 753 deputabat?
634 695 788 739 Procul
822 695 959 739 dubio
987 695 1195 754 quoniam
1228 696 1272 739 in
1309 696 1524 754 praeputio
1557 697 1716 741 Gentes

324 776 446 811 erant
465 801 476 820 ,
501 782 590 810 non
612 766 655 809 in
675 767 1001 811 circumcisione
1024 765 1244 810 Isra'e'litae.
1265 767 1332 811 Ad
1350 767 1427 811 hos
1449 767 1613 827 quippe
1633 768 1715 813 sibi

324 837 605 882 distributum
630 829 915 881 ministerium
946 836 1075 881 fuisse
1099 846 1306 890 testatur,
1333 838 1408 882 uhi
1435 837 1568 893 dicit,
1595 838 1715 898 quod

321 910 360 953 ei
381 918 423 953 ct
445 909 655 952 Barnabae
672 908 868 952 dexteras
889 908 1106 953 societatis
1127 907 1328 954 dederint
1352 912 1503 955 Petrus
1521 920 1565 954 et
1587 912 1717 956 Jaco-

326 981 403 1023 bus
426 989 469 1023 et
491 982 681 1023 joannes
703 998 711 1023 ;
737 988 785 1023 ut
806 979 896 1038 ipse
916 979 1095 1039 quidem
1119 995 1221 1023 cum
1240 981 1435 1026 Bai-naba
1455 980 1508 1024 ad
1533 991 1682 1039 gentes
1698 1015 1710 1035 ,

322 1049 383 1094 illi
401 1059 547 1094 autem
570 1049 625 1093 ad
647 1050 1022 1095 circumcisionem
1043 1052 1171 1097 irent.
1198 1053 1254 1095 Et
1285 1050 1370 1096 alio
1403 1051 1500 1095 loco
1533 1052 1715 1111 apertis-

320 1123 427 1166 sime
453 1121 558 1166 dicit
584 1141 592 1166 :
623 1123 870 1175 «Quandiu
902 1138 983 1182 ego
1013 1138 1109 1167 sum
1142 1121 1350 1167 Gentium
1383 1121 1662 1182 Apostolus¹.
1691 1142 1710 1166 υ

322 1195 376 1236 Et
400 1192 545 1237 multis
573 1192 664 1237 aliis
692 1192 799 1238 locis
833 1195 1008 1253 proprio
1038 1193 1231 1254 quodam
1270 1208 1450 1241 munere
1489 1193 1714 1241 doctorem

318 1264 525 1308 Gentium
547 1280 591 1308 se
613 1280 703 1308 esse
724 1274 922 1310 testatur.
960 1266 1072 1312 Cum
1101 1280 1204 1323 ergo
1227 1274 1370 1310 essent
1391 1266 1482 1308 sine
1506 1267 1621 1323 Lege
1645 1273 1712 1313 tot

321 1346 468 1395 gentes
491 1337 652 1396 quibus
670 1337 955 1396 Evangelium
976 1336 1265 1396 praedicabat,
1294 1337 1403 1396 quid
1427 1329 1536 1395 opus
1555 1345 1647 1382 erat
1663 1346 1713 1386 ut

319 1409 377 1450 eis
412 1410 570 1466 Legem
603 1418 646 1452 et
684 1409 920 1467 Prophetas
955 1409 1011 1452 de
1031 1408 1206 1454 Christo
1229 1407 1526 1451 introduceret
1550 1415 1679 1453 testes
1697 1441 1710 1463 ‚

318 1482 465 1540 eisque
483 1481 738 1539 importaret
762 1480 918 1537 ignaris
940 1479 1183 1525 vinculum,
1205 1478 1316 1522 sicut
1338 1478 1418 1521 ista
1440 1477 1569 1536 pestis
1592 1477 1713 1522 arbi-

319 1551 538 1602 trabatur,
569 1551 741 1605 erroris,
768 1566 790 1593 a
813 1566 901 1610 quo
930 1565 1002 1594 eos
1035 1547 1166 1593 fuisse
1202 1548 1362 1595 liberos
1394 1548 1528 1606 magis
1560 1547 1714 1600 debuit

317 1620 523 1681 gratulari
543 1624 559 1663 ⁴?
583 1622 698 1675 Quid
717 1638 826 1681 opus
849 1633 939 1666 erat
965 1632 1011 1667 ut
1030 1622 1084 1668 ad
1108 1625 1329 1666 Romanos
1347 1623 1405 1666 sic
1424 1620 1576 1668 fuisset
1593 1636 1714 1667 exor-

316 1708 386 1737 sus
409 1712 417 1737 :
447 1712 467 1735 «
488 1694 645 1737 Paulus
666 1709 813 1738 servus
835 1694 996 1739 Christi
1019 1695 1138 1747 Jesu,
1167 1702 1347 1738 vocatus
1370 1692 1624 1752 Apostolus,
1649 1708 1713 1742 se-

319 1783 338 1806 »
366 1775 567 1824 gregatus
588 1766 632 1809 in
656 1766 940 1824 Evangelium
969 1765 1064 1816 Dei,
1091 1764 1211 1826 quod
1235 1775 1336 1810 ante
1356 1765 1613 1824 promiserat
1635 1780 1712 1824 per

319 1855 338 1878 »
367 1838 601 1896 Prophetas
632 1853 730 1882 suos
760 1838 803 1881 in
838 1838 1070 1896 Scripturis
1095 1836 1253 1883 sanctis
1282 1836 1338 1880 de
1365 1836 1477 1881 Filio
1499 1852 1607 1890 suo,
1634 1837 1713 1897 qui

317 1926 336 1948 »
364 1906 504 1952 factus
536 1917 597 1952 est
626 1909 664 1952 ei
693 1924 744 1952 ex
781 1909 946 1952 semine
982 1907 1115 1952 David
1153 1907 1395 1951 secundum
1430 1908 1665 1954 carnemv?
1687 1926 1709 1955 i»

312 1981 456 2032 Quare
480 1994 569 2023 non
598 1979 679 2022 sihi
704 1979 846 2039 potius
871 1994 1097 2037 personam
1121 1979 1307 2037 imponit
1330 1978 1535 2022 illorum?
1561 1981 1708 2031 Quare

312 2066 355 2094 se
379 2049 481 2095 facit
504 2060 712 2110 tanquam
735 2051 816 2095 sub
840 2054 968 2109 Lege,
994 2050 1054 2094 eis
1077 2052 1152 2111 qui
1174 2050 1347 2095 fuerant
1367 2050 1458 2095 sine
1481 2051 1630 2109 Lege?
1655 2052 1711 2099 Ut

313 2123 418 2181 quid
441 2123 498 2166 cis
521 2121 626 2167 dicit
651 2142 660 2167 ;
689 2142 709 2164 «
729 2123 860 2167 Vobis
882 2125 998 2167 enim
1021 2122 1119 2166 dico
1137 2121 1366 2174 Gentibus,
1392 2121 1591 2181 quandiu
1612 2122 1712 2182 qui-

317 2212 335 2232 η
364 2193 460 2235 dem
492 2210 572 2251 ego
600 2209 694 2236 sum
719 2193 927 2238 Gentium
959 2193 1180 2252 apostolus
1201 2228 1211 2244 ,
1248 2192 1534 2236 ministerium
1563 2207 1709 2243 meum

316 2283 336 2304 »
364 2263 633 2322 glorificabo,
655 2266 687 2308 si
707 2265 932 2325 quomodo
951 2263 1007 2310 ad
1019 2263 1344 2308 aemulationem
1370 2279 1600 2323 provocem
1616 2280 1711 2308 car-

317 2352 336 2374 »
365 2350 462 2378 nem
487 2351 626 2378 meam
646 2371 656 2389 ,
689 2345 738 2380 ut
769 2336 908 2382 salvos
938 2335 1091 2381 faciam
1117 2335 1286 2395 aliquos
1311 2352 1362 2378 ex
1388 2335 1485 2378 illis.
1517 2335 1559 2380 Si
1591 2335 1709 2380 enim

316 2423 335 2447 »
365 2407 540 2465 rejectio
568 2406 742 2456 illorum
778 2407 1072 2452 reconciliatio
1101 2416 1163 2450 est
1198 2405 1378 2460 mundi,
1405 2422 1504 2466 quae
1530 2406 1610 2450 erit
1639 2422 1708 2450 as-

316 2495 335 2516 »
361 2479 569 2536 sumptio,
596 2479 675 2522 nisi
700 2479 785 2522 vita
809 2495 860 2522 ex
885 2479 1097 2523 mortuis?
1115 2479 1149 2521 si
1169 2489 1315 2521 autem
1333 2477 1544 2521 delibatio
1560 2486 1706 2522 sancta

315 2565 334 2587 n
362 2557 441 2601 est,
467 2558 509 2592 ct
531 2550 808 2607 conspersio,
830 2559 874 2594 et
890 2550 924 2593 si
943 2549 1063 2594 radix
1087 2558 1235 2593 sancta
1253 2558 1339 2603 est,
1365 2558 1408 2593 et
1427 2549 1530 2594 rami
1547 2549 1579 2594 ³.
1601 2567 1622 2590 »
1647 2551 1708 2597 De

366 2639 371 2653 ¹
396 2635 485 2664 Rom.
508 2645 564 2670 xn,
588 2634 636 2664 13.
662 2643 723 2656 -2
747 2635 795 2667 ld.
817 2648 839 2675 1,
864 2647 891 2666 1.
912 2653 939 2657 —
967 2634 1049 2667 ³1d.
1071 2635 1256 2675 n,13-16.
