1803 3250
351 186 434 224 110
772 191 806 220 s.
844 191 1074 223 Αυαυετωι
1107 195 1286 222 nmscom

1339 376 1728 392 mmmmm

348 374 696 391 mmmmm
702 375 1052 393 mmmmm

799 542 1021 597 LlBER
1062 541 1250 597 ΧΧΙΗ
1268 586 1282 597 .

401 748 434 789 1.
462 747 495 790 F
501 760 661 791 AUSTUS
683 745 825 790 dixit:
856 766 876 788 «
897 746 1143 806 Disputanti
1180 746 1286 790 mihi
1321 744 1558 806 aliquando
1578 780 1588 799 ‚
1626 747 1728 806 qui-

337 816 438 860 dam
461 831 511 860 ex
534 831 763 859 numerosa
793 815 921 875 plebe
955 816 1220 876 respondens
1249 817 1308 861 ait
1344 837 1352 861 :
1384 816 1552 876 Accipis
1581 819 1730 861 Jesum

336 886 391 930 de
427 886 562 931 Maria
603 888 792 930 natum?
833 886 915 931 Cui
938 901 1042 943 ego,
1077 890 1322 939 Quemnam
1340 923 1352 942 ‚
1381 888 1590 947 inquam,
1623 887 1730 932 dicis

335 959 518 1001 Jesum‘?
550 958 659 1001 Nam
682 955 826 1015 plures
858 957 903 1000 in
939 957 1198 1002 Hebra'ismo
1228 958 1409 1002 fuerunt
1432 961 1555 1002 Jesus
1581 977 1589 1002 z
1617 974 1730 1003 unus

333 1026 512 1086 quidem
545 1029 662 1074 Nave
699 1027 813 1072 filius
838 1063 849 1084 ,
888 1027 1128 1088 discipulus
1166 1029 1334 1086 Moysi3
1360 1028 1467 1072 alter
1488 1044 1591 1074 vero
1615 1028 1730 1073 filius

333 1097 548 1143 Josedech
569 1099 803 1143 sacerdotis
826 1100 996 1158 magni3
1017 1100 1118 1144 item
1143 1099 1252 1143 alius
1275 1099 1351 1159 qui
1373 1099 1516 1144 dictus
1535 1109 1597 1144 est
1614 1100 1729 1145 filius

333 1169 470 1213 David
487 1205 498 1225 ,
524 1169 633 1214 alius
657 1185 758 1214 vero
777 1169 914 1214 Filius
940 1170 1032 1214 Dei¹
1055 1191 1066 1228 3
1089 1185 1325 1230 quemnam
1350 1184 1451 1227 ergo
1468 1170 1651 1214 istorum
1673 1170 1729 1215 de

330 1241 467 1286 Maria
485 1250 639 1284 natum
661 1241 820 1300 quaeris
843 1257 894 1284 ex
916 1256 984 1285 me
1008 1250 1157 1286 utrum
1181 1241 1422 1300 accipiam?
1451 1241 1630 1301 Utique,
1659 1241 1728 1285 in-

330 1313 454 1372 quit,
483 1312 645 1356 Filium
665 1312 756 1356 Dei.
783 1313 865 1358 Cui
888 1327 966 1370 ego
989 1331 999 1358 z
1022 1315 1077 1357 Et
1098 1328 1187 1372 quo
1206 1322 1383 1357 auctore
1403 1329 1546 1372 quove
1567 1312 1729 1371 magis-

331 1392 398 1428 tro
432 1382 617 1428 docente
651 1383 769 1427 istud
791 1383 1032 1442 accipiam?
1067 1386 1124 1428 At
1158 1383 1229 1426 ille
1250 1418 1260 1437 ‚
1287 1384 1497 1428 Matthaeo
1516 1418 1526 1437 ‚
1563 1383 1721 1443 inquit.

328 1456 411 1501 Cui
444 1469 618 1498 rursum
641 1469 720 1512 ego
740 1470 751 1498 .·
771 1453 888 1508 Quid
910 1454 1024 1498 enim
1050 1454 1285 1499 Matthaeus
1317 1455 1516 1513 scripsit?
1540 1456 1595 1498 Et
1619 1453 1691 1498 ille
1713 1474 1722 1500 :

332 1544 351 1566 υ
377 1525 509 1570 Liber
532 1524 822 1584 generationis
849 1527 951 1569 Jesu
983 1524 1144 1569 Christi
1178 1524 1255 1567 filii
1288 1524 1423 1568 David
1440 1559 1450 1579 ‚
1483 1523 1560 1567 filii
1585 1524 1726 1568 Abra-

330 1615 350 1638 »
377 1597 522 1651 ham¹,
542 1606 626 1641 etc.
650 1615 670 1638 »
697 1598 809 1640 Tum
831 1612 911 1654 ego
935 1615 944 1641 2
968 1599 1244 1649 Putaveram,
1271 1596 1468 1655 inquam,
1491 1595 1593 1655 quia
1614 1611 1725 1640 esses

326 1666 524 1711 dicturus
544 1685 553 1711 ;
574 1666 704 1711 Liber
722 1681 757 1725 g«
777 1666 1009 1710 nerationis
1032 1668 1136 1710 Jesu
1158 1665 1317 1711 Christi
1338 1663 1436 1709 Filii
1461 1665 1564 1723 Dei3
1589 1676 1631 1710 et
1655 1681 1724 1710 me

325 1753 577 1796 paraveram
594 1738 650 1795 ad
668 1737 1037 1796 praescribendum
1063 1756 1072 1781 ε
1097 1737 1172 1781 sed
1195 1737 1296 1796 quia
1315 1752 1433 1781 nunc
1452 1736 1638 1782 fideliter
1654 1753 1722 1782 ca-

325 1808 518 1867 pitulum
539 1809 814 1863 memorasti,
846 1806 1148 1852 admonendus
1170 1816 1339 1851 tantum
1368 1822 1411 1851 es
1427 1843 1437 1861 ,
1464 1816 1512 1851 ut
1534 1807 1578 1852 id
1601 1808 1720 1868 quod

324 1879 535 1934 recitasti,
570 1877 831 1924 consideres.
871 1880 1022 1939 Neque
1056 1879 1169 1922 enim
1203 1878 1438 1922 Matthaeus
1470 1878 1538 1922 hic
1572 1894 1615 1922 se
1644 1878 1721 1922 Dei

325 1948 424 1994 Filii
457 1950 782 2010 generationem
816 1949 1001 1994 scribere
1034 1949 1198 1994 fatetur
1228 1949 1463 1993 instituisse
1483 1985 1494 2004 ‚
1531 1950 1606 1993 sed
1643 1949 1720 1994 filii

324 2021 477 2066 David.
508 2040 528 2062 »

358 2095 416 2136 ΙΙ.
437 2111 458 2135 «
476 2095 533 2137 Ut
546 2108 649 2152 ergo
666 2092 768 2136 huic
784 2091 959 2136 interim
971 2082 1133 2135 dicenti
1146 2090 1336 2144 credam,
1352 2089 1467 2134 filius
1482 2089 1618 2134 David
1637 2092 1719 2135 erit

324 2164 430 2208 mihi
451 2162 506 2208 de
527 2163 662 2209 Maria
682 2172 809 2208 natus
831 2183 839 2208 :
864 2162 1008 2207 adhuc
1030 2161 1084 2206 de
1109 2165 1183 2206 Dei
1203 2161 1315 2206 Filio
1333 2162 1378 2205 in
1395 2162 1479 2206 hoc
1501 2162 1621 2206 omni
1639 2178 1717 2221 ge-

325 2233 557 2279 nerationis
581 2244 700 2279 textu
724 2233 843 2278 nulla
865 2235 913 2277 fit
937 2234 1100 2277 mentio
1123 2249 1261 2292 usque
1277 2232 1330 2276 ad
1355 2233 1616 2290 baptismum
1634 2232 1717 2276 sci-

323 2306 449 2362 licet,
475 2306 723 2366 frustraque
745 2305 1007 2351 calumniam
1036 2321 1112 2350 vos
1141 2305 1335 2363 ingeritis
1363 2304 1584 2363 scriptori,
1618 2313 1715 2349 tan-

322 2392 455 2438 quam
478 2378 556 2422 Dei
572 2376 644 2421 ille
667 2377 828 2422 Filium
850 2377 895 2420 in
918 2385 1042 2421 utero
1061 2374 1253 2419 mulieris
1269 2375 1507 2420 incluserit.
1534 2378 1591 2420 At
1609 2391 1714 2420 vero

373 2491 380 2507 ¹
410 2483 509 2518 Exod.
530 2496 660 2527 xxxin,
693 2486 711 2518 3
731 2497 739 2517 ε
760 2494 779 2517 2
803 2485 892 2517 Esdr.
912 2495 958 2527 ιιι,
977 2493 1019 2516 2:
1038 2484 1086 2516 Id.
1110 2495 1143 2524 v,
1166 2493 1182 2516 2
1202 2495 1207 2514 :
1229 2484 1247 2514 3
1266 2484 1354 2516 Esdr.
1375 2495 1410 2526 v,
1430 2484 1448 2516 5
1466 2497 1472 2516 :
1493 2484 1611 2527 Aggaei,
1633 2495 1656 2526 1,
1680 2496 1709 2526 1,

323 2545 358 2575 et
377 2541 492 2584 saepius
508 2541 595 2575 alibi.
616 2543 710 2575 Rom.
726 2553 754 2584 1,
775 2552 806 2584 1,
825 2544 859 2574 et
875 2542 974 2573 Marc.
998 2551 1024 2582 1,
1045 2551 1074 2573 1.
1094 2556 1134 2565 -—
1151 2546 1162 2562 ²
1184 2539 1299 2572 matth.
1320 2551 1343 2582 ι,
1371 2551 1400 2572 ι.
