1803 3250
329 225 381 264 38
767 225 801 257 S.
836 224 1069 257 moverim
1099 225 1282 256 flascon

328 302 494 346 minum
514 299 665 342 Petrus
680 297 712 352 ¹,
735 295 795 340 ita
808 294 888 340 iste
908 294 1131 353 negaverit
1148 306 1341 339 uxorem.
1366 291 1494 346 Quod
1513 292 1547 338 si
1562 292 1622 339 ita
1635 307 1710 339 ne-

328 386 442 419 cesse
470 377 579 413 esset
600 364 810 427 intelligi,
835 375 1064 428 peccatum
1091 365 1280 412 hominis
1307 378 1607 424 agnoscerem,
1631 380 1711 412 nec

329 444 427 489 ideo
449 449 608 485 cuncta
629 439 720 500 ejus
734 439 887 484 merita
899 438 1041 483 deleta
1055 447 1185 500 atque
1206 436 1455 483 oblitterata
1472 450 1708 494 censerem,

325 516 438 560 sieut
453 526 533 557 nec
550 509 665 556 illius
681 509 878 570 Apostoli
900 529 909 556 :
929 525 1183 571 quanquam
1201 509 1329 570 culpa
1342 524 1433 554 non
1447 508 1501 554 sit
1514 508 1709 569 aequalis,

327 598 482 643 negare
505 597 711 637 uxorem,
748 590 792 626 et
823 595 980 640 negare
1013 581 1294 627 Salvatorem.
1332 582 1459 627 Nunc
1485 595 1588 626 vero
1612 594 1714 624 eum

328 656 509 700 habeam
535 651 656 713 quod
685 651 922 711 intelligam
944 667 999 697 ne
1022 653 1105 697 hoc
1136 651 1375 711 intelligam
1391 686 1403 707 ,
1438 650 1561 696 nulla
1587 666 1715 696 causa

331 742 461 786 cogor
484 724 725 769 temeritate
752 723 842 768 labi
868 723 924 768 ad
953 723 1361 783 reprehendendum
1379 758 1390 778 ,
1423 737 1553 784 quem
1587 737 1718 767 nemo

331 797 551 844 convincit
585 797 739 841 timore
772 795 941 854 lapsum
971 794 1102 839 fuisse
1132 794 1186 839 ad
1220 793 1536 839 mentiendum.
1566 795 1718 854 Neque

330 870 446 916 enim
469 877 618 912 utrum
641 868 732 927 ejus
755 882 863 911 uxor
885 875 994 910 esset
1015 866 1319 924 interrogatus,
1336 881 1427 910 non
1440 881 1529 910 esse
1546 880 1720 925 respon-

331 942 396 986 dit
423 959 431 985 :
455 939 531 983 sed
552 953 653 983 cum
671 938 725 981 ab
746 952 797 981 eo
819 944 1089 996 quaereretur
1111 936 1220 997 quid
1240 937 1278 980 ei
1301 945 1410 980 esset
1433 935 1507 981 illa
1531 935 1688 980 mulier
1703 969 1717 992 ‚

334 1010 541 1057 indicavit
575 1023 765 1054 sororem
783 1043 794 1064 ,
827 1024 918 1053 non
944 1009 1119 1068 negavit
1151 1023 1362 1054 uxorem:
1390 1008 1524 1054 tacuit
1555 1007 1721 1069 aliquid

328 1082 440 1137 veri,
466 1096 555 1125 non
572 1080 681 1124 dixit
702 1077 868 1140 aliquid
889 1077 1001 1124 falsi.

387 1153 571 1198 XXXV.
618 1153 687 1195 An
730 1164 869 1210 usque
916 1148 1026 1194 adeo
1065 1148 1301 1209 desipimus
1321 1185 1332 1205 ‚
1382 1159 1432 1194 ut
1473 1150 1543 1194 hic
1587 1151 1724 1194 Faus-

332 1235 427 1270 tum
463 1237 718 1283 sequamur,
754 1221 831 1281 qui
859 1220 918 1265 ait
943 1235 1136 1265 sororem
1158 1222 1408 1276 mentitum,
1439 1221 1562 1283 quasi
1587 1235 1724 1280 genus

334 1299 448 1342 Sarae
481 1292 658 1338 aliunde
697 1291 918 1347 didicerit,
958 1306 1061 1336 cum
1101 1291 1146 1336 id
1182 1300 1329 1336 sancta
1371 1291 1603 1351 Scriptura
1619 1307 1725 1337 vnon

335 1365 584 1428 aperuerit?
606 1368 719 1409 Puto
736 1365 906 1424 justum
938 1378 1026 1408 esse
1042 1398 1054 1418 ,
1085 1372 1135 1408 ut
1162 1363 1208 1407 in
1229 1378 1278 1407 ea
1306 1378 1367 1419 re,
1392 1378 1526 1424 quam
1547 1372 1728 1409 noverat

336 1438 585 1492 Abraham,
616 1451 697 1480 nos
725 1444 870 1480 autem
902 1450 993 1479 non
1026 1434 1224 1480 novimus
1244 1469 1255 1490 ,
1294 1435 1553 1480 Patriarchae
1584 1435 1729 1495 potius

337 1509 564 1556 credamus
587 1506 786 1568 loquenti
803 1505 925 1567 quod
943 1505 1044 1561 scit,
1069 1521 1200 1566 quam
1215 1506 1460 1551 Manichaeo
1480 1506 1729 1551 criminanti

337 1579 458 1643 quod
482 1579 632 1624 nescit.
662 1580 775 1623 Cum
798 1577 932 1637 igitur
954 1576 1176 1621 Abraham
1204 1591 1256 1621 eo
1285 1586 1480 1637 ternpore
1502 1577 1666 1623 viveret
1684 1578 1730 1623 in

341 1653 470 1698 rebus
495 1650 698 1695 humanis
715 1685 726 1705 ,
758 1665 848 1709 quo
870 1648 1049 1709 quidem
1066 1650 1156 1709 jam
1181 1647 1334 1694 fratres
1360 1663 1412 1693 ex
1434 1658 1623 1710 utroque
1655 1659 1730 1694 aut

339 1742 391 1770 ex
409 1724 544 1769 altero
566 1721 635 1767 vel
658 1721 793 1767 altera
815 1716 995 1781 parente
1017 1730 1142 1766 natos
1164 1721 1279 1765 necti
1299 1722 1505 1782 conjugio
1524 1737 1615 1766 non
1631 1721 1730 1766 lice-

339 1797 415 1840 bat
430 1830 442 1851 ,
482 1793 591 1840 filios
627 1802 772 1838 autern
807 1791 991 1836 fratrum
1027 1791 1222 1852 aliosque
1253 1791 1561 1853 longinquiore
1592 1793 1731 1853 gradu

342 1866 509 1928 generis
555 1864 901 1923 consanguineos
928 1899 940 1919 ,
991 1862 1112 1909 nulla
1161 1863 1257 1924 lege
1282 1900 1293 1921 ,
1350 1863 1471 1910 nulla
1518 1874 1733 1926 potestate

341 1938 560 2000 prohibita
592 1935 865 1982 consuetudo
889 1935 1126 1997 jungebat,
1163 1935 1270 1996 quid
1295 1936 1455 1981 mirum
1475 1937 1510 1982 si
1540 1953 1733 1983 sororem

341 2025 462 2055 suam
478 2044 490 2065 ,
514 2008 561 2053 id
583 2018 660 2064 est,
687 2023 740 2052 ex
766 2008 900 2068 patris
921 2007 986 2052 sui
1015 2007 1227 2068 sanguine
1248 2018 1518 2068 procreatam
1541 2009 1735 2056 habebat

342 2082 554 2129 uxorem?
578 2082 688 2127 Nam
713 2080 798 2125 hoc
828 2080 919 2140 ipse
944 2079 1145 2125 reddenti
1166 2079 1247 2125 sibi
1274 2095 1369 2125 eam
1399 2081 1488 2140 regi
1509 2080 1645 2138 dixit,
1679 2082 1735 2128 de

344 2164 466 2215 patre
491 2168 579 2198 esse
600 2167 808 2207 sororem,
832 2167 922 2197 non
945 2151 1000 2196 de
1022 2155 1189 2197 matre²
1211 2172 1220 2198 :
1246 2152 1322 2196 ubi
1339 2161 1456 2198 certe
1479 2162 1528 2198 ut
1544 2169 1735 2207 sororem

346 2225 618 2280 mentiretur,
644 2223 768 2269 nullo
784 2225 873 2285 jam
896 2225 1049 2269 timore
1071 2223 1326 2283 cogebatur,
1343 2225 1522 2285 quando
1541 2224 1614 2269 ille
1626 2241 1737 2270 uxo-

348 2312 439 2342 rem
460 2297 553 2356 ejus
575 2310 664 2340 esse
686 2293 897 2339 didicerat
912 2329 923 2349 ,
943 2304 987 2339 et
1004 2310 1098 2339 eam
1121 2295 1330 2340 divinitus
1349 2296 1521 2340 territus
1535 2311 1637 2341 cum
1655 2297 1737 2341 ho-

349 2383 453 2411 nore
477 2366 701 2411 reddebat.
719 2368 891 2410 Fratres
908 2374 1054 2410 autern
1069 2366 1156 2410 sive
1175 2382 1340 2411 sorores
1354 2367 1543 2425 generali
1558 2367 1737 2413 nomine

349 2438 690 2495 consanguineos
712 2436 780 2480 vel
801 2437 1144 2495 consanguineas
1167 2437 1303 2481 solere
1325 2438 1443 2497 apud
1465 2447 1631 2483 veteres
1657 2453 1736 2498 ap-

357 2509 523 2569 pellari,
552 2508 770 2567 Scriptura
792 2516 989 2552 testatur.
1012 2510 1118 2552 Nam
1139 2518 1180 2551 et
1201 2510 1354 2554 Tobias
1375 2510 1479 2555 dicit
1498 2513 1587 2555 Deo
1601 2545 1612 2566 ,
1637 2525 1736 2555 cum

433 2593 543 2624 Manh.
570 2603 659 2632 xxvr,
678 2603 730 2632 71.
752 2609 792 2615 -
810 2598 820 2613 ²
842 2593 921 2624 Gen.
943 2602 996 2631 xx,
1024 2601 1071 2624 ια.
