1803 3250
357 253 520 283 CONTRA
553 252 854 281 ADVERSARIUM
889 254 1023 291 meis,
1059 253 1141 280 Lm.
1178 253 1207 278 1.
1391 239 1473 278 367

97 339 116 363 »
141 335 298 380 corpus
319 320 448 364 multi
470 334 641 377 sumus,
672 333 820 363 omnes
842 319 957 362 enim
984 319 1038 363 de
1061 333 1150 363 uno
1170 332 1282 377 pane
1302 316 1478 376 partici-

96 409 116 433 »
141 394 339 451 panius1.
361 410 380 432 »
421 394 478 435 Et
509 399 685 450 propter
713 390 795 434 hoc
826 389 1077 449 subjunxit,
1119 387 1311 432 «Videte
1347 386 1478 432 Israel

94 481 114 504 »
139 463 381 507 seeundum
400 477 574 506 carnem
594 481 602 506 ;
628 475 774 506 nonne
787 460 864 520 qui
882 461 936 504 de
953 460 1168 505 sacrificiis
1188 461 1475 513 manducant,

96 552 114 574 η
140 533 245 578 socii
265 541 367 576 sunt
403 531 579 576 altaris?
615 553 630 573 »
671 533 726 575 Ut
748 529 1041 588 intelligerent
1072 532 1129 574 ita
1157 546 1200 574 se
1223 531 1313 590 jam
1342 530 1479 574 socios

92 619 181 647 esse
202 603 395 662 corporis
415 602 601 656 Christi,
633 600 1005 661 quemadmodum
1029 600 1091 644 illi
1121 601 1225 645 socii
1247 611 1348 645 sunt
1370 601 1479 644 alta-

93 675 161 719 ris.
188 677 245 719 Et
267 674 371 733 quia
401 682 450 717 ut
477 673 561 718 hoc
593 672 771 727 diceret,
811 672 865 716 ab
906 671 1151 716 idololatria
1189 671 1476 731 proliibebat3

90 744 210 788 unde
230 744 351 789 locus
367 743 446 788 iste
469 743 676 788 sermonis
694 743 802 803 ejus,
821 743 935 786 sicut
953 742 1312 795 commemoravi,
1334 757 1479 801 sump-

88 815 143 859 sit
163 815 388 860 exordium
413 834 422 860 :
448 830 503 858 ne
523 823 727 873 putarent
748 813 847 858 ideo
864 829 951 858 non
975 828 1064 857 esse
1085 812 1346 867 curandum,
1371 812 1405 856 si
1425 812 1480 856 de

88 885 304 930 sacrificiis
325 886 506 929 ederent
527 884 761 939 idolorum,
787 884 889 945 quia
906 883 1074 928 idolum
1099 883 1209 928 nihil
1233 892 1314 937 est,
1334 882 1480 927 existi-

21 973 27 978 ·
88 966 254 1001 mantes
276 956 357 1000 sibi
380 957 474 1001 haec
503 957 623 1001 velut
640 957 858 1017 superflua
884 972 972 1000 non
998 971 1180 1010 nocere,
1206 954 1481 1000 confirmavit

88 1027 266 1088 quidem
289 1037 332 1072 et
352 1028 443 1088 ipse
463 1026 574 1071 nihil
591 1043 679 1072 esse
701 1027 867 1072 idolum
895 1047 903 1072 ε
930 1043 1009 1072 nec
1031 1026 1130 1071 ideo
1152 1042 1195 1070 se
1224 1026 1304 1071 ista
1327 1025 1476 1085 prohi-

88 1098 190 1143 bere
205 1134 216 1153 ‚
241 1099 342 1159 quia
366 1097 492 1143 idolis
515 1098 797 1143 immolantur
818 1115 917 1158 quae
942 1113 1030 1142 non
1064 1098 1226 1142 habent
1249 1098 1478 1155 sensum²3

87 1169 161 1214 sed
183 1170 287 1230 quia
312 1189 332 1211 «
351 1185 451 1230 quae
468 1169 722 1224 immolant,
743 1188 761 1210 »
789 1169 959 1229 inquit,
980 1170 1024 1212 id
1043 1178 1121 1222 est,
1148 1167 1366 1212 idolorum
1382 1167 1480 1212 cul-

91 1260 109 1281 »
138 1249 274 1296 tores,
309 1239 560 1294 daemoniis,
587 1250 630 1283 et
652 1255 742 1284 non
764 1243 869 1294 Deo,
897 1239 1137 1284 immolant.
1163 1238 1275 1284 Nolo
1304 1255 1379 1283 vos
1407 1254 1480 1283 so-

90 1331 110 1353 »
135 1313 222 1356 cios
245 1310 564 1356 daemoniorum
593 1311 732 1354 fieriss.
762 1330 780 1351 n
815 1314 951 1354 Istum
984 1326 1158 1354 sensum
1193 1311 1352 1355 veritas
1390 1311 1481 1369 ipsa

87 1383 278 1428 declarat
299 1403 309 1428 ;
335 1384 437 1444 quia
461 1384 507 1426 in
531 1381 694 1442 templo
723 1383 794 1427 cui
822 1383 1037 1427 serviebat
1063 1382 1294 1426 carnaliter
1316 1382 1475 1437 Israel,

86 1471 177 1500 non
204 1456 358 1516 utique
389 1453 556 1499 idolum
590 1453 828 1499 colebatur.
867 1457 976 1499 Nam
1007 1454 1040 1498 si
1078 1454 1281 1498 sacrificia
1306 1469 1405 1513 quae
1435 1453 1482 1496 in

85 1526 160 1571 illo
196 1526 358 1586 templo
379 1524 620 1570 secundum
644 1535 832 1570 veterem
857 1528 1015 1583 Legem
1039 1525 1341 1569 offerebantur
1363 1527 1478 1579 Deo,

87 1607 297 1658 tanquam
331 1597 551 1642 idolorum
584 1597 791 1641 sacrificia
823 1597 1150 1650 damnarentur,
1175 1595 1246 1640 vel
1272 1605 1481 1655 tanquam

86 1668 312 1713 daemoniis
334 1667 556 1712 immolata
574 1703 584 1720 ‚
612 1667 734 1711 nullo
757 1668 888 1712 modo
925 1667 1017 1727 ipse
1048 1667 1257 1712 Dominus
1285 1667 1481 1711 Christus

84 1739 256 1798 leproso
280 1754 410 1799 quem
436 1739 751 1792 mundaverat,
787 1738 950 1783 diceret
972 1758 980 1783 :
1013 1758 1032 1780 «
1052 1737 1172 1782 Vade
1191 1773 1201 1792 ,
1235 1736 1415 1782 ostende
1438 1747 1481 1782 te

91 1830 110 1852 »
136 1810 376 1864 sacerdoti,
402 1819 444 1854 et
462 1810 573 1854 offer
596 1825 756 1853 munus
776 1811 895 1870 quod
920 1809 1126 1869 praecepit
1142 1812 1315 1867 Moyses
1337 1809 1382 1852 in
1401 1817 1482 1852 tes-

88 1899 109 1922 »
136 1881 368 1925 timonium
383 1879 510 1924 illis4.
533 1899 552 1921 »
580 1879 786 1926 Nondum
812 1881 928 1924 enim
954 1879 1133 1924 dederat
1154 1895 1234 1939 pro
1263 1878 1481 1923 sacrificiis

82 1950 165 1996 illis
179 1951 383 1995 omnibus
395 1951 462 1994 sui
476 1950 669 2008 corporis
687 1951 957 2004 sacrificium,
987 1950 1185 1995 nondum
1200 1950 1481 1994 suscitaverat

83 2023 148 2066 sui
170 2021 360 2081 corporis
383 2021 614 2080 templum.
640 2024 728 2067 Nec
751 2021 805 2065 de
827 2021 903 2066 illo
927 2020 1091 2080 templo
1115 2021 1289 2081 ejiciens
1311 2036 1384 2065 eos
1401 2020 1479 2080 qui

84 2093 216 2138 boves
241 2102 284 2136 et
306 2089 532 2136 columbas
554 2090 819 2145 vendebant,
845 2091 1009 2135 diceret
1031 2111 1038 2135 :
1068 2111 1086 2132 «
1104 2094 1266 2136 Domus
1283 2106 1379 2135 mea
1397 2089 1479 2135 do·

87 2183 106 2205 n
134 2179 230 2208 mus
252 2163 457 2208 orationis
485 2163 740 2221 vocabitur,
773 2178 849 2208 vos
872 2173 1015 2207 autem
1041 2161 1201 2207 fecistis
1228 2161 1348 2207 illam
1379 2176 1479 2222 spe-

88 2253 108 2276 »
133 2234 312 2279 luncam
331 2233 599 2278 latronum5.
622 2252 641 2274 »

139 2307 349 2350 XXXIX.
369 2307 479 2350 Sane
492 2303 548 2349 de
562 2304 822 2364 apocryphis
840 2304 918 2348 iste
933 2305 1076 2364 posuit
1090 2290 1356 2358 testimonia,
1375 2318 1476 2363 quae

83 2376 166 2420 sub
213 2375 466 2420 nominibus
499 2375 810 2436 Apostolorum
847 2377 1034 2420 Andreae
1066 2375 1334 2434 ,loannisque
1369 2389 1477 2419 con-

88 2447 249 2507 scripta
263 2455 380 2491 sunt.
408 2448 516 2499 Quae
531 2446 565 2490 si
584 2446 759 2491 illorum
779 2456 934 2500 essent,
960 2454 1131 2505 recepta
1153 2454 1295 2489 essent
1316 2445 1373 2489 ab
1394 2447 1479 2489 Ec-

134 2551 145 2567 ¹
168 2561 180 2581 1
202 2551 277 2583 Cor.
293 2561 328 2591 x,
351 2547 389 2592 ¹4
404 2553 438 2582 et
454 2559 543 2593 seqq.
556 2566 598 2573 -
614 2549 689 2582 ²1d.
711 2559 777 2590 vm,
798 2547 832 2590 4.
849 2547 916 2571 ——3
939 2560 950 2580 1
970 2549 1041 2580 Cor.
1061 2558 1095 2588 x,
1118 2558 1166 2580 ιο.
1181 2563 1223 2570 ——-
1237 2545 1253 2571 l*
1271 2546 1385 2580 matth.
1406 2557 1480 2586 vm,

86 2604 122 2647 4,
146 2608 180 2638 et
196 2604 299 2638 Levit.
319 2614 388 2646 xiv,
407 2613 439 2638 2.
457 2620 499 2628 —
513 2602 529 2627 5
546 2603 667 2637 Matth.
688 2615 754 2646 xxi,
776 2606 825 2636 13.
