1803 3250
351 185 405 222 82
784 195 817 220 s.
853 193 1084 222 Auous‘nm
1117 194 1297 221 zmscom

399 259 617 302 Lxxvss.
642 257 684 302 Si
700 266 848 301 autem
865 258 948 303 hoc
973 259 1132 303 mirum
1154 258 1241 302 istis
1259 257 1381 302 vanis
1398 257 1587 313 videtur,
1608 258 1729 318 quod

337 328 455 372 aliud
480 337 583 371 tunc
609 330 720 371 Deus
745 328 951 388 proecepit
981 329 1350 388 dispensatoribus
1380 328 1547 373 Veteris
1581 330 1732 372 Testa-

339 399 471 442 menti
505 398 577 441 ubi
611 398 717 443 Novi
754 400 890 457 gratia
923 400 1182 454 velabatur,
1215 399 1336 444 aliud
1375 399 1733 458 praedicatoribus

337 469 444 514 Novi
469 469 732 513 Testamenti
756 470 830 512 ubi
853 471 1015 513 Veteris
1038 471 1280 514 obscuritas
1316 469 1563 528 revelatur3
1589 479 1734 514 atten-

335 538 441 584 dant
469 539 609 598 ipsum
641 541 872 584 Dominum
895 542 1118 586 Christum
1148 550 1392 586 mutantem
1412 557 1512 602 quae
1534 540 1730 596 dixerat,

330 621 373 655 ct
395 610 515 656 aliud
536 610 755 656 dicentem
777 631 785 656 :
816 632 835 654 «
858 612 1045 666 Quando
1070 613 1161 657 misi
1186 628 1260 657 vos
1276 647 1286 666 ,
1323 614 1469 672 inquit
1485 648 1495 667 ‚
1521 612 1614 657 sine
1636 627 1731 657 sac-

334 701 351 722 »
377 682 478 727 culo
502 693 545 727 et
568 699 668 742 pera
696 693 739 726 et
766 683 1069 728 calceamentis
1086 720 1098 738 ‚
1136 683 1354 743 numquid
1385 684 1553 743 aliquid
1585 683 1729 728 defuit

333 773 352 795 »
380 754 515 799 vobis.
544 758 599 798 At
627 754 687 797 illi
710 754 943 799 dixerunt:
968 754 1099 801 Nihil.
1131 755 1240 799 Dicit
1261 770 1365 814 ergo
1382 756 1440 799 eis
1466 774 1474 800 :
1506 754 1592 800 Sed
1610 770 1729 800 nunc

333 844 351 865 »
378 826 452 885 qui
478 826 608 869 habet
629 826 869 879 sacculum,
898 825 1042 878 tollat,
1077 824 1278 869 similiter
1308 834 1352 869 et
1386 840 1559 884 peram3
1591 834 1635 870 et
1656 825 1732 886 qui

331 915 350 936 »
379 911 468 940 non
490 896 636 948 habet,
664 896 823 938 vendat
848 896 1042 939 tunicam
1063 910 1213 949 suam,
1244 905 1286 939 et
1313 906 1429 940 emat
1447 895 1687 954 gladium1.
1708 913 1728 937 »

327 967 399 1010 Isti
421 975 537 1009 certe
560 965 595 1008 si
619 965 696 1008 ista
714 963 880 1009 diversa
899 966 945 1008 in
963 965 1247 1009 Testamentis
1261 965 1440 1023 singulis
1457 965 1726 1020 invenirent,

328 1037 484 1080 Vetere
506 1045 549 1080 et
572 1037 709 1090 Novo,
736 1035 865 1080 etiam
890 1052 942 1080 ex
963 1036 1048 1080 hoc
1073 1036 1337 1091 clamarent,
1360 1035 1449 1080 duo
1472 1035 1553 1080 sibi
1578 1038 1729 1081 Testa-

327 1115 477 1152 mento
501 1122 590 1151 esse
610 1108 844 1150 contraria.
871 1106 986 1160 Quid
1000 1122 1104 1165 ergo
1122 1122 1241 1151 nunc
1258 1106 1604 1167 respondebunt,
1625 1123 1729 1152 cum

326 1176 441 1221 idem
466 1178 556 1236 ipse
573 1176 680 1220 dicit
702 1197 714 1221 2
743 1195 763 1217 «
782 1179 921 1221 Antea
951 1178 1043 1221 misi
1066 1193 1141 1221 vos
1164 1164 1453 1223 sine-sacculo
1485 1188 1529 1223 et
1559 1194 1662 1239 pcra
1683 1187 1727 1223 et

330 1266 350 1289 »
376 1247 696 1300 calceamentis,
725 1255 769 1290 et
792 1246 900 1290 nihil
916 1247 1039 1291 vobis
1054 1247 1197 1291 defuit
1217 1267 1226 1292 ε
1253 1264 1371 1293 nunc
1390 1259 1538 1293 autem
1552 1249 1628 1309 qui
1646 1249 1728 1310 ha-

329 1338 350 1360 »
376 1319 450 1363 bet
477 1316 702 1362 sacculum
724 1352 735 1371 ‚
771 1316 910 1372 tollat,
936 1317 1135 1362 similiter
1156 1328 1200 1362 et
1232 1334 1407 1378 peram3
1432 1329 1475 1364 et
1497 1321 1575 1380 qui
1595 1321 1730 1364 habet

330 1409 350 1432 »
379 1390 587 1443 tunicam,
613 1387 776 1433 vendat
801 1398 845 1432 et
868 1399 983 1434 emat
1007 1388 1230 1448 gladium?
1247 1408 1266 1431 »
1298 1393 1454 1435 Jamne
1477 1390 1732 1450 intelligunt

327 1460 705 1521 quemadmodum
730 1459 851 1505 nulla
878 1460 1171 1505 inconstantia
1203 1461 1516 1521 praecipientis,
1550 1461 1626 1506 sed
1656 1478 1728 1507 ra-

329 1534 447 1578 tione
469 1532 759 1592 dispensantis
773 1567 784 1586 ,
812 1548 890 1591 pro
913 1541 1164 1592 temporum
1186 1533 1434 1578 diversitate
1453 1569 1464 1586 ,
1490 1542 1725 1594 praecepta,

329 1603 398 1648 vel
419 1602 615 1656 consilia,
640 1602 710 1647 vel
743 1603 944 1661 permissa
969 1606 1225 1647 mutentur?
1249 1605 1358 1648 Nam
1391 1604 1422 1648 si
1448 1603 1603 1649 dicunt
1623 1603 1730 1649 certi

331 1675 524 1733 mysterii
543 1674 679 1733 gratia
703 1674 785 1718 hoc
802 1673 857 1718 de
876 1673 1073 1719 tollendo
1094 1674 1268 1719 sacculo
1288 1683 1332 1718 et
1353 1690 1453 1734 pera
1475 1684 1519 1719 et
1540 1676 1730 1721 emendo

331 1746 476 1806 gladio
508 1747 707 1791 locutum
730 1744 861 1790 fuisse
878 1781 889 1801 ‚
922 1761 1002 1790 cur
1024 1761 1114 1790 non
1136 1745 1379 1790 admittunt
1399 1747 1506 1791 certi
1539 1741 1734 1805 mysterii

332 1819 470 1877 gratia
490 1816 696 1862 eumdem
718 1832 859 1861 unum
885 1820 1024 1861 Deum
1053 1826 1158 1861 tunc
1184 1818 1423 1876 Prophetas
1446 1832 1594 1876 gerere
1618 1817 1734 1862 bella

325 1888 518 1947 jussisse,
556 1903 674 1932 nunc
705 1886 937 1946 Apostolos
969 1887 1276 1947 prohibuisse?
1299 1890 1450 1948 Neque
1478 1888 1656 1932 enimin
1679 1903 1732 1933 eo

333 1958 457 2020 quod
472 1975 524 2004 ex
546 1958 788 2018 Evangelio
805 1960 1242 2004 commemoravimus
1255 1994 1265 2013 ‚
1295 1960 1427 2004 verba
1450 1969 1624 2004 tantum
1641 1963 1732 2006 Do-

336 2030 443 2076 mini
472 2029 650 2075 fuerunt
670 2050 679 2075 :
699 2030 775 2074 sed
800 2040 843 2074 et
868 2030 1262 2090 obtemperantium
1289 2045 1468 2091 quoque
1486 2030 1733 2091 Discipulo-

337 2118 436 2148 rum
459 2103 573 2148 facta
591 2111 743 2148 secuta
760 2112 876 2146 sunt.
903 2104 1011 2148 Nam
1039 2112 1083 2147 et
1115 2112 1220 2147 tunc
1241 2103 1333 2146 sine
1359 2102 1533 2148 sacculo
1560 2112 1604 2147 et
1631 2118 1734 2163 pera

338 2174 498 2230 ierunt,
519 2182 561 2218 et
577 2173 763 2218 nihileis
781 2172 921 2217 defuit
941 2194 952 2230 ς
976 2174 1085 2218 sicut
1104 2174 1195 2233 ejus
1217 2175 1503 2233 interrogatio
1520 2183 1564 2218 et
1581 2189 1734 2219 eorum

340 2245 560 2304 responsio
577 2244 826 2288 declaravit.
853 2246 908 2288 Et
930 2259 1046 2288 nunc
1068 2244 1272 2288 dixerunt
1297 2245 1357 2297 ei,
1379 2260 1480 2288 cum
1511 2244 1566 2289 de
1591 2244 1735 2304 gladio

342 2316 732 2375 emendojussisset
754 2334 761 2359 :
792 2334 811 2355 (ι
841 2317 950 2359 Ecce
969 2324 1071 2358 sunt
1090 2314 1160 2358 hic
1188 2314 1277 2359 duo
1300 2314 1446 2372 gladii.
1475 2318 1532 2359 Et
1552 2315 1626 2358 ille
1643 2330 1733 2358 res-

347 2407 364 2427 »
394 2387 546 2446 pondit
566 2407 573 2430 ;
594 2387 802 2431 Susticit2.
830 2410 843 2427 »
872 2387 980 2430 Hinc
994 2395 1037 2428 et
1057 2389 1208 2430 Petrus
1223 2395 1413 2431 armatus
1432 2386 1730 2441 inventus-est,

339 2472 439 2501 cum
458 2470 605 2498 aurem
621 2456 906 2513 persecutoris
920 2455 1102 2499 abscidit
1122 2473 1130 2498 :
1150 2455 1223 2497 ubi
1242 2465 1479 2514 spontanea
1499 2457 1591 2516 ejus
1607 2459 1733 2501 coer-

391 2548 400 2565 ¹
422 2544 498 2576 Luc.
522 2551 600 2578 xxii,
624 2540 676 2572 35.
696 2557 721 2562 -
751 2547 762 2562 ²
779 2540 862 2572 lbid.
881 2539 933 2572 38.
