1803 3250
277 219 332 250 An
364 223 554 253 onosmM
584 223 750 253 CONTRA
781 224 981 253 misem..
1018 225 1070 252 ET
1102 223 1276 254 omeEN.
1402 213 1487 255 447

100 288 148 331 in
164 288 256 347 ejus
273 288 580 348 sapientiajam
595 288 723 334 fuisse
742 288 853 333 facta
873 290 1038 345 omnia,
1060 298 1294 350 antequam
1311 290 1357 336 in
1370 291 1485 346 istas,

98 356 258 404 formas
284 368 329 403 et
351 358 503 404 modos
526 359 722 418 proprios
743 357 1066 418 proferrentur,
1090 369 1221 420 atque
1243 361 1289 405 in
1307 361 1394 406 suis
1415 377 1489 409 οι·-

98 428 274 474 dinibus
285 439 561 489 apparerent,
574 445 664 475 non
674 429 818 474 sobrie
833 428 1007 474 dicitur.
1031 432 1164 475 Facta
1181 431 1296 475 enim
1310 431 1490 492 quando

25 524 30 526 -
97 508 265 554 essent,
289 508 523 560 antequam
550 498 665 544 facta
688 502 863 544 essent?
888 499 972 544 Sed
995 500 1042 544 in
1065 501 1141 545 Dei
1162 501 1372 560 sapientia
1394 518 1491 547 om-

94 570 220 614 nium
250 568 550 615 faciendarum
587 585 733 614 rerum
763 570 950 614 rationes
984 586 1072 615 esse
1104 581 1360 631 potuerunt,
1394 589 1487 619 non

95 649 243 685 tamen
263 639 406 686 factae.
432 641 591 686 Omnia
613 641 730 686 enim
766 656 842 700 per
871 641 1008 700 ipsam
1035 641 1149 687 facta
1172 653 1302 699 sunt,
1337 660 1428 689 non
1448 654 1493 690 et

98 712 190 772 ipsa
213 710 326 757 facta
347 719 413 757 est
436 714 573 773 :qula
600 722 644 758 et
669 713 761 773 ipsa
789 721 853 757 est
875 714 1070 757 Verbum
1101 713 1156 758 de
1187 730 1275 774 quo
1302 715 1489 761 dicitur:

101 804 120 825 «
144 784 302 829 Omnia
325 800 402 844 per
422 784 565 844 ipsum
587 784 702 830 facta
725 787 872 830 sunt1.
893 803 912 826 »
938 787 1126 831 Noverat
1141 800 1245 844 ergo
1260 789 1374 830 Deus
1397 802 1493 832 om·

100 854 170 899 nia
181 854 396 916 quaefecit
417 865 656 916 antequam
678 854 856 901 faceret.
882 858 981 902 Non
1002 856 1118 901 enim
1137 872 1366 916 possumus
1389 872 1492 902 eum

97 922 244 969 dicere
265 926 463 984 ignorata
479 924 647 982 fecisse,
672 936 715 970 et
737 943 786 971 ea
805 940 894 971 non
918 926 998 970 nisi
1016 925 1131 971 facta
1148 926 1349 972 didicisse
1365 948 1377 985 3
1396 942 1494 971 nes-

99 995 205 1039 cisse
228 995 336 1055 quid
357 995 542 1051 faceret,
577 995 653 1040 sed
675 997 800 1041 scisse
828 995 948 1057 quod
982 995 1101 1041 fecit.
1127 999 1221 1041 Hoc
1244 997 1361 1041 enim
1383 997 1417 1042 si
1438 996 1494 1041 de

99 1064 247 1126 aliquo
269 1067 433 1112 artifice
455 1067 630 1111 homine
652 1067 894 1111 diceremus
910 1102 922 1121 ‚
947 1066 1298 1126 insipientissime
1319 1082 1493 1126 sapere-

99 1150 211 1181 mus.
237 1139 425 1183 Noverat
446 1153 550 1196 ergo
568 1153 616 1181 ea
640 1136 854 1192 facienda,
878 1152 969 1182 non
990 1136 1104 1182 facta
1128 1156 1137 1183 :
1163 1146 1344 1183 noverat
1361 1147 1410 1182 ut
1427 1137 1494 1182 fa-

99 1217 231 1263 ceret,
255 1224 346 1253 non
362 1210 465 1268 quia
487 1208 664 1253 fecerat.
684 1208 872 1254 Proinde
887 1210 1087 1269 quamvis
1099 1211 1190 1269 jam
1208 1218 1313 1254 nota
1333 1218 1490 1264 essent,

98 1278 201 1337 quia
216 1278 299 1323 nisi
319 1294 344 1323 a
365 1279 525 1324 sciente
547 1295 638 1323 non
661 1280 814 1324 fierent
832 1301 843 1337 3
867 1295 957 1324 non
983 1289 1130 1325 tamen
1154 1279 1268 1325 facta
1285 1295 1375 1325 esse
1396 1295 1492 1326 coe-

98 1357 274 1407 perunt,
300 1365 401 1408 quae
422 1358 473 1394 ut
495 1350 666 1405 fierent,
692 1349 1191 1409 sciebanturantequam
1209 1351 1377 1395 fierent.

157 1420 214 1464 X.
249 1420 363 1464 Cum
387 1428 534 1463 autem
555 1420 726 1475 veritas,
745 1435 844 1479 quae
861 1435 1004 1480 neque
1022 1419 1227 1479 opinatur
1243 1420 1487 1479 incognita,

99 1504 180 1534 nec
204 1490 396 1550 aliquem
431 1489 546 1535 fallit
568 1525 579 1546 ,
610 1491 916 1550 purgationem
943 1500 1135 1535 nostram
1152 1525 1163 1546 ,
1203 1491 1292 1535 imo
1315 1506 1418 1537 vero
1449 1499 1493 1536 et

98 1559 414 1619 perfectionem
445 1561 574 1605 etiam
608 1570 706 1621 post
740 1561 1098 1605 resurrectionem
1133 1576 1368 1620 corporum
1403 1562 1492 1620 spi-

100 1629 290 1674 ritalium
319 1646 459 1691 usque
487 1630 543 1674 ad
568 1629 824 1689 angelorum
845 1630 1141 1690 aequalitatem
1165 1632 1391 1690 promittat
1419 1629 1491 1675 fu-

100 1709 243 1745 turam
267 1702 284 1726 ²
304 1737 315 1758 ,
340 1701 565 1762 quomodo
600 1701 808 1746 dicuntur
840 1702 920 1760 ipsi
953 1701 1091 1746 sancti
1124 1701 1267 1760 angeli
1288 1736 1300 1757 ,
1333 1702 1494 1762 quibus

100 1771 391 1832 purgatissimi
417 1771 606 1833 aequales
632 1772 792 1816 erimus
813 1807 824 1827 ,
851 1771 996 1816 adhuc
1030 1788 1052 1816 a
1077 1772 1264 1831 peccatis
1290 1772 1376 1817 suis
1406 1788 1494 1817 esse

99 1842 346 1901 purgandi?
368 1845 424 1888 Et
445 1857 547 1887 cum
577 1842 741 1886 coelum
767 1857 930 1887 novum
957 1851 999 1886 et
1023 1852 1183 1887 terram
1205 1858 1365 1887 novam
1398 1842 1495 1903 pol-

98 1912 282 1958 liceatur
305 1916 418 1958 Deus
436 1912 738 1957 habitaculum
760 1920 1011 1957 sanctorum
1029 1921 1161 1973 atque
1177 1913 1232 1957 ab
1253 1914 1373 1958 omni
1394 1913 1494 1958 labe

101 1983 234 2044 hujus
263 1983 411 2028 saeculi
438 1992 724 2043 purgatorum
756 1984 770 2008 3
789 2017 801 2038 ,
825 1998 913 2042 qua
936 1982 1113 2027 tandem
1145 1982 1388 2028 affirmatur
1416 2000 1494 2029 au·

101 2053 240 2110 dacia,
265 2070 355 2099 non
372 2053 573 2098 futurum
588 2053 719 2097 fuisse
745 2052 986 2108 mundum,
1006 2052 1052 2097 id
1070 2062 1148 2108 est,
1170 2053 1334 2100 coelum
1356 2063 1398 2098 et
1412 2064 1489 2099 ter-

102 2141 217 2182 ram,
251 2126 334 2170 nisi
363 2134 540 2185 propter
572 2125 871 2169 necessitatem
901 2124 1234 2183 purgandorum
1261 2125 1492 2184 spirituum

102 2196 402 2252 rationalium,
428 2196 506 2257 qui
532 2195 603 2240 vel
623 2196 669 2239 in
691 2193 804 2239 coelo
826 2194 894 2240 vel
915 2195 961 2238 in
987 2203 1101 2239 terra
1129 2210 1221 2240 non
1247 2206 1389 2241 essent
1408 2198 1491 2242 nisi

102 2283 183 2328 pro
203 2269 366 2313 meritis
388 2268 696 2328 peccatorum?
712 2265 829 2320 Quid
848 2280 949 2324 ergo
964 2267 1156 2326 purgatis
1171 2282 1280 2327 opus
1298 2277 1362 2313 est
1377 2269 1492 2315 coelo

102 2353 220 2384 novo
241 2347 285 2383 et
303 2349 415 2384 terra
431 2353 565 2393 nova,
583 2337 621 2382 si
633 2337 806 2397 purgati
827 2337 882 2381 ad
906 2337 990 2389 hoc
1013 2338 1317 2395 restituuntur,
1335 2349 1385 2384 ut
1406 2340 1494 2384 sint

103 2407 479 2467 quemadmodum
488 2407 669 2453 fuerunt
684 2417 785 2452 ante
800 2407 964 2452 coelum
984 2417 1028 2452 et
1045 2417 1205 2453 terram
1218 2406 1311 2455 sine
1325 2410 1440 2455 coelo
1451 2419 1494 2455 et

105 2481 250 2524 terra?
271 2478 398 2534 Quod
418 2480 468 2524 si*
484 2477 664 2523 omnino
687 2493 839 2523 verum
863 2487 972 2522 esset
988 2512 1000 2535 ,
1023 2493 1103 2524 nos
1126 2494 1266 2541 usque
1295 2480 1351 2526 ad
1380 2479 1492 2527 illud

156 2571 165 2588 ¹
185 2567 276 2599 Joan.
296 2576 327 2606 1,
345 2576 434 2598 1.-
450 2571 464 2588 2
487 2566 565 2599 Luc.
583 2574 636 2606 u,
656 2564 710 2597 36.
728 2581 768 2589 -
787 2562 802 2588 3
817 2564 889 2598 lsai.
910 2575 997 2606 LXVI,
1014 2573 1072 2600 22·
