1803 3250
322 221 371 258 12
749 227 783 257 s.
820 230 1049 257 AUGUSTUS!
1084 230 1263 257 EPISCOPI

316 295 389 341 sed
412 297 456 340 in
478 299 600 341 Novo
627 294 746 355 quod
779 305 828 340 ut
859 297 1080 356 imperitos
1114 295 1268 341 fallant
1290 295 1536 355 accipiunt,
1561 297 1701 340 Deum

316 383 404 411 esse
422 368 639 411 miratum.
665 367 885 412 Christum
913 369 1027 411 enim
1054 366 1245 412 fatentur
1268 371 1406 412 Deum
1423 403 1433 422 ‚
1460 376 1503 411 et
1523 367 1636 411 hanc
1657 367 1701 411 in

318 439 473 499 laqueo
495 453 574 482 suo
593 438 714 483 velut
731 454 871 484 escam
890 438 1181 484 dulcissimam
1202 449 1373 499 ponunt
1391 475 1401 494 ‚
1427 455 1512 498 qua
1531 439 1704 484 Christo

316 509 486 553 deditos
507 510 691 569 capiant.
718 513 829 554 Deus
847 526 950 569 ergo
971 512 1148 555 miratus
1171 520 1234 555 est
1249 547 1259 566 ‚
1287 526 1385 555 cum
1406 510 1602 556 Christus
1624 510 1705 554 mi-

317 590 433 624 ratus
457 591 519 625 est
542 603 550 626 2
582 582 641 625 sic
665 582 778 625 enim
804 582 1010 641 scriptum
1038 591 1101 626 est
1122 582 1166 625 in
1191 581 1429 640 Evangelio
1445 617 1456 637 ‚
1483 580 1604 642 quod
1627 596 1706 625 au-

316 653 404 695 dita
428 652 512 696 fide
535 654 760 713 cujusdam
788 654 1065 698 Centurionis
1091 655 1270 698 miratus
1300 663 1390 707 est,
1423 663 1465 697 et
1489 654 1548 697 ait
1570 652 1708 698 Disci-

316 723 427 782 pulis
450 725 534 767 suis
561 743 569 768 :
600 744 618 766 ι(
647 729 786 768 Amen
809 724 908 769 dico
927 725 1047 769 vobis
1066 761 1076 779 ,
1103 741 1189 769 non
1214 725 1361 770 inveni
1385 733 1550 769 tantam
1574 723 1707 768 fidem

320 814 337 835 u
364 795 407 839 in
435 795 560 839 lsrael
584 799 611 839 ¹.
642 815 660 837 n
688 799 801 841 Ecce
820 813 896 841 nos
918 807 967 841 ut
986 798 1206 856 potuimus
1224 833 1234 852 ‚
1266 797 1558 856 exposuimus.
1586 796 1709 840 Vidit

315 869 429 910 Deus
454 869 554 927 quia
576 869 739 911 bonum
763 870 855 912 est2
882 889 892 925 3
917 878 958 911 et
981 868 1135 912 melius
1162 868 1349 913 fortassis
1377 877 1603 928 exponunt
1629 868 1709 912 ista

316 937 512 982 meliores
533 959 541 983 ε
566 948 783 997 exponant
813 949 855 982 et
877 939 946 983 isti
970 955 1104 999 quare
1135 941 1187 983 sit
1218 941 1395 984 miratus
1416 942 1537 983 Jcsus
1553 975 1563 994 ,
1590 939 1711 999 quod

316 1019 548 1069 autequam
572 1010 693 1054 fleret
711 1045 720 1063 ‚
749 1010 1030 1069 praesciebat3
1057 1021 1100 1055 et
1122 1021 1357 1071 antequam
1380 1010 1552 1055 audiret
1573 1046 1584 1063 ‚
1620 1010 1710 1053 uti-

314 1096 400 1140 que
429 1090 622 1124 noverat.
651 1083 912 1141 Quanquam
936 1082 1050 1125 enim
1073 1082 1312 1140 plurimum
1334 1082 1501 1124 intersit
1524 1117 1533 1136 ,
1561 1091 1710 1125 utrum

315 1151 459 1195 videat
480 1151 632 1211 aliquis
658 1152 760 1211 quia
786 1153 950 1195 bonum
974 1161 1036 1195 est
1054 1188 1064 1207 ‚
1090 1169 1141 1195 an
1168 1152 1294 1195 etiam
1324 1152 1531 1196 miretur:
1555 1153 1597 1195 in
1627 1153 1710 1196 hoc

317 1234 459 1268 tamen
487 1236 550 1268 est
572 1223 783 1268 nonnulla
808 1223 1046 1267 similitudo
1068 1260 1077 1279 ‚
1114 1225 1214 1284 quia
1253 1225 1382 1267 etiam
1408 1227 1532 1268 Jesus
1566 1224 1710 1268 lucem

316 1295 417 1338 fidei
439 1295 615 1338 miratus
633 1303 696 1338 est
716 1330 726 1347 ,
753 1309 883 1354 quam
903 1295 944 1337 in
965 1294 1095 1338 corde
1113 1294 1226 1338 illius
1245 1295 1525 1340 Centurionis
1541 1295 1631 1354 ipse
1650 1296 1711 1339 fe-

315 1375 455 1419 cerat,
474 1366 549 1425 qui
582 1381 730 1409 verum
763 1374 826 1409 est
850 1364 998 1408 lumen
1019 1401 1027 1418 ,
1055 1366 1174 1425 quod
1198 1364 1416 1410 illuminat
1439 1382 1614 1411 omnem
1632 1367 1711 1411 ho-

317 1438 476 1480 minem
493 1437 741 1480 venientem
767 1437 810 1480 in
830 1438 947 1481 hunc
971 1438 1191 1481 mundum
1212 1439 1243 1480 ³.

376 1509 494 1552 xiv,
542 1511 681 1561 Quem
711 1517 856 1567 posset
887 1518 1004 1552 certe
1041 1507 1194 1568 aliquis
1224 1508 1382 1568 impius
1419 1524 1613 1568 paganus
1653 1508 1712 1553 ita

316 1578 568 1623 calumniari
609 1588 650 1623 et
684 1579 1002 1638 reprehendere
1038 1579 1082 1622 in
1118 1579 1356 1638 Evangelio
1374 1614 1384 1633 ,
1431 1580 1541 1624 sicut
1572 1582 1712 1623 Deum

317 1653 502 1694 Faustus
533 1651 577 1694 in
609 1653 765 1695 Vetere
790 1654 1079 1694 Testamento.
1109 1651 1277 1694 Diceret
1312 1651 1428 1694 enim
1462 1660 1504 1695 et
1527 1650 1600 1694 ille
1627 1651 1711 1695 im-

317 1723 548 1781 providum
569 1723 808 1776 Christum,
838 1739 927 1767 non
951 1722 1091 1767 solum
1114 1738 1164 1767 ex
1192 1723 1274 1767 hoc
1298 1722 1418 1783 quod
1450 1724 1627 1767 miratus
1649 1733 1714 1769 est

316 1793 592 1837 Centurionis
616 1792 746 1838 fidem
767 1815 778 1850 3
812 1794 1095 1838 verumetiam
1119 1793 1240 1853 quod
1263 1792 1421 1838 Judam
1445 1795 1559 1838 inter
1582 1795 1713 1839 Disci-

316 1863 442 1923 pulos
461 1863 619 1922 elegit*
638 1900 649 1919 ,
676 1865 751 1925 qui
776 1863 980 1909 mandata
1004 1865 1094 1924 ejus
1117 1880 1206 1908 non
1230 1873 1320 1908 erat
1343 1875 1591 1909 servaturus
1607 1901 1617 1919 ‚
1651 1865 1712 1909 si-

317 1943 391 1978 cut
422 1934 701 1994 reprehendit
733 1935 812 1980 iste
830 1971 840 1990 ‚
877 1951 955 1980 cur
983 1945 1250 1995 praeceptum
1275 1936 1319 1979 in
1338 1936 1537 1995 paradiso
1560 1936 1714 1981 datum

318 2005 450 2050 fuerit
483 2007 647 2051 homini
671 2023 758 2052 non
782 2007 954 2052 facturo
972 2010 1002 2051 ⁵.
1029 2007 1237 2067 Culparet
1266 2008 1394 2052 etiam
1426 2007 1536 2052 illud
1554 2043 1564 2063 ‚
1592 2009 1714 2069 quod

318 2078 424 2122 scire
447 2093 533 2123 non
552 2079 745 2138 potuerit
767 2080 864 2139 quis
886 2094 986 2123 eum
1010 2079 1227 2138 tetigerit,
1253 2080 1431 2140 quando
1453 2079 1596 2139 tetigit
1619 2080 1714 2124 fim-

320 2149 457 2194 briam
474 2151 720 2194 vestimenti
735 2151 828 2211 ejus
844 2186 855 2202 ‚
875 2166 974 2210 quae
991 2150 1156 2195 fluxum
1176 2151 1398 2209 sanguinis
1413 2151 1710 2210 patiebaturG:

320 2221 431 2266 sicut
451 2221 529 2265 iste
547 2221 739 2281 culpavit
759 2225 895 2266 Deum
915 2223 1096 2266 nescisse
1120 2223 1194 2266 ubi
1216 2222 1370 2266 lateret
1392 2221 1545 2266 Adam.
1571 2223 1714 2269 Credo

321 2293 423 2353 quia
447 2292 602 2337 dixerit
628 2313 635 2338 :
672 2312 688 2333 «
719 2292 856 2338 Adam
887 2293 965 2337 ubi
991 2295 1101 2337 08⁷?
1127 2313 1145 2335 n
1176 2294 1294 2338 Sicut
1330 2293 1437 2337 dixit
1475 2294 1673 2339 Christus
1700 2315 1709 2340 ε

325 2383 345 2405 «
372 2364 473 2416 Quis
497 2379 567 2408 me
586 2364 728 2422 tetigit
745 2366 760 2391 S
779 2365 796 2406 ‘3
818 2383 836 2405 »
865 2365 1033 2409 Diceret
1060 2374 1103 2408 et
1132 2364 1329 2408 invidum
1369 2380 1432 2427 ac·
1451 2365 1679 2410 timentem
1698 2401 1710 2421 ‚

372 2491 379 2506 ¹
400 2484 520 2517 Matth.
544 2497 610 2520 vm,
635 2497 684 2519 ιο.
710 2504 746 2508 ⁴-
769 2494 780 2508 ²
801 2488 880 2520 Gen.
904 2498 935 2525 ι,
955 2487 985 2527 4'.
1003 2504 1042 2509 -·
1062 2485 1073 2508 3
1093 2489 1183 2519 Joan.
1205 2499 1227 2528 ι,
1251 2499 1283 2528 9.
1301 2504 1342 2510 —
1358 2486 1372 2515 4
1390 2487 1505 2519 Matth.
1530 2498 1599 2528 vui,
1621 2498 1658 2519 ιο
1682 2492 1715 2520 et

321 2542 477 2582 Joan.V1‚
500 2552 552 2582 7¹·
569 2559 610 2565 -—-
625 2539 639 2563 5
659 2543 737 2574 Gen.
762 2554 796 2582 n,
826 2542 862 2573 16
883 2547 916 2574 et
937 2554 982 2584 iu,
1007 2554 1032 2574 1.
1047 2540 1115 2566 ——5
1130 2543 1234 2575 Marc.
1261 2555 1292 2581 v,
1319 2543 1359 2576 3ο
1379 2548 1412 2575 et
1427 2545 1501 2575 Luc.
1524 2542 1714 2585 vu1‚45.—

325 2604 338 2628 7
360 2599 440 2629 Gen.
460 2609 508 2636 ιιι,
528 2609 560 2639 9.
575 2596 643 2621 -3
662 2597 775 2629 Matth.
796 2609 873 2639 xxv,
899 2610 946 2630 ιι.
