<?xml version="1.0" encoding="UTF-8"?>
<!DOCTYPE html PUBLIC "-//W3C//DTD XHTML 1.0 Transitional//EN"
    "http://www.w3.org/TR/xhtml1/DTD/xhtml1-transitional.dtd">
<html xmlns="http://www.w3.org/1999/xhtml" xml:lang="en" lang="en">
 <head>
  <title>
</title>
<meta http-equiv="Content-Type" content="text/html;charset=utf-8" />
  <meta name='ocr-system' content='tesseract 3.04.00' />
  <meta name='ocr-capabilities' content='ocr_page ocr_carea ocr_par ocr_line ocrx_word'/>
</head>
<body>
  <div class='ocr_page' id='page_1' title='image "./operaomniaaccura29auguuoft/operaomniaaccura29auguuoft_0141.png"; bbox 0 0 1803 3250; ppageno 0'>
   <div class='ocr_carea' id='block_1_1' title="bbox 388 191 1422 233">
    <p class='ocr_par' dir='ltr' id='par_1_1' title="bbox 388 191 1422 233">
     <span class='ocr_line' id='line_1_1' title="bbox 388 191 1422 233; baseline -0.001 -7"><span class='ocrx_word' id='word_1_1' title='bbox 388 198 549 226; x_wconf 49' lang='lat' dir='ltr'>conruit</span> <span class='ocrx_word' id='word_1_2' title='bbox 585 198 799 233; x_wconf 69' lang='lat' dir='ltr'>FAUSTUM,</span> <span class='ocrx_word' id='word_1_3' title='bbox 836 199 918 226; x_wconf 81' lang='lat' dir='ltr'><strong>LIB.</strong></span> <span class='ocrx_word' id='word_1_4' title='bbox 956 201 1075 226; x_wconf 69' lang='lat' dir='ltr'>xxvi.</span> <span class='ocrx_word' id='word_1_5' title='bbox 1356 191 1422 225; x_wconf 69' lang='lat'>1:31</span> 
     </span>
    </p>
   </div>
   <div class='ocr_carea' id='block_1_2' title="bbox 51 374 1438 395">
    <p class='ocr_par' dir='ltr' id='par_1_2' title="bbox 51 374 1438 395">
     <span class='ocr_line' id='line_1_2' title="bbox 51 374 1438 395; baseline 0.001 -1"><span class='ocrx_word' id='word_1_6' title='bbox 51 374 1438 395; x_wconf 59' lang='lat' dir='ltr'>wwmrkuvswwuvwwwwvwvuwutmtvw!wuwmwummwmwwvmmmuvvvv</span> 
     </span>
    </p>
   </div>
   <div class='ocr_carea' id='block_1_3' title="bbox 513 540 982 600">
    <p class='ocr_par' dir='ltr' id='par_1_3' title="bbox 513 540 982 600">
     <span class='ocr_line' id='line_1_3' title="bbox 513 540 982 600; baseline 0 -1"><span class='ocrx_word' id='word_1_7' title='bbox 513 543 734 600; x_wconf 86' lang='lat' dir='ltr'>LIBER</span> <span class='ocrx_word' id='word_1_8' title='bbox 770 540 982 600; x_wconf 88' lang='lat' dir='ltr'><strong>XXVI.</strong></span> 
     </span>
    </p>
   </div>
   <div class='ocr_carea' id='block_1_4' title="bbox 49 748 1474 2518">
    <p class='ocr_par' dir='ltr' id='par_1_4' title="bbox 49 748 1474 2518">
     <span class='ocr_line' id='line_1_4' title="bbox 111 748 1439 809; baseline 0.002 -16"><span class='ocrx_word' id='word_1_9' title='bbox 111 751 148 793; x_wconf 92' lang='lat'>1.</span> <span class='ocrx_word' id='word_1_10' title='bbox 183 750 378 795; x_wconf 57' lang='lat' dir='ltr'>Fausws</span> <span class='ocrx_word' id='word_1_11' title='bbox 397 748 535 794; x_wconf 88' lang='lat' dir='ltr'>dixit:</span> <span class='ocrx_word' id='word_1_12' title='bbox 563 765 585 791; x_wconf 94' lang='lat'>«</span> <span class='ocrx_word' id='word_1_13' title='bbox 603 750 728 794; x_wconf 87' lang='lat' dir='ltr'>Jesus</span> <span class='ocrx_word' id='word_1_14' title='bbox 756 749 793 795; x_wconf 86' lang='lat' dir='ltr'>si</span> <span class='ocrx_word' id='word_1_15' title='bbox 819 761 950 798; x_wconf 87' lang='lat' dir='ltr'>natus</span> <span class='ocrx_word' id='word_1_16' title='bbox 979 765 1070 798; x_wconf 90' lang='lat' dir='ltr'>non</span> <span class='ocrx_word' id='word_1_17' title='bbox 1102 757 1192 805; x_wconf 88' lang='lat' dir='ltr'>est,</span> <span class='ocrx_word' id='word_1_18' title='bbox 1216 750 1439 809; x_wconf 81' lang='lat' dir='ltr'>quomodo</span> 
     </span>
     <span class='ocr_line' id='line_1_5' title="bbox 53 820 1441 883; baseline 0.001 -19"><span class='ocrx_word' id='word_1_19' title='bbox 53 828 250 883; x_wconf 85' lang='lat' dir='ltr'>mortuus</span> <span class='ocrx_word' id='word_1_20' title='bbox 269 821 363 866; x_wconf 85' lang='lat' dir='ltr'>est?</span> <span class='ocrx_word' id='word_1_21' title='bbox 388 822 483 866; x_wconf 90' lang='lat' dir='ltr'>Hoc</span> <span class='ocrx_word' id='word_1_22' title='bbox 509 820 601 880; x_wconf 86' lang='lat' dir='ltr'>jam</span> <span class='ocrx_word' id='word_1_23' title='bbox 638 835 739 866; x_wconf 85' lang='lat' dir='ltr'>sane</span> <span class='ocrx_word' id='word_1_24' title='bbox 775 823 1032 882; x_wconf 88' lang='lat' dir='ltr'>conjectura</span> <span class='ocrx_word' id='word_1_25' title='bbox 1061 829 1156 866; x_wconf 87' lang='lat' dir='ltr'>est:</span> <span class='ocrx_word' id='word_1_26' title='bbox 1181 821 1441 881; x_wconf 85' lang='lat' dir='ltr'>conjecturis</span> 
     </span>
     <span class='ocr_line' id='line_1_6' title="bbox 50 891 1438 952; baseline 0.001 -17"><span class='ocrx_word' id='word_1_27' title='bbox 50 900 197 936; x_wconf 85' lang='lat' dir='ltr'>autem</span> <span class='ocrx_word' id='word_1_28' title='bbox 218 907 349 938; x_wconf 90' lang='lat' dir='ltr'>nemo</span> <span class='ocrx_word' id='word_1_29' title='bbox 365 926 377 948; x_wconf 87' lang='lat'><strong>‚</strong></span> <span class='ocrx_word' id='word_1_30' title='bbox 407 891 490 937; x_wconf 89' lang='lat' dir='ltr'>nisi</span> <span class='ocrx_word' id='word_1_31' title='bbox 516 907 650 952; x_wconf 88' lang='lat' dir='ltr'>quem</span> <span class='ocrx_word' id='word_1_32' title='bbox 672 893 950 951; x_wconf 81' lang='lat' dir='ltr'>probationes</span> <span class='ocrx_word' id='word_1_33' title='bbox 983 891 1252 948; x_wconf 86' lang='lat' dir='ltr'>defecerint,</span> <span class='ocrx_word' id='word_1_34' title='bbox 1284 893 1438 937; x_wconf 86' lang='lat' dir='ltr'>utitur.</span> 
     </span>
     <span class='ocr_line' id='line_1_7' title="bbox 51 962 1443 1023; baseline 0.001 -16"><span class='ocrx_word' id='word_1_35' title='bbox 51 962 428 1022; x_wconf 84' lang='lat' dir='ltr'>Respondebimus</span> <span class='ocrx_word' id='word_1_36' title='bbox 452 973 600 1008; x_wconf 85' lang='lat' dir='ltr'>tamen</span> <span class='ocrx_word' id='word_1_37' title='bbox 621 963 751 1008; x_wconf 88' lang='lat' dir='ltr'>etiam</span> <span class='ocrx_word' id='word_1_38' title='bbox 777 963 833 1008; x_wconf 91' lang='lat' dir='ltr'>ad</span> <span class='ocrx_word' id='word_1_39' title='bbox 861 965 970 1020; x_wconf 82' lang='lat' dir='ltr'>hoc,</span> <span class='ocrx_word' id='word_1_40' title='bbox 1006 979 1087 1010; x_wconf 92' lang='lat' dir='ltr'>nec</span> <span class='ocrx_word' id='word_1_41' title='bbox 1109 962 1287 1008; x_wconf 84' lang='lat' dir='ltr'>aliunde</span> <span class='ocrx_word' id='word_1_42' title='bbox 1309 979 1443 1023; x_wconf 86' lang='lat' dir='ltr'>quam</span> 
     </span>
     <span class='ocr_line' id='line_1_8' title="bbox 51 1030 1445 1095; baseline 0.002 -18"><span class='ocrx_word' id='word_1_43' title='bbox 51 1030 107 1077; x_wconf 92' lang='lat' dir='ltr'>de</span> <span class='ocrx_word' id='word_1_44' title='bbox 127 1033 193 1078; x_wconf 90' lang='lat' dir='ltr'>his</span> <span class='ocrx_word' id='word_1_45' title='bbox 215 1050 316 1094; x_wconf 79' lang='lat' dir='ltr'>quae</span> <span class='ocrx_word' id='word_1_46' title='bbox 342 1034 519 1079; x_wconf 88' lang='lat' dir='ltr'>credere</span> <span class='ocrx_word' id='word_1_47' title='bbox 542 1033 688 1080; x_wconf 88' lang='lat' dir='ltr'>soletis</span> <span class='ocrx_word' id='word_1_48' title='bbox 704 1067 716 1090; x_wconf 84' lang='lat'><strong><em>‚</em></strong></span> <span class='ocrx_word' id='word_1_49' title='bbox 741 1035 972 1080; x_wconf 79' lang='lat' dir='ltr'>afferentes</span> <span class='ocrx_word' id='word_1_50' title='bbox 997 1034 1196 1095; x_wconf 82' lang='lat' dir='ltr'>exempla</span> <span class='ocrx_word' id='word_1_51' title='bbox 1217 1054 1226 1080; x_wconf 91' lang='lat'>:</span> <span class='ocrx_word' id='word_1_52' title='bbox 1256 1051 1355 1094; x_wconf 76' lang='lat' dir='ltr'>quac</span> <span class='ocrx_word' id='word_1_53' title='bbox 1370 1070 1381 1091; x_wconf 84' lang='lat'><strong>,</strong></span> <span class='ocrx_word' id='word_1_54' title='bbox 1411 1036 1445 1080; x_wconf 87' lang='lat' dir='ltr'>si</span> 
     </span>
     <span class='ocr_line' id='line_1_9' title="bbox 52 1105 1446 1164; baseline 0.001 -16"><span class='ocrx_word' id='word_1_55' title='bbox 52 1118 152 1149; x_wconf 91' lang='lat' dir='ltr'>vera</span> <span class='ocrx_word' id='word_1_56' title='bbox 174 1114 304 1160; x_wconf 81' lang='lat' dir='ltr'>sunt,</span> <span class='ocrx_word' id='word_1_57' title='bbox 328 1105 655 1150; x_wconf 86' lang='lat' dir='ltr'>confirmabunt</span> <span class='ocrx_word' id='word_1_58' title='bbox 686 1114 730 1151; x_wconf 90' lang='lat' dir='ltr'>et</span> <span class='ocrx_word' id='word_1_59' title='bbox 761 1121 870 1164; x_wconf 75' lang='lat' dir='ltr'>nos3</span> <span class='ocrx_word' id='word_1_60' title='bbox 905 1107 940 1151; x_wconf 91' lang='lat' dir='ltr'>si</span> <span class='ocrx_word' id='word_1_61' title='bbox 972 1106 1108 1162; x_wconf 84' lang='lat' dir='ltr'>falsa,</span> <span class='ocrx_word' id='word_1_62' title='bbox 1144 1106 1372 1151; x_wconf 84' lang='lat' dir='ltr'>destruent</span> <span class='ocrx_word' id='word_1_63' title='bbox 1403 1116 1446 1151; x_wconf 86' lang='lat' dir='ltr'>et</span> 
     </span>
     <span class='ocr_line' id='line_1_10' title="bbox 52 1175 1474 1236; baseline 0.001 -16"><span class='ocrx_word' id='word_1_64' title='bbox 52 1189 143 1220; x_wconf 88' lang='lat' dir='ltr'>vos.</span> <span class='ocrx_word' id='word_1_65' title='bbox 178 1175 293 1221; x_wconf 86' lang='lat' dir='ltr'><strong>Dicis</strong></span> <span class='ocrx_word' id='word_1_66' title='bbox 325 1190 430 1236; x_wconf 86' lang='lat' dir='ltr'>ergo</span> <span class='ocrx_word' id='word_1_67' title='bbox 455 1195 465 1222; x_wconf 73' lang='grc' dir='ltr'>ε</span> <span class='ocrx_word' id='word_1_68' title='bbox 491 1175 726 1230; x_wconf 86' lang='lat' dir='ltr'>Quomodo</span> <span class='ocrx_word' id='word_1_69' title='bbox 751 1186 952 1222; x_wconf 90' lang='lat' dir='ltr'>mortuus</span> <span class='ocrx_word' id='word_1_70' title='bbox 984 1186 1049 1223; x_wconf 89' lang='lat' dir='ltr'>est</span> <span class='ocrx_word' id='word_1_71' title='bbox 1073 1179 1197 1222; x_wconf 86' lang='lat' dir='ltr'>Jesus</span> <span class='ocrx_word' id='word_1_72' title='bbox 1213 1212 1224 1233; x_wconf 83' lang='lat'>,</span> <span class='ocrx_word' id='word_1_73' title='bbox 1255 1178 1291 1222; x_wconf 89' lang='lat' dir='ltr'>si</span> <span class='ocrx_word' id='word_1_74' title='bbox 1312 1178 1445 1222; x_wconf 92' lang='lat' dir='ltr'>homo</span> <span class='ocrx_word' id='word_1_75' title='bbox 1472 1191 1474 1193; x_wconf 68' lang='grc'><strong><em>’</em></strong></span> 
     </span>
     <span class='ocr_line' id='line_1_11' title="bbox 49 1245 1442 1308; baseline 0.001 -17"><span class='ocrx_word' id='word_1_76' title='bbox 49 1245 239 1292; x_wconf 85' lang='lat' dir='ltr'>nonfuit</span> <span class='ocrx_word' id='word_1_77' title='bbox 254 1248 272 1289; x_wconf 72' lang='lat'>‘2</span> <span class='ocrx_word' id='word_1_78' title='bbox 294 1249 352 1292; x_wconf 90' lang='lat' dir='ltr'>Et</span> <span class='ocrx_word' id='word_1_79' title='bbox 378 1261 460 1306; x_wconf 87' lang='lat' dir='ltr'>ego</span> <span class='ocrx_word' id='word_1_80' title='bbox 481 1247 558 1292; x_wconf 85' lang='lat' dir='ltr'>abs</span> <span class='ocrx_word' id='word_1_81' title='bbox 574 1255 618 1292; x_wconf 88' lang='lat' dir='ltr'>te</span> <span class='ocrx_word' id='word_1_82' title='bbox 636 1247 812 1307; x_wconf 85' lang='lat' dir='ltr'>requiro</span> <span class='ocrx_word' id='word_1_83' title='bbox 835 1267 844 1292; x_wconf 92' lang='lat'>:</span> <span class='ocrx_word' id='word_1_84' title='bbox 866 1248 982 1293; x_wconf 90' lang='lat' dir='ltr'>Elias</span> <span class='ocrx_word' id='word_1_85' title='bbox 999 1247 1224 1308; x_wconf 84' lang='lat' dir='ltr'>quomodo</span> <span class='ocrx_word' id='word_1_86' title='bbox 1242 1257 1442 1294; x_wconf 88' lang='lat' dir='ltr'>mortuus</span> 
     </span>
     <span class='ocr_line' id='line_1_12' title="bbox 53 1318 1446 1379; baseline 0.001 -16"><span class='ocrx_word' id='word_1_87' title='bbox 53 1332 145 1363; x_wconf 91' lang='lat' dir='ltr'>non</span> <span class='ocrx_word' id='word_1_88' title='bbox 161 1326 251 1374; x_wconf 85' lang='lat' dir='ltr'>est,</span> <span class='ocrx_word' id='word_1_89' title='bbox 275 1333 377 1364; x_wconf 90' lang='lat' dir='ltr'>cum</span> <span class='ocrx_word' id='word_1_90' title='bbox 407 1318 542 1364; x_wconf 83' lang='lat' dir='ltr'>suerit</span> <span class='ocrx_word' id='word_1_91' title='bbox 562 1319 726 1364; x_wconf 80' lang='lat' dir='ltr'>homo?</span> <span class='ocrx_word' id='word_1_92' title='bbox 747 1321 817 1363; x_wconf 90' lang='lat' dir='ltr'>An</span> <span class='ocrx_word' id='word_1_93' title='bbox 839 1319 943 1364; x_wconf 91' lang='lat' dir='ltr'>huic</span> <span class='ocrx_word' id='word_1_94' title='bbox 964 1319 1139 1365; x_wconf 83' lang='lat' dir='ltr'>mortali</span> <span class='ocrx_word' id='word_1_95' title='bbox 1159 1328 1317 1379; x_wconf 82' lang='lat' dir='ltr'>praeter</span> <span class='ocrx_word' id='word_1_96' title='bbox 1338 1335 1446 1364; x_wconf 89' lang='lat' dir='ltr'>con-</span> 
     </span>
     <span class='ocr_line' id='line_1_13' title="bbox 53 1388 1447 1450; baseline 0.001 -15"><span class='ocrx_word' id='word_1_97' title='bbox 53 1388 265 1435; x_wconf 89' lang='lat' dir='ltr'>ditionem</span> <span class='ocrx_word' id='word_1_98' title='bbox 285 1405 410 1436; x_wconf 86' lang='lat' dir='ltr'>suam</span> <span class='ocrx_word' id='word_1_99' title='bbox 432 1390 558 1436; x_wconf 90' lang='lat' dir='ltr'>licuit</span> <span class='ocrx_word' id='word_1_100' title='bbox 573 1392 645 1450; x_wconf 84' lang='lat' dir='ltr'>jus</span> <span class='ocrx_word' id='word_1_101' title='bbox 665 1390 1004 1436; x_wconf 84' lang='lat' dir='ltr'>immortalitatis</span> <span class='ocrx_word' id='word_1_102' title='bbox 1020 1390 1226 1437; x_wconf 91' lang='lat' dir='ltr'>invadere</span> <span class='ocrx_word' id='word_1_103' title='bbox 1242 1412 1253 1450; x_wconf 75' lang='lat'>3</span> <span class='ocrx_word' id='word_1_104' title='bbox 1273 1391 1447 1437; x_wconf 84' lang='lat' dir='ltr'>Christo</span> 
     </span>
     <span class='ocr_line' id='line_1_14' title="bbox 54 1460 1448 1522; baseline 0.001 -15"><span class='ocrx_word' id='word_1_105' title='bbox 54 1476 145 1507; x_wconf 89' lang='lat' dir='ltr'>non</span> <span class='ocrx_word' id='word_1_106' title='bbox 172 1460 296 1507; x_wconf 89' lang='lat' dir='ltr'>licuit</span> <span class='ocrx_word' id='word_1_107' title='bbox 319 1461 556 1508; x_wconf 85' lang='lat' dir='ltr'>immortali</span> <span class='ocrx_word' id='word_1_108' title='bbox 577 1461 633 1506; x_wconf 92' lang='lat' dir='ltr'>de</span> <span class='ocrx_word' id='word_1_109' title='bbox 651 1470 820 1517; x_wconf 88' lang='lat' dir='ltr'>morte,</span> <span class='ocrx_word' id='word_1_110' title='bbox 860 1463 895 1506; x_wconf 91' lang='lat' dir='ltr'>si</span> <span class='ocrx_word' id='word_1_111' title='bbox 928 1478 1102 1509; x_wconf 89' lang='lat' dir='ltr'>necesse</span> <span class='ocrx_word' id='word_1_112' title='bbox 1133 1462 1244 1520; x_wconf 86' lang='lat' dir='ltr'>fuit,</span> <span class='ocrx_word' id='word_1_113' title='bbox 1281 1462 1448 1522; x_wconf 88' lang='lat' dir='ltr'>aliquid</span> 
     </span>
     <span class='ocr_line' id='line_1_15' title="bbox 56 1530 1444 1592; baseline 0.001 -16"><span class='ocrx_word' id='word_1_114' title='bbox 56 1534 299 1592; x_wconf 77' lang='lat' dir='ltr'>usurpare?</span> <span class='ocrx_word' id='word_1_115' title='bbox 319 1535 377 1578; x_wconf 88' lang='lat' dir='ltr'>Et</span> <span class='ocrx_word' id='word_1_116' title='bbox 396 1533 431 1576; x_wconf 91' lang='lat' dir='ltr'>si</span> <span class='ocrx_word' id='word_1_117' title='bbox 460 1531 578 1577; x_wconf 91' lang='lat' dir='ltr'>Elias</span> <span class='ocrx_word' id='word_1_118' title='bbox 597 1530 644 1577; x_wconf 90' lang='lat' dir='ltr'>in</span> <span class='ocrx_word' id='word_1_119' title='bbox 665 1541 878 1577; x_wconf 72' lang='lat' dir='ltr'>aeternum</span> <span class='ocrx_word' id='word_1_120' title='bbox 898 1533 1006 1579; x_wconf 85' lang='lat' dir='ltr'>vivit</span> <span class='ocrx_word' id='word_1_121' title='bbox 1036 1542 1189 1579; x_wconf 90' lang='lat' dir='ltr'>contra</span> <span class='ocrx_word' id='word_1_122' title='bbox 1210 1542 1412 1578; x_wconf 87' lang='lat' dir='ltr'>naturam</span> <span class='ocrx_word' id='word_1_123' title='bbox 1433 1568 1444 1590; x_wconf 81' lang='lat'>‚</span> 
     </span>
     <span class='ocr_line' id='line_1_16' title="bbox 55 1601 1448 1663; baseline 0.001 -15"><span class='ocrx_word' id='word_1_124' title='bbox 55 1605 206 1648; x_wconf 88' lang='lat' dir='ltr'>Jesum</span> <span class='ocrx_word' id='word_1_125' title='bbox 227 1601 282 1649; x_wconf 91' lang='lat' dir='ltr'>ad</span> <span class='ocrx_word' id='word_1_126' title='bbox 301 1601 499 1648; x_wconf 92' lang='lat' dir='ltr'>triduum</span> <span class='ocrx_word' id='word_1_127' title='bbox 516 1611 690 1648; x_wconf 90' lang='lat' dir='ltr'>tantum</span> <span class='ocrx_word' id='word_1_128' title='bbox 706 1618 785 1648; x_wconf 89' lang='lat' dir='ltr'>cur</span> <span class='ocrx_word' id='word_1_129' title='bbox 807 1618 898 1649; x_wconf 92' lang='lat' dir='ltr'>non</span> <span class='ocrx_word' id='word_1_130' title='bbox 918 1604 1056 1663; x_wconf 83' lang='lat' dir='ltr'>magis</span> <span class='ocrx_word' id='word_1_131' title='bbox 1077 1613 1230 1651; x_wconf 91' lang='lat' dir='ltr'>contra</span> <span class='ocrx_word' id='word_1_132' title='bbox 1244 1613 1448 1650; x_wconf 85' lang='lat' dir='ltr'>naturam</span> 
     </span>
     <span class='ocr_line' id='line_1_17' title="bbox 55 1673 1447 1734; baseline 0.001 -16"><span class='ocrx_word' id='word_1_133' title='bbox 55 1674 168 1719; x_wconf 89' lang='lat' dir='ltr'>mori</span> <span class='ocrx_word' id='word_1_134' title='bbox 193 1674 382 1734; x_wconf 86' lang='lat' dir='ltr'>potuisse</span> <span class='ocrx_word' id='word_1_135' title='bbox 413 1673 656 1719; x_wconf 83' lang='lat' dir='ltr'>concedas:</span> <span class='ocrx_word' id='word_1_136' title='bbox 684 1676 926 1733; x_wconf 84' lang='lat' dir='ltr'>praesertim</span> <span class='ocrx_word' id='word_1_137' title='bbox 957 1690 1058 1720; x_wconf 88' lang='lat' dir='ltr'>cum</span> <span class='ocrx_word' id='word_1_138' title='bbox 1092 1676 1222 1720; x_wconf 87' lang='lat' dir='ltr'>etiam</span> <span class='ocrx_word' id='word_1_139' title='bbox 1252 1676 1336 1722; x_wconf 91' lang='lat' dir='ltr'>hoc</span> <span class='ocrx_word' id='word_1_140' title='bbox 1357 1691 1447 1721; x_wconf 88' lang='lat' dir='ltr'>non</span> 
     </span>
     <span class='ocr_line' id='line_1_18' title="bbox 55 1744 1448 1807; baseline 0 -16"><span class='ocrx_word' id='word_1_141' title='bbox 55 1745 199 1791; x_wconf 88' lang='lat' dir='ltr'>solum</span> <span class='ocrx_word' id='word_1_142' title='bbox 211 1744 267 1790; x_wconf 94' lang='lat' dir='ltr'>de</span> <span class='ocrx_word' id='word_1_143' title='bbox 280 1745 376 1792; x_wconf 89' lang='lat' dir='ltr'>Elia</span> <span class='ocrx_word' id='word_1_144' title='bbox 390 1745 590 1802; x_wconf 86' lang='lat' dir='ltr'>credatis,</span> <span class='ocrx_word' id='word_1_145' title='bbox 605 1744 682 1791; x_wconf 87' lang='lat' dir='ltr'>sed</span> <span class='ocrx_word' id='word_1_146' title='bbox 693 1754 737 1790; x_wconf 90' lang='lat' dir='ltr'>et</span> <span class='ocrx_word' id='word_1_147' title='bbox 750 1745 804 1791; x_wconf 87' lang='lat' dir='ltr'>de</span> <span class='ocrx_word' id='word_1_148' title='bbox 820 1749 973 1803; x_wconf 85' lang='lat' dir='ltr'>Moyse</span> <span class='ocrx_word' id='word_1_149' title='bbox 990 1756 1122 1807; x_wconf 87' lang='lat' dir='ltr'>atque</span> <span class='ocrx_word' id='word_1_150' title='bbox 1134 1748 1305 1803; x_wconf 84' lang='lat' dir='ltr'>Enoch,</span> <span class='ocrx_word' id='word_1_151' title='bbox 1326 1747 1448 1807; x_wconf 89' lang='lat' dir='ltr'>quod</span> 
     </span>
     <span class='ocr_line' id='line_1_19' title="bbox 57 1816 1448 1877; baseline 0.001 -15"><span class='ocrx_word' id='word_1_152' title='bbox 57 1817 143 1862; x_wconf 91' lang='lat' dir='ltr'>sint</span> <span class='ocrx_word' id='word_1_153' title='bbox 162 1817 429 1863; x_wconf 88' lang='lat' dir='ltr'>immortales</span> <span class='ocrx_word' id='word_1_154' title='bbox 443 1851 456 1874; x_wconf 83' lang='lat'>‚</span> <span class='ocrx_word' id='word_1_155' title='bbox 481 1826 526 1862; x_wconf 90' lang='lat' dir='ltr'>et</span> <span class='ocrx_word' id='word_1_156' title='bbox 544 1816 626 1877; x_wconf 91' lang='lat' dir='ltr'>ipsi</span> <span class='ocrx_word' id='word_1_157' title='bbox 647 1818 760 1876; x_wconf 87' lang='lat' dir='ltr'>rapti</span> <span class='ocrx_word' id='word_1_158' title='bbox 777 1832 880 1862; x_wconf 89' lang='lat' dir='ltr'>cum</span> <span class='ocrx_word' id='word_1_159' title='bbox 896 1818 1154 1877; x_wconf 84' lang='lat' dir='ltr'>corporibus</span> <span class='ocrx_word' id='word_1_160' title='bbox 1175 1819 1261 1863; x_wconf 85' lang='lat' dir='ltr'>suis</span> <span class='ocrx_word' id='word_1_161' title='bbox 1288 1818 1335 1862; x_wconf 92' lang='lat' dir='ltr'>in</span> <span class='ocrx_word' id='word_1_162' title='bbox 1354 1834 1448 1863; x_wconf 87' lang='lat' dir='ltr'>coe-</span> 
     </span>
     <span class='ocr_line' id='line_1_20' title="bbox 57 1887 1447 1950; baseline 0.001 -17"><span class='ocrx_word' id='word_1_163' title='bbox 57 1887 151 1934; x_wconf 91' lang='lat' dir='ltr'>lum</span> <span class='ocrx_word' id='word_1_164' title='bbox 166 1890 185 1935; x_wconf 72' lang='grc' dir='ltr'>ἱ)</span> <span class='ocrx_word' id='word_1_165' title='bbox 205 1892 482 1950; x_wconf 84' lang='lat' dir='ltr'>Quapropter</span> <span class='ocrx_word' id='word_1_166' title='bbox 495 1890 531 1936; x_wconf 87' lang='lat' dir='ltr'>si</span> <span class='ocrx_word' id='word_1_167' title='bbox 551 1889 636 1935; x_wconf 91' lang='lat' dir='ltr'>hoc</span> <span class='ocrx_word' id='word_1_168' title='bbox 653 1898 912 1948; x_wconf 85' lang='lat' dir='ltr'>argumento</span> <span class='ocrx_word' id='word_1_169' title='bbox 930 1898 1046 1935; x_wconf 89' lang='lat' dir='ltr'>recte</span> <span class='ocrx_word' id='word_1_170' title='bbox 1063 1889 1282 1948; x_wconf 84' lang='lat' dir='ltr'>colligitur</span> <span class='ocrx_word' id='word_1_171' title='bbox 1297 1892 1323 1935; x_wconf 85' lang='lat' dir='ltr'>J</span> <span class='ocrx_word' id='word_1_172' title='bbox 1327 1905 1447 1935; x_wconf 88' lang='lat' dir='ltr'>esum</span> 
     </span>
     <span class='ocr_line' id='line_1_21' title="bbox 60 1960 1451 2022; baseline 0.001 -17"><span class='ocrx_word' id='word_1_173' title='bbox 60 1960 194 2006; x_wconf 88' lang='lat' dir='ltr'>fuisse</span> <span class='ocrx_word' id='word_1_174' title='bbox 213 1961 438 2008; x_wconf 87' lang='lat' dir='ltr'>hominem</span> <span class='ocrx_word' id='word_1_175' title='bbox 450 1996 462 2018; x_wconf 89' lang='lat'>,</span> <span class='ocrx_word' id='word_1_176' title='bbox 481 1961 585 2022; x_wconf 86' lang='lat' dir='ltr'>quia</span> <span class='ocrx_word' id='word_1_177' title='bbox 602 1968 802 2006; x_wconf 89' lang='lat' dir='ltr'>mortuus</span> <span class='ocrx_word' id='word_1_178' title='bbox 824 1969 888 2006; x_wconf 89' lang='lat' dir='ltr'>est</span> <span class='ocrx_word' id='word_1_179' title='bbox 907 1979 916 2006; x_wconf 91' lang='lat'>:</span> <span class='ocrx_word' id='word_1_180' title='bbox 937 1962 1096 2021; x_wconf 84' lang='lat' dir='ltr'>poterit</span> <span class='ocrx_word' id='word_1_181' title='bbox 1118 1960 1274 2006; x_wconf 85' lang='lat' dir='ltr'>eodem</span> <span class='ocrx_word' id='word_1_182' title='bbox 1295 1961 1451 2006; x_wconf 89' lang='lat' dir='ltr'>nihilo-</span> 
     </span>
     <span class='ocr_line' id='line_1_22' title="bbox 61 2031 1448 2092; baseline 0 -15"><span class='ocrx_word' id='word_1_183' title='bbox 61 2031 206 2078; x_wconf 90' lang='lat' dir='ltr'>minus</span> <span class='ocrx_word' id='word_1_184' title='bbox 234 2042 490 2092; x_wconf 82' lang='lat' dir='ltr'>argumento</span> <span class='ocrx_word' id='word_1_185' title='bbox 511 2031 660 2092; x_wconf 84' lang='lat' dir='ltr'>colligi</span> <span class='ocrx_word' id='word_1_186' title='bbox 680 2040 724 2077; x_wconf 91' lang='lat' dir='ltr'>et</span> <span class='ocrx_word' id='word_1_187' title='bbox 744 2031 887 2078; x_wconf 88' lang='lat' dir='ltr'>Eliam</span> <span class='ocrx_word' id='word_1_188' title='bbox 913 2048 1004 2078; x_wconf 88' lang='lat' dir='ltr'>non</span> <span class='ocrx_word' id='word_1_189' title='bbox 1034 2033 1166 2078; x_wconf 82' lang='lat' dir='ltr'>fuisse</span> <span class='ocrx_word' id='word_1_190' title='bbox 1196 2033 1419 2077; x_wconf 89' lang='lat' dir='ltr'>hominem</span> <span class='ocrx_word' id='word_1_191' title='bbox 1437 2067 1448 2088; x_wconf 82' lang='lat'>‚</span> 
     </span>
     <span class='ocr_line' id='line_1_23' title="bbox 62 2103 1452 2165; baseline 0 -16"><span class='ocrx_word' id='word_1_192' title='bbox 62 2104 167 2165; x_wconf 88' lang='lat' dir='ltr'>quia</span> <span class='ocrx_word' id='word_1_193' title='bbox 186 2113 387 2150; x_wconf 87' lang='lat' dir='ltr'>mortuus</span> <span class='ocrx_word' id='word_1_194' title='bbox 398 2120 489 2150; x_wconf 90' lang='lat' dir='ltr'>non</span> <span class='ocrx_word' id='word_1_195' title='bbox 509 2114 589 2151; x_wconf 90' lang='lat' dir='ltr'>est.</span> <span class='ocrx_word' id='word_1_196' title='bbox 608 2104 787 2151; x_wconf 90' lang='lat' dir='ltr'>Falsum</span> <span class='ocrx_word' id='word_1_197' title='bbox 801 2113 865 2149; x_wconf 89' lang='lat' dir='ltr'>est</span> <span class='ocrx_word' id='word_1_198' title='bbox 887 2114 1034 2150; x_wconf 90' lang='lat' dir='ltr'>autem</span> <span class='ocrx_word' id='word_1_199' title='bbox 1051 2120 1141 2150; x_wconf 91' lang='lat' dir='ltr'>non</span> <span class='ocrx_word' id='word_1_200' title='bbox 1162 2104 1294 2149; x_wconf 74' lang='lat' dir='ltr'>fuisse</span> <span class='ocrx_word' id='word_1_201' title='bbox 1310 2103 1452 2149; x_wconf 89' lang='lat' dir='ltr'>Eliam</span> 
     </span>
     <span class='ocr_line' id='line_1_24' title="bbox 64 2175 1453 2238; baseline -0.001 -17"><span class='ocrx_word' id='word_1_202' title='bbox 64 2176 287 2222; x_wconf 89' lang='lat' dir='ltr'>hominem</span> <span class='ocrx_word' id='word_1_203' title='bbox 302 2211 314 2233; x_wconf 88' lang='lat'><strong>‚</strong></span> <span class='ocrx_word' id='word_1_204' title='bbox 351 2177 550 2238; x_wconf 87' lang='lat' dir='ltr'>quamvis</span> <span class='ocrx_word' id='word_1_205' title='bbox 585 2175 839 2222; x_wconf 89' lang='lat' dir='ltr'>immortalis</span> <span class='ocrx_word' id='word_1_206' title='bbox 873 2175 1099 2236; x_wconf 77' lang='lat' dir='ltr'>credatur3</span> <span class='ocrx_word' id='word_1_207' title='bbox 1135 2175 1295 2222; x_wconf 86' lang='lat' dir='ltr'>falsum</span> <span class='ocrx_word' id='word_1_208' title='bbox 1326 2191 1453 2236; x_wconf 79' lang='lat' dir='ltr'>aeque</span> 
     </span>
     <span class='ocr_line' id='line_1_25' title="bbox 65 2248 1450 2309; baseline -0.001 -17"><span class='ocrx_word' id='word_1_209' title='bbox 65 2248 148 2293; x_wconf 88' lang='lat' dir='ltr'>erit</span> <span class='ocrx_word' id='word_1_210' title='bbox 164 2250 186 2293; x_wconf 81' lang='lat' dir='ltr'>J</span> <span class='ocrx_word' id='word_1_211' title='bbox 192 2262 315 2293; x_wconf 89' lang='lat' dir='ltr'>esum</span> <span class='ocrx_word' id='word_1_212' title='bbox 335 2248 467 2294; x_wconf 84' lang='lat' dir='ltr'>fuisse</span> <span class='ocrx_word' id='word_1_213' title='bbox 481 2248 706 2294; x_wconf 89' lang='lat' dir='ltr'>hominem</span> <span class='ocrx_word' id='word_1_214' title='bbox 722 2283 734 2304; x_wconf 85' lang='lat'>‚</span> <span class='ocrx_word' id='word_1_215' title='bbox 757 2248 955 2309; x_wconf 86' lang='lat' dir='ltr'>quamvis</span> <span class='ocrx_word' id='word_1_216' title='bbox 974 2248 1214 2293; x_wconf 79' lang='lat' dir='ltr'>aestimetur</span> <span class='ocrx_word' id='word_1_217' title='bbox 1234 2256 1450 2293; x_wconf 85' lang='lat' dir='ltr'>mortuus.</span> 
     </span>
     <span class='ocr_line' id='line_1_26' title="bbox 66 2317 1455 2380; baseline -0.001 -16"><span class='ocrx_word' id='word_1_218' title='bbox 66 2321 125 2364; x_wconf 91' lang='lat' dir='ltr'>Et</span> <span class='ocrx_word' id='word_1_219' title='bbox 145 2319 181 2364; x_wconf 92' lang='lat' dir='ltr'>si</span> <span class='ocrx_word' id='word_1_220' title='bbox 199 2319 310 2364; x_wconf 86' lang='lat' dir='ltr'>mihi</span> <span class='ocrx_word' id='word_1_221' title='bbox 324 2335 426 2366; x_wconf 85' lang='lat' dir='ltr'>vera</span> <span class='ocrx_word' id='word_1_222' title='bbox 441 2319 604 2366; x_wconf 85' lang='lat' dir='ltr'>dicenti</span> <span class='ocrx_word' id='word_1_223' title='bbox 624 2320 687 2367; x_wconf 86' lang='lat' dir='ltr'>vis</span> <span class='ocrx_word' id='word_1_224' title='bbox 704 2319 880 2365; x_wconf 82' lang='lat' dir='ltr'>credere</span> <span class='ocrx_word' id='word_1_225' title='bbox 895 2354 906 2376; x_wconf 84' lang='lat'>‚</span> <span class='ocrx_word' id='word_1_226' title='bbox 944 2328 1130 2379; x_wconf 87' lang='lat' dir='ltr'>uterque</span> <span class='ocrx_word' id='word_1_227' title='bbox 1161 2333 1314 2364; x_wconf 92' lang='lat' dir='ltr'>eorum</span> <span class='ocrx_word' id='word_1_228' title='bbox 1335 2317 1455 2380; x_wconf 88' lang='lat' dir='ltr'>apud</span> 
     </span>
     <span class='ocr_line' id='line_1_27' title="bbox 66 2388 1456 2453; baseline 0 -18"><span class='ocrx_word' id='word_1_229' title='bbox 66 2390 276 2438; x_wconf 79' lang='lat' dir='ltr'>Hebraeos</span> <span class='ocrx_word' id='word_1_230' title='bbox 292 2390 446 2437; x_wconf 87' lang='lat' dir='ltr'>falsam</span> <span class='ocrx_word' id='word_1_231' title='bbox 470 2392 599 2439; x_wconf 84' lang='lat' dir='ltr'>traxit</span> <span class='ocrx_word' id='word_1_232' title='bbox 615 2391 866 2453; x_wconf 91' lang='lat' dir='ltr'>opinionem</span> <span class='ocrx_word' id='word_1_233' title='bbox 881 2426 893 2448; x_wconf 76' lang='lat'>‚</span> <span class='ocrx_word' id='word_1_234' title='bbox 914 2393 939 2436; x_wconf 87' lang='lat' dir='ltr'>J</span> <span class='ocrx_word' id='word_1_235' title='bbox 943 2407 1038 2449; x_wconf 65' lang='lat' dir='ltr'>esus</span> <span class='ocrx_word' id='word_1_236' title='bbox 1059 2390 1115 2436; x_wconf 88' lang='lat' dir='ltr'>de</span> <span class='ocrx_word' id='word_1_237' title='bbox 1137 2400 1279 2437; x_wconf 90' lang='lat' dir='ltr'>morte</span> <span class='ocrx_word' id='word_1_238' title='bbox 1294 2425 1306 2447; x_wconf 86' lang='lat'>‚</span> <span class='ocrx_word' id='word_1_239' title='bbox 1333 2399 1378 2436; x_wconf 90' lang='lat' dir='ltr'>et</span> <span class='ocrx_word' id='word_1_240' title='bbox 1400 2388 1456 2434; x_wconf 85' lang='lat' dir='ltr'>de</span> 
     </span>
     <span class='ocr_line' id='line_1_28' title="bbox 69 2460 1457 2518; baseline -0.001 -12"><span class='ocrx_word' id='word_1_241' title='bbox 69 2461 394 2510; x_wconf 85' lang='lat' dir='ltr'>immortalitate</span> <span class='ocrx_word' id='word_1_242' title='bbox 422 2463 567 2510; x_wconf 83' lang='lat' dir='ltr'>Elias:</span> <span class='ocrx_word' id='word_1_243' title='bbox 591 2478 695 2509; x_wconf 86' lang='lat' dir='ltr'>nam</span> <span class='ocrx_word' id='word_1_244' title='bbox 722 2478 803 2508; x_wconf 86' lang='lat' dir='ltr'>nec</span> <span class='ocrx_word' id='word_1_245' title='bbox 825 2462 897 2508; x_wconf 90' lang='lat' dir='ltr'>hic</span> <span class='ocrx_word' id='word_1_246' title='bbox 918 2471 1118 2508; x_wconf 88' lang='lat' dir='ltr'>mortuus</span> <span class='ocrx_word' id='word_1_247' title='bbox 1148 2470 1239 2518; x_wconf 87' lang='lat' dir='ltr'>est,</span> <span class='ocrx_word' id='word_1_248' title='bbox 1270 2476 1352 2507; x_wconf 89' lang='lat' dir='ltr'>nec</span> <span class='ocrx_word' id='word_1_249' title='bbox 1383 2460 1457 2505; x_wconf 90' lang='lat' dir='ltr'>ille</span> 
     </span>
    </p>
   </div>
   <div class='ocr_carea' id='block_1_5' title="bbox 72 2531 1454 2643">
    <p class='ocr_par' dir='ltr' id='par_1_5' title="bbox 72 2531 1454 2643">
     <span class='ocr_line' id='line_1_29' title="bbox 72 2531 1454 2596; baseline -0.001 -17"><span class='ocrx_word' id='word_1_250' title='bbox 72 2547 164 2580; x_wconf 92' lang='lat' dir='ltr'>non</span> <span class='ocrx_word' id='word_1_251' title='bbox 185 2543 384 2582; x_wconf 89' lang='lat' dir='ltr'>mortuus</span> <span class='ocrx_word' id='word_1_252' title='bbox 405 2552 415 2581; x_wconf 74' lang='grc' dir='ltr'><strong><em>ε</em></strong></span> <span class='ocrx_word' id='word_1_253' title='bbox 439 2532 515 2581; x_wconf 91' lang='lat' dir='ltr'>sed</span> <span class='ocrx_word' id='word_1_254' title='bbox 539 2548 616 2582; x_wconf 87' lang='lat' dir='ltr'>vos</span> <span class='ocrx_word' id='word_1_255' title='bbox 637 2532 759 2596; x_wconf 87' lang='lat' dir='ltr'>quod</span> <span class='ocrx_word' id='word_1_256' title='bbox 781 2533 935 2590; x_wconf 78' lang='lat' dir='ltr'>vultis‚</span> <span class='ocrx_word' id='word_1_257' title='bbox 964 2532 1166 2593; x_wconf 80' lang='lat' dir='ltr'>creditis;</span> <span class='ocrx_word' id='word_1_258' title='bbox 1196 2531 1317 2594; x_wconf 87' lang='lat' dir='ltr'>quod</span> <span class='ocrx_word' id='word_1_259' title='bbox 1338 2547 1428 2578; x_wconf 91' lang='lat' dir='ltr'>non</span> <span class='ocrx_word' id='word_1_260' title='bbox 1443 2565 1454 2586; x_wconf 84' lang='lat'>‚</span> 
     </span>
     <span class='ocr_line' id='line_1_30' title="bbox 1232 2605 1270 2643; baseline 0 0"><span class='ocrx_word' id='word_1_261' title='bbox 1232 2605 1270 2643; x_wconf 78' lang='lat'>9.</span> 
     </span>
    </p>
   </div>
  </div>
 </body>
</html>
