1803 3250
425 213 586 242 coN'mA
621 211 835 247 fAus‘rUM,
872 213 951 239 ΜΒ.
992 215 1098 240 xxii.
1401 203 1455 239 29

73 289 239 325 trorum
255 314 265 332 ‚
305 278 508 323 laudibus
549 286 790 323 vestrorum
838 276 1129 335 praeponenda
1172 277 1424 321 doceremus
1443 313 1453 332 ,

71 350 280 395 addentes
303 349 357 394 ad
382 348 607 395 cumulum
631 346 896 392 confusionis
920 357 1094 403 vestrae,
1132 358 1180 392 ut
1201 349 1330 392 etiam
1352 349 1458 392 deus

70 430 210 466 vester
230 420 359 479 longe
381 421 499 480 pejor
520 419 788 464 inveniretur
810 417 1062 463 hominibus
1077 453 1087 471 ‚
1122 419 1271 477 quales
1294 428 1461 464 nostros

70 501 212 551 patres
233 490 364 535 fuisse
380 490 564 550 jactatis.
600 489 667 534 Sic
689 504 813 547 ergo,
846 497 896 531 ut
916 487 1028 542 dixi,
1054 487 1174 531 vobis
1202 488 1461 547 respondere

71 563 315 607 sufficeret:
340 561 415 605 sed
437 561 646 620 quoniam
668 558 872 604 nonnulli
894 559 1023 603 etiam
1047 568 1205 618 praeter
1226 569 1365 604 vestra
1388 576 1463 604 va-

70 632 267 692 niloquia
287 647 364 675 sua
386 639 540 690 sponte
560 638 908 684 commoventur,
929 630 1063 674 vitam
1086 630 1402 688 Prophetarum
1418 630 1463 674 in

72 705 228 746 Vetere
245 705 521 746 Testamento
535 709 835 761 comparantes
850 700 950 745 vitae
963 698 1272 759 Apostolorum
1286 700 1330 743 in
1342 702 1464 745 Novo

74 775 365 827 Testamento‚
387 787 469 817 nec
485 772 678 817 valentes
699 771 944 817 discernere
967 769 1330 816 consuetudinem
1354 780 1466 815 tem-

72 844 187 902 poris
208 843 322 887 illius
345 859 434 903 quo
456 844 683 903 promissio
701 842 944 896 velabatur,
971 858 994 886 a
1017 841 1334 886 consuetudine
1353 851 1464 886 tem-

74 915 188 974 poris
206 914 327 958 istius
352 930 441 974 quo
462 915 688 974 promissio
713 912 955 972 revelatur,
975 913 1034 957 eis
1051 914 1186 971 magis
1204 912 1465 974 respondere

72 984 327 1044 compellor,
363 985 441 1045 qui
472 984 541 1029 vel
574 984 906 1043 temperantiam
930 999 1051 1028 suam
1074 983 1239 1028 audent
1261 983 1466 1043 praeferre

73 1056 316 1114 Prophetis,
353 1055 421 1099 vel
449 1056 656 1115 nequitiae
677 1071 767 1098 suae
789 1064 994 1114 quaerunt
1017 1055 1254 1113 patrocinia
1279 1056 1333 1099 de
1356 1059 1463 1099 Pro-

72 1126 230 1186 phetis.

132 1197 296 1240 XXIV.
331 1197 427 1248 Qua
463 1195 510 1238 in
543 1210 588 1238 re
621 1196 705 1239 hoc
734 1195 923 1254 primum
955 1194 1080 1250 dico,
1116 1195 1292 1240 illorum
1322 1196 1466 1240 homi-

72 1281 179 1311 num
203 1281 291 1310 non
312 1274 485 1310 tantum
506 1265 717 1324 linguam,
744 1266 1028 1309 verumetiam
1055 1266 1188 1310 vitam
1215 1266 1345 1311 fuisse
1361 1282 1465 1326 pro-

72 1337 324 1397 pheticam,
354 1346 585 1396 totumque
616 1335 727 1379 illud
761 1351 945 1394 regnum
980 1336 1119 1394 gentis
1156 1336 1464 1393 Hebraeorum,

72 1422 280 1467 magnum
305 1406 558 1467 quemdam,
585 1406 687 1466 quia
709 1414 753 1450 et
774 1407 918 1464 magni
941 1406 1183 1465 cujusdam,
1210 1405 1341 1452 fuisse
1362 1424 1467 1467 pro-

72 1479 266 1538 phetam.
293 1479 507 1532 Quocirca
532 1476 652 1537 quod
680 1476 736 1520 ad
765 1492 837 1522 eos
865 1477 1045 1536 quidem
1072 1479 1242 1534 attinet,
1274 1479 1351 1539 qui
1380 1479 1468 1524 illic

73 1560 197 1594 erant
211 1549 370 1594 eruditi
389 1549 520 1594 corde
540 1550 585 1592 in
607 1548 814 1608 sapientia
829 1549 909 1593 Dei
921 1551 952 1604 ¹,
970 1565 1059 1594 non
1076 1550 1215 1594 solum
1239 1551 1285 1594 in
1301 1552 1350 1595 iis
1368 1567 1468 1612 quae

74 1620 294 1675 dicebant,
321 1619 396 1664 sed
418 1620 546 1663 etiam
570 1620 615 1663 in
636 1620 684 1662 iis
707 1635 806 1678 quae
829 1618 1067 1677 faciebant3
1093 1620 1213 1680 quod
1242 1631 1388 1666 autem
1411 1622 1465 1666 ad

75 1699 252 1735 caeteros
273 1706 321 1735 ac
340 1689 471 1734 simul
490 1704 640 1733 omnes
662 1688 777 1732 illius
800 1690 937 1746 gentis
959 1690 1157 1735 homines
1173 1726 1183 1745 ,
1219 1691 1264 1735 in
1297 1692 1347 1735 iis
1368 1708 1468 1751 quae

78 1762 124 1806 in
155 1761 240 1806 illis
273 1760 343 1806 vel
377 1761 431 1805 de
464 1760 547 1804 illis
576 1760 784 1804 divinitus
817 1761 995 1816 fiebant,
1031 1762 1260 1821 prophetia
1294 1763 1467 1807 venturi

76 1833 236 1879 Christi
249 1842 292 1876 et
305 1832 507 1877 Ecclesiae
520 1831 828 1892 perscrutanda
846 1841 923 1876 est.
943 1834 1098 1878 Omnia
1115 1833 1231 1878 enim
1248 1833 1338 1890 illa,
1358 1835 1470 1879 sicut

78 1904 182 1949 dicit
200 1902 448 1963 Apostolus,
468 1904 621 1962 figurae
638 1912 797 1948 nostrae
814 1903 1037 1948 fuerunt2.

136 1976 278 2018 XXV.
331 1973 399 2019 Sic
439 1983 584 2018 autem
620 1974 691 2018 isti
718 1973 764 2018 in
802 1973 1064 2033 quibusdam
1107 1973 1250 2030 factis,
1293 1992 1315 2020 a
1358 1991 1470 2036 quo-

79 2061 178 2090 rum
209 2044 440 2089 altitudine
466 2044 596 2103 longe
628 2054 731 2089 sunt
747 2080 758 2100 ,
785 2045 1114 2105 reprehendunt
1136 2055 1346 2107 tanquam
1367 2046 1469 2091 libi-

79 2116 227 2161 dinem
264 2115 598 2175 Prophetarum,
624 2116 735 2160 sicut
768 2115 970 2160 nonnulli
996 2117 1126 2160 etiam
1149 2118 1344 2177 sacrilegi
1387 2121 1472 2162 Pa-

80 2200 290 2245 ganorum
336 2185 660 2244 reprehendunt
711 2196 920 2246 tanquam
956 2186 1183 2231 stultitiam
1220 2187 1290 2232 vel
1330 2189 1471 2247 potius

79 2266 289 2317 tanquam
316 2255 579 2301 dementiam
601 2257 776 2313 Christi,
797 2258 901 2317 quia
922 2266 1118 2317 tempore
1135 2259 1238 2303 anni
1259 2275 1349 2304 non
1371 2276 1472 2305 con-

82 2343 190 2387 gruo
220 2342 348 2386 poma
383 2328 582 2386 quaesivit
609 2327 654 2371 in
685 2328 891 2385 arbore33
927 2339 1001 2373 aut
1034 2329 1211 2388 puerilis
1243 2330 1470 2391 cujusdam

81 2397 291 2443 fatuitatis
315 2397 543 2452 affectum,
575 2397 693 2458 quod
715 2399 919 2444 inclinato
942 2400 1086 2459 capite
1104 2401 1239 2460 digito
1257 2403 1471 2447 scribebat

131 2509 139 2524 ¹
172 2500 252 2533 Psal.
280 2500 391 2533 Lxxxix
409 2526 417 2542 ,
453 2510 502 2534 12.
528 2519 564 2525 -ψ
585 2510 595 2524 ²
621 2513 632 2534 ι
654 2504 727 2535 Cor.
748 2512 786 2541 x,
806 2502 839 2535 6.
868 2520 909 2526 —
931 2501 946 2525 3
969 2503 1091 2536 Matth.
1112 2515 1166 2537 xxi
1182 2530 1191 2546 ,
1221 2516 1259 2549 ¹9
1275 2530 1283 2546 ‚
1315 2510 1348 2538 et
1366 2507 1469 2538 Marc.

85 2568 137 2598 xi,
174 2556 226 2588 13.
