1803 3250
94 288 195 390 S.
252 287 582 390 AUR.
649 286 1462 393 AUGUSTINt

413 502 821 540 HIPPONENSIS
859 502 1143 541 EPISCOPI

536 867 711 927 Lisai
763 872 999 927 xxxin.

87 1061 1459 1108 aaaeaaaaaaaaaaaaaeaaaaaaaaaaaaaaaaaaaaas

551 1234 767 1297 LIBER
807 1241 994 1299 XXII,

136 1422 172 1464 Ι.
208 1421 402 1464 ΕΑυετυε
427 1417 538 1462 dixit
564 1437 573 1463 :
607 1437 627 1460 «
652 1420 742 1464 Cur
771 1421 931 1478 Legem
960 1418 1268 1478 blasphematis
1289 1432 1331 1467 et
1357 1426 1463 1468 Pro-

76 1491 258 1550 phetas?
280 1490 460 1536 Minime
493 1489 671 1551 quidem
711 1506 788 1535 nos
819 1492 963 1536 hostes
983 1508 1152 1548 sumus,
1190 1504 1266 1538 aut
1302 1495 1461 1539 inimici

75 1562 199 1620 Legis
221 1577 270 1606 ac
293 1561 638 1621 Prophetarum,
662 1561 738 1605 sed
770 1577 851 1606 nec
885 1561 1016 1606 ullius
1048 1564 1227 1609 omnino
1248 1583 1259 1609 .·
1283 1566 1391 1610 adeo
1415 1576 1463 1611 ut

75 1632 110 1677 si
148 1633 280 1677 modo
302 1648 379 1692 per
413 1633 528 1691 ipsos
569 1647 644 1675 vos
677 1631 830 1687 liceat,
862 1633 994 1677 simus
1023 1636 1161 1693 parati
1195 1635 1321 1680 fateri
1354 1636 1460 1682 falsa

73 1702 146 1748 illa
163 1703 308 1748 omnia
325 1718 436 1757 csse,
463 1719 562 1762 quae
580 1701 634 1746 de
656 1703 714 1746 eis
733 1703 890 1762 scripta
913 1713 1015 1748 sunt
1031 1739 1041 1758 ‚
1065 1714 1108 1748 et
1125 1722 1315 1765 quorum
1334 1724 1461 1753 causa

71 1775 277 1820 videntur
292 1774 417 1819 nobis
432 1774 560 1818 exosi.
585 1773 668 1818 Sed
692 1774 808 1817 enim
825 1790 900 1818 vos
919 1777 1168 1834 repugnatis
1183 1812 1193 1831 ‚
1219 1788 1261 1822 et
1281 1780 1466 1838 scripto-

15 1847 21 1851 '
71 1847 191 1891 ribus
211 1846 484 1891 assentiendo
499 1845 649 1889 vestris
665 1881 675 1900 ,
699 1845 744 1889 in
766 1846 931 1890 crimen
950 1845 1130 1891 forsitan
1146 1851 1383 1907 Prophetas
1402 1852 1466 1895 in-

73 1926 280 1963 nocentes
301 1915 514 1961 adducitis
533 1950 544 1970 ‚
569 1915 788 1959 infamatis
809 1917 947 1960 Patria
957 1918 1079 1961 rchas
1097 1953 1107 1973 ‚
1133 1917 1404 1965 dedecoratis
1423 1931 1465 1966 et

74 1992 235 2049 Legem
255 2023 266 2043 ‚
299 1997 430 2047 atque
452 1986 573 2047 quod
595 1987 649 2031 sit,
670 1985 844 2031 stultius
862 2023 872 2042 ‚
900 1989 1030 2032 vultis
1055 1998 1099 2034 et
1119 1992 1347 2049 scriptores
1371 2009 1464 2037 ves·-

74 2068 162 2104 tros
186 2074 275 2103 non
298 2073 387 2102 esse
409 2056 638 2101 mendaces
653 2093 664 2112 ,
689 2067 732 2102 et
757 2074 829 2102 eos
858 2070 1001 2103 tamen
1026 2060 1244 2119 religiosos
1266 2079 1316 2107 ac
1339 2080 1466 2109 sanc-

73 2139 164 2185 tos,
199 2144 389 2190 quorum
428 2128 472 2172 hi
503 2128 666 2187 flagitia
705 2138 748 2172 et
787 2138 934 2189 turpes
969 2133 1302 2191 conscripserint
1339 2136 1462 2180 vitas.

71 2201 202 2256 Quod
223 2201 326 2261 quia
344 2209 582 2260 utrumque
602 2201 760 2258 pariter
783 2213 980 2246 constare
999 2218 1087 2246 non
1112 2213 1254 2263 potest
1271 2240 1282 2259 ,
1308 2208 1466 2265 (opor-

71 2281 134 2316 tet
155 2273 272 2316 enirn
295 2281 371 2316 aut
399 2272 476 2316 hos
498 2269 629 2315 fuisse
652 2271 788 2316 malos
804 2306 815 2328 ,
848 2283 924 2317 aut
946 2272 1043 2318 illos
1066 2275 1296 2320 mendaces
1318 2288 1361 2322 et
1382 2277 1467 2324 fal-

73 2359 140 2389 sos
160 2347 198 2402 ι)
220 2362 240 2386 »

130 2417 188 2459 II.
218 2433 239 2457 «
265 2417 371 2471 Age,
396 2413 430 2458 si
452 2412 575 2468 libet,
602 2428 781 2458 assensu·
798 2415 1021 2458 communi
1043 2417 1326 2473 scriptoribus
1349 2421 1468 2465 dam-

70 2485 213 2540 natis,
247 2483 546 2528 defensionem
587 2484 870 2542 suscipiamus
909 2486 1032 2543 Legis
1057 2495 1099 2529 et
1132 2489 1461 2546 Prophetarum.

70 2557 230 2614 Legem
248 2564 394 2600 autem
420 2569 538 2598 nunc
569 2554 668 2598 dico
697 2569 800 2612 ego,
832 2571 921 2600 non
944 2557 1317 2602 circumcisionem
1339 2595 1349 2613 ‚
1391 2579 1468 2606 noc

1245 2632 1277 2667 1.
