<?xml version="1.0" encoding="UTF-8"?>
<!DOCTYPE html PUBLIC "-//W3C//DTD XHTML 1.0 Transitional//EN"
    "http://www.w3.org/TR/xhtml1/DTD/xhtml1-transitional.dtd">
<html xmlns="http://www.w3.org/1999/xhtml" xml:lang="en" lang="en">
 <head>
  <title>
</title>
<meta http-equiv="Content-Type" content="text/html;charset=utf-8" />
  <meta name='ocr-system' content='tesseract 3.04.00' />
  <meta name='ocr-capabilities' content='ocr_page ocr_carea ocr_par ocr_line ocrx_word'/>
</head>
<body>
  <div class='ocr_page' id='page_1' title='image "./operaomniaaccura29auguuoft/operaomniaaccura29auguuoft_0241.png"; bbox 0 0 1803 3250; ppageno 0'>
   <div class='ocr_carea' id='block_1_1' title="bbox 281 219 1459 267">
    <p class='ocr_par' dir='ltr' id='par_1_1' title="bbox 281 219 1459 267">
     <span class='ocr_line' id='line_1_1' title="bbox 281 219 1459 267; baseline 0.002 -11"><span class='ocrx_word' id='word_1_1' title='bbox 281 229 332 256; x_wconf 79' lang='lat' dir='ltr'>DE</span> <span class='ocrx_word' id='word_1_2' title='bbox 364 227 477 257; x_wconf 75' lang='lat' dir='ltr'>Ac&#39;ms</span> <span class='ocrx_word' id='word_1_3' title='bbox 507 230 596 257; x_wconf 76' lang='lat' dir='ltr'>CUM</span> <span class='ocrx_word' id='word_1_4' title='bbox 629 228 775 256; x_wconf 75' lang='lat' dir='ltr'><strong>FELICE</strong></span> <span class='ocrx_word' id='word_1_5' title='bbox 806 226 1054 267; x_wconf 68' lang='lat' dir='ltr'>MAMCHAEQ</span> <span class='ocrx_word' id='word_1_6' title='bbox 1090 231 1172 256; x_wconf 77' lang='lat' dir='ltr'>Lm.</span> <span class='ocrx_word' id='word_1_7' title='bbox 1209 231 1254 256; x_wconf 87' lang='lat'>11.</span> <span class='ocrx_word' id='word_1_8' title='bbox 1379 219 1459 258; x_wconf 78' lang='lat'>231</span> 
     </span>
    </p>
   </div>
   <div class='ocr_carea' id='block_1_2' title="bbox 81 291 1466 497">
    <p class='ocr_par' dir='ltr' id='par_1_2' title="bbox 81 291 1466 497">
     <span class='ocr_line' id='line_1_2' title="bbox 81 291 1466 354; baseline 0 -14"><span class='ocrx_word' id='word_1_9' title='bbox 81 309 183 340; x_wconf 88' lang='lat' dir='ltr'>cum</span> <span class='ocrx_word' id='word_1_10' title='bbox 198 292 422 339; x_wconf 86' lang='lat' dir='ltr'>daemoniis</span> <span class='ocrx_word' id='word_1_11' title='bbox 439 294 639 354; x_wconf 85' lang='lat' dir='ltr'>injiciunt</span> <span class='ocrx_word' id='word_1_12' title='bbox 658 291 902 347; x_wconf 83' lang='lat' dir='ltr'>libidinem,</span> <span class='ocrx_word' id='word_1_13' title='bbox 923 295 1109 338; x_wconf 85' lang='lat' dir='ltr'>accensis</span> <span class='ocrx_word' id='word_1_14' title='bbox 1126 294 1170 337; x_wconf 90' lang='lat' dir='ltr'>in</span> <span class='ocrx_word' id='word_1_15' title='bbox 1188 292 1346 339; x_wconf 86' lang='lat' dir='ltr'>formas</span> <span class='ocrx_word' id='word_1_16' title='bbox 1364 310 1466 340; x_wconf 88' lang='lat' dir='ltr'>con-</span> 
     </span>
     <span class='ocr_line' id='line_1_3' title="bbox 81 362 1466 426; baseline 0 -16"><span class='ocrx_word' id='word_1_17' title='bbox 81 367 202 411; x_wconf 86' lang='lat' dir='ltr'>fictas</span> <span class='ocrx_word' id='word_1_18' title='bbox 215 381 238 410; x_wconf 85' lang='lat' dir='ltr'>a</span> <span class='ocrx_word' id='word_1_19' title='bbox 255 369 359 420; x_wconf 90' lang='lat' dir='ltr'>Deo,</span> <span class='ocrx_word' id='word_1_20' title='bbox 378 365 626 409; x_wconf 82' lang='lat' dir='ltr'>relaxentur</span> <span class='ocrx_word' id='word_1_21' title='bbox 648 362 843 406; x_wconf 81' lang='lat' dir='ltr'>membra</span> <span class='ocrx_word' id='word_1_22' title='bbox 865 368 1033 419; x_wconf 83' lang='lat' dir='ltr'>eorum,</span> <span class='ocrx_word' id='word_1_23' title='bbox 1058 374 1101 409; x_wconf 91' lang='lat' dir='ltr'>et</span> <span class='ocrx_word' id='word_1_24' title='bbox 1122 365 1180 409; x_wconf 91' lang='lat' dir='ltr'>sic</span> <span class='ocrx_word' id='word_1_25' title='bbox 1197 364 1352 410; x_wconf 84' lang='lat' dir='ltr'>evadat</span> <span class='ocrx_word' id='word_1_26' title='bbox 1368 380 1466 426; x_wconf 88' lang='lat' dir='ltr'>pars</span> 
     </span>
     <span class='ocr_line' id='line_1_4' title="bbox 82 433 1466 497; baseline 0.001 -16"><span class='ocrx_word' id='word_1_27' title='bbox 82 437 160 482; x_wconf 90' lang='lat' dir='ltr'>Dei</span> <span class='ocrx_word' id='word_1_28' title='bbox 179 453 276 497; x_wconf 86' lang='lat' dir='ltr'>quae</span> <span class='ocrx_word' id='word_1_29' title='bbox 293 436 355 481; x_wconf 89' lang='lat' dir='ltr'>ibi</span> <span class='ocrx_word' id='word_1_30' title='bbox 375 435 506 480; x_wconf 87' lang='lat' dir='ltr'>fuerit</span> <span class='ocrx_word' id='word_1_31' title='bbox 524 433 740 492; x_wconf 87' lang='lat' dir='ltr'>colligata.</span> <span class='ocrx_word' id='word_1_32' title='bbox 764 435 856 477; x_wconf 90' lang='lat' dir='ltr'>Hoc</span> <span class='ocrx_word' id='word_1_33' title='bbox 874 441 1042 478; x_wconf 86' lang='lat' dir='ltr'>tantum</span> <span class='ocrx_word' id='word_1_34' title='bbox 1061 436 1362 494; x_wconf 86' lang='lat' dir='ltr'>opprobrium,</span> <span class='ocrx_word' id='word_1_35' title='bbox 1382 437 1466 482; x_wconf 90' lang='lat' dir='ltr'>hoc</span> 
     </span>
    </p>
   </div>
   <div class='ocr_carea' id='block_1_3' title="bbox 7 502 1467 565">
    <p class='ocr_par' dir='ltr' id='par_1_3' title="bbox 7 502 1467 565">
     <span class='ocr_line' id='line_1_5' title="bbox 7 502 1467 565; baseline 0.001 -14"><span class='ocrx_word' id='word_1_36' title='bbox 7 538 12 543; x_wconf 37' lang='lat'>⁵</span> <span class='ocrx_word' id='word_1_37' title='bbox 81 516 254 552; x_wconf 84' lang='lat' dir='ltr'>tantum</span> <span class='ocrx_word' id='word_1_38' title='bbox 287 504 557 564; x_wconf 84' lang='lat' dir='ltr'>sacrilegium</span> <span class='ocrx_word' id='word_1_39' title='bbox 590 502 766 549; x_wconf 85' lang='lat' dir='ltr'>credere</span> <span class='ocrx_word' id='word_1_40' title='bbox 793 504 885 547; x_wconf 85' lang='lat' dir='ltr'>ausi</span> <span class='ocrx_word' id='word_1_41' title='bbox 909 506 1030 559; x_wconf 90' lang='lat' dir='ltr'>estis,</span> <span class='ocrx_word' id='word_1_42' title='bbox 1056 514 1098 550; x_wconf 88' lang='lat' dir='ltr'>et</span> <span class='ocrx_word' id='word_1_43' title='bbox 1120 504 1354 565; x_wconf 81' lang='lat' dir='ltr'>praedieare</span> <span class='ocrx_word' id='word_1_44' title='bbox 1376 522 1467 552; x_wconf 91' lang='lat' dir='ltr'>non</span> 
     </span>
    </p>
   </div>
   <div class='ocr_carea' id='block_1_4' title="bbox 81 573 1474 2130">
    <p class='ocr_par' dir='ltr' id='par_1_4' title="bbox 81 573 1474 1345">
     <span class='ocr_line' id='line_1_6' title="bbox 82 573 1468 624; baseline 0.001 -1"><span class='ocrx_word' id='word_1_45' title='bbox 82 578 308 623; x_wconf 86' lang='lat' dir='ltr'>dubitatis.</span> <span class='ocrx_word' id='word_1_46' title='bbox 349 579 454 620; x_wconf 78' lang='lat' dir='ltr'>Haec</span> <span class='ocrx_word' id='word_1_47' title='bbox 488 584 589 620; x_wconf 89' lang='lat' dir='ltr'>sunt</span> <span class='ocrx_word' id='word_1_48' title='bbox 622 573 764 619; x_wconf 90' lang='lat' dir='ltr'>media</span> <span class='ocrx_word' id='word_1_49' title='bbox 792 574 1004 620; x_wconf 82' lang='lat' dir='ltr'>doctrinae</span> <span class='ocrx_word' id='word_1_50' title='bbox 1032 585 1199 621; x_wconf 83' lang='lat' dir='ltr'>vestrae.</span> <span class='ocrx_word' id='word_1_51' title='bbox 1226 577 1344 621; x_wconf 86' lang='lat' dir='ltr'>Finis</span> <span class='ocrx_word' id='word_1_52' title='bbox 1364 593 1468 624; x_wconf 90' lang='lat' dir='ltr'>vero</span> 
     </span>
     <span class='ocr_line' id='line_1_7' title="bbox 84 646 1470 710; baseline 0.001 -17"><span class='ocrx_word' id='word_1_53' title='bbox 84 650 181 710; x_wconf 90' lang='lat' dir='ltr'>quis</span> <span class='ocrx_word' id='word_1_54' title='bbox 201 650 291 693; x_wconf 87' lang='lat' dir='ltr'>est?</span> <span class='ocrx_word' id='word_1_55' title='bbox 312 648 431 708; x_wconf 92' lang='lat' dir='ltr'>quis,</span> <span class='ocrx_word' id='word_1_56' title='bbox 455 647 537 691; x_wconf 89' lang='lat' dir='ltr'>nisi</span> <span class='ocrx_word' id='word_1_57' title='bbox 557 646 659 708; x_wconf 88' lang='lat' dir='ltr'>quia</span> <span class='ocrx_word' id='word_1_58' title='bbox 683 662 771 691; x_wconf 89' lang='lat' dir='ltr'>non</span> <span class='ocrx_word' id='word_1_59' title='bbox 791 647 938 707; x_wconf 87' lang='lat' dir='ltr'>potuit</span> <span class='ocrx_word' id='word_1_60' title='bbox 958 649 1071 692; x_wconf 90' lang='lat' dir='ltr'>Deus</span> <span class='ocrx_word' id='word_1_61' title='bbox 1093 657 1235 693; x_wconf 90' lang='lat' dir='ltr'>totum</span> <span class='ocrx_word' id='word_1_62' title='bbox 1257 651 1470 708; x_wconf 78' lang='lat' dir='ltr'>purgare?</span> 
     </span>
     <span class='ocr_line' id='line_1_8' title="bbox 84 716 1471 780; baseline 0 -15"><span class='ocrx_word' id='word_1_63' title='bbox 84 723 142 765; x_wconf 88' lang='lat' dir='ltr'>Et</span> <span class='ocrx_word' id='word_1_64' title='bbox 162 720 264 780; x_wconf 87' lang='lat' dir='ltr'>quia</span> <span class='ocrx_word' id='word_1_65' title='bbox 285 734 375 764; x_wconf 88' lang='lat' dir='ltr'>non</span> <span class='ocrx_word' id='word_1_66' title='bbox 397 718 555 778; x_wconf 89' lang='lat' dir='ltr'>potuit,</span> <span class='ocrx_word' id='word_1_67' title='bbox 579 716 801 763; x_wconf 82' lang='lat' dir='ltr'>facturum</span> <span class='ocrx_word' id='word_1_68' title='bbox 824 717 927 762; x_wconf 89' lang='lat' dir='ltr'>inde</span> <span class='ocrx_word' id='word_1_69' title='bbox 944 717 1085 763; x_wconf 91' lang='lat' dir='ltr'>dicitis</span> <span class='ocrx_word' id='word_1_70' title='bbox 1101 717 1222 764; x_wconf 88' lang='lat' dir='ltr'>velut</span> <span class='ocrx_word' id='word_1_71' title='bbox 1241 720 1471 765; x_wconf 87' lang='lat' dir='ltr'>tectorium</span> 
     </span>
     <span class='ocr_line' id='line_1_9' title="bbox 83 789 1472 852; baseline 0.001 -17"><span class='ocrx_word' id='word_1_72' title='bbox 83 790 201 851; x_wconf 85' lang='lat' dir='ltr'>genti</span> <span class='ocrx_word' id='word_1_73' title='bbox 224 790 520 845; x_wconf 86' lang='lat' dir='ltr'>tenebrarum,</span> <span class='ocrx_word' id='word_1_74' title='bbox 540 799 591 834; x_wconf 88' lang='lat' dir='ltr'>ut</span> <span class='ocrx_word' id='word_1_75' title='bbox 606 789 666 833; x_wconf 88' lang='lat' dir='ltr'>ibi</span> <span class='ocrx_word' id='word_1_76' title='bbox 685 790 730 834; x_wconf 90' lang='lat' dir='ltr'>in</span> <span class='ocrx_word' id='word_1_77' title='bbox 751 798 966 834; x_wconf 73' lang='lat' dir='ltr'>aeternum</span> <span class='ocrx_word' id='word_1_78' title='bbox 982 789 1217 835; x_wconf 80' lang='lat' dir='ltr'>damnetur</span> <span class='ocrx_word' id='word_1_79' title='bbox 1232 791 1353 852; x_wconf 87' lang='lat' dir='ltr'>quod</span> <span class='ocrx_word' id='word_1_80' title='bbox 1370 807 1472 851; x_wconf 91' lang='lat' dir='ltr'>pur—</span> 
     </span>
     <span class='ocr_line' id='line_1_10' title="bbox 86 860 1473 922; baseline 0.001 -16"><span class='ocrx_word' id='word_1_81' title='bbox 86 862 177 922; x_wconf 81' lang='lat' dir='ltr'>gari</span> <span class='ocrx_word' id='word_1_82' title='bbox 198 876 288 906; x_wconf 92' lang='lat' dir='ltr'>non</span> <span class='ocrx_word' id='word_1_83' title='bbox 312 861 484 920; x_wconf 91' lang='lat' dir='ltr'>potuit,</span> <span class='ocrx_word' id='word_1_84' title='bbox 518 868 561 905; x_wconf 89' lang='lat' dir='ltr'>et</span> <span class='ocrx_word' id='word_1_85' title='bbox 591 860 700 904; x_wconf 88' lang='lat' dir='ltr'>nihil</span> <span class='ocrx_word' id='word_1_86' title='bbox 721 876 797 905; x_wconf 91' lang='lat' dir='ltr'>sua</span> <span class='ocrx_word' id='word_1_87' title='bbox 825 871 979 920; x_wconf 91' lang='lat' dir='ltr'>sponte</span> <span class='ocrx_word' id='word_1_88' title='bbox 1000 861 1230 907; x_wconf 89' lang='lat' dir='ltr'>commisit.</span> <span class='ocrx_word' id='word_1_89' title='bbox 1263 865 1328 907; x_wconf 86' lang='lat' dir='ltr'>lta</span> <span class='ocrx_word' id='word_1_90' title='bbox 1351 863 1401 907; x_wconf 86' lang='lat' dir='ltr'>fit</span> <span class='ocrx_word' id='word_1_91' title='bbox 1422 871 1473 908; x_wconf 90' lang='lat' dir='ltr'>ut</span> 
     </span>
     <span class='ocr_line' id='line_1_11' title="bbox 83 931 1471 988; baseline 0.001 -11"><span class='ocrx_word' id='word_1_92' title='bbox 83 933 190 977; x_wconf 89' lang='lat' dir='ltr'>deus</span> <span class='ocrx_word' id='word_1_93' title='bbox 211 940 367 987; x_wconf 90' lang='lat' dir='ltr'>vester,</span> <span class='ocrx_word' id='word_1_94' title='bbox 386 938 492 975; x_wconf 76' lang='lat' dir='ltr'>vnon</span> <span class='ocrx_word' id='word_1_95' title='bbox 511 946 654 986; x_wconf 88' lang='lat' dir='ltr'>verus,</span> <span class='ocrx_word' id='word_1_96' title='bbox 689 931 764 975; x_wconf 92' lang='lat' dir='ltr'>sed</span> <span class='ocrx_word' id='word_1_97' title='bbox 788 932 930 988; x_wconf 84' lang='lat' dir='ltr'>fictus,</span> <span class='ocrx_word' id='word_1_98' title='bbox 962 947 1052 977; x_wconf 93' lang='lat' dir='ltr'>non</span> <span class='ocrx_word' id='word_1_99' title='bbox 1074 932 1235 978; x_wconf 89' lang='lat' dir='ltr'>alicubi</span> <span class='ocrx_word' id='word_1_100' title='bbox 1256 933 1471 979; x_wconf 88' lang='lat' dir='ltr'>constitu-</span> 
     </span>
     <span class='ocr_line' id='line_1_12' title="bbox 81 1001 1474 1065; baseline 0.002 -17"><span class='ocrx_word' id='word_1_101' title='bbox 81 1012 170 1060; x_wconf 85' lang='lat' dir='ltr'>tus,</span> <span class='ocrx_word' id='word_1_102' title='bbox 194 1001 269 1047; x_wconf 89' lang='lat' dir='ltr'>sed</span> <span class='ocrx_word' id='word_1_103' title='bbox 290 1003 335 1047; x_wconf 90' lang='lat' dir='ltr'>in</span> <span class='ocrx_word' id='word_1_104' title='bbox 356 1001 487 1047; x_wconf 91' lang='lat' dir='ltr'>corde</span> <span class='ocrx_word' id='word_1_105' title='bbox 507 1012 651 1048; x_wconf 87' lang='lat' dir='ltr'>vestro</span> <span class='ocrx_word' id='word_1_106' title='bbox 672 1003 950 1063; x_wconf 83' lang='lat' dir='ltr'>imaginatus,</span> <span class='ocrx_word' id='word_1_107' title='bbox 966 1013 1132 1065; x_wconf 85' lang='lat' dir='ltr'>partem</span> <span class='ocrx_word' id='word_1_108' title='bbox 1154 1020 1277 1049; x_wconf 86' lang='lat' dir='ltr'>suam</span> <span class='ocrx_word' id='word_1_109' title='bbox 1296 1005 1474 1051; x_wconf 87' lang='lat' dir='ltr'>misceat</span> 
     </span>
     <span class='ocr_line' id='line_1_13' title="bbox 81 1073 1474 1133; baseline 0.002 -16"><span class='ocrx_word' id='word_1_110' title='bbox 81 1073 328 1128; x_wconf 84' lang='lat' dir='ltr'>infeliciter,</span> <span class='ocrx_word' id='word_1_111' title='bbox 364 1082 520 1133; x_wconf 81' lang='lat' dir='ltr'>purget</span> <span class='ocrx_word' id='word_1_112' title='bbox 553 1073 754 1133; x_wconf 81' lang='lat' dir='ltr'>turpiter,</span> <span class='ocrx_word' id='word_1_113' title='bbox 790 1075 968 1119; x_wconf 85' lang='lat' dir='ltr'>damnet</span> <span class='ocrx_word' id='word_1_114' title='bbox 1001 1075 1251 1120; x_wconf 85' lang='lat' dir='ltr'>crudeliter.</span> <span class='ocrx_word' id='word_1_115' title='bbox 1287 1076 1356 1120; x_wconf 84' lang='lat' dir='ltr'>Ad</span> <span class='ocrx_word' id='word_1_116' title='bbox 1380 1076 1474 1121; x_wconf 86' lang='lat' dir='ltr'>haec</span> 
     </span>
     <span class='ocr_line' id='line_1_14' title="bbox 81 1143 1474 1206; baseline 0.001 -17"><span class='ocrx_word' id='word_1_117' title='bbox 81 1159 184 1202; x_wconf 86' lang='lat' dir='ltr'>ergo</span> <span class='ocrx_word' id='word_1_118' title='bbox 221 1143 450 1203; x_wconf 84' lang='lat' dir='ltr'>responde,</span> <span class='ocrx_word' id='word_1_119' title='bbox 487 1153 531 1187; x_wconf 87' lang='lat' dir='ltr'>et</span> <span class='ocrx_word' id='word_1_120' title='bbox 562 1144 705 1203; x_wconf 89' lang='lat' dir='ltr'>incipe</span> <span class='ocrx_word' id='word_1_121' title='bbox 737 1145 792 1188; x_wconf 88' lang='lat' dir='ltr'>ab</span> <span class='ocrx_word' id='word_1_122' title='bbox 824 1145 900 1189; x_wconf 89' lang='lat' dir='ltr'>illo</span> <span class='ocrx_word' id='word_1_123' title='bbox 922 1145 1044 1205; x_wconf 86' lang='lat' dir='ltr'>quod</span> <span class='ocrx_word' id='word_1_124' title='bbox 1066 1145 1168 1201; x_wconf 85' lang='lat' dir='ltr'>dixi,</span> <span class='ocrx_word' id='word_1_125' title='bbox 1205 1161 1340 1206; x_wconf 86' lang='lat' dir='ltr'>quare</span> <span class='ocrx_word' id='word_1_126' title='bbox 1361 1149 1474 1191; x_wconf 90' lang='lat' dir='ltr'>Deus</span> 
     </span>
     <span class='ocr_line' id='line_1_15' title="bbox 82 1214 1472 1277; baseline 0.002 -18"><span class='ocrx_word' id='word_1_127' title='bbox 82 1214 254 1259; x_wconf 87' lang='lat' dir='ltr'>miscuit</span> <span class='ocrx_word' id='word_1_128' title='bbox 275 1214 397 1258; x_wconf 86' lang='lat' dir='ltr'>istam</span> <span class='ocrx_word' id='word_1_129' title='bbox 422 1222 591 1274; x_wconf 86' lang='lat' dir='ltr'>partem</span> <span class='ocrx_word' id='word_1_130' title='bbox 607 1229 747 1270; x_wconf 82' lang='lat' dir='ltr'>suam,</span> <span class='ocrx_word' id='word_1_131' title='bbox 772 1215 842 1259; x_wconf 89' lang='lat' dir='ltr'>cui</span> <span class='ocrx_word' id='word_1_132' title='bbox 865 1215 976 1260; x_wconf 92' lang='lat' dir='ltr'>nihil</span> <span class='ocrx_word' id='word_1_133' title='bbox 997 1232 1156 1262; x_wconf 88' lang='lat' dir='ltr'>nocere</span> <span class='ocrx_word' id='word_1_134' title='bbox 1177 1226 1371 1277; x_wconf 70' lang='lat' dir='ltr'>poterat,</span> <span class='ocrx_word' id='word_1_135' title='bbox 1397 1225 1472 1262; x_wconf 87' lang='lat' dir='ltr'>aut</span> 
     </span>
     <span class='ocr_line' id='line_1_16' title="bbox 81 1284 983 1345; baseline 0 -15"><span class='ocrx_word' id='word_1_136' title='bbox 81 1285 117 1330; x_wconf 91' lang='lat' dir='ltr'>si</span> <span class='ocrx_word' id='word_1_137' title='bbox 133 1285 293 1345; x_wconf 87' lang='lat' dir='ltr'>potuit,</span> <span class='ocrx_word' id='word_1_138' title='bbox 313 1284 538 1345; x_wconf 91' lang='lat' dir='ltr'>quomodo</span> <span class='ocrx_word' id='word_1_139' title='bbox 555 1284 609 1329; x_wconf 91' lang='lat' dir='ltr'>sit</span> <span class='ocrx_word' id='word_1_140' title='bbox 624 1285 983 1345; x_wconf 86' lang='lat' dir='ltr'>incorruptibilis.</span> 
     </span>
    </p>

    <p class='ocr_par' dir='ltr' id='par_1_5' title="bbox 82 1347 1474 1542">
     <span class='ocr_line' id='line_1_17' title="bbox 141 1347 1474 1402; baseline 0.002 -2"><span class='ocrx_word' id='word_1_141' title='bbox 141 1347 274 1400; x_wconf 69' lang='lat' dir='ltr'>Vllls</span> <span class='ocrx_word' id='word_1_142' title='bbox 301 1358 407 1400; x_wconf 69' lang='lat' dir='ltr'><strong>FEL.</strong></span> <span class='ocrx_word' id='word_1_143' title='bbox 428 1355 562 1402; x_wconf 84' lang='lat' dir='ltr'>dixit:</span> <span class='ocrx_word' id='word_1_144' title='bbox 583 1374 603 1398; x_wconf 92' lang='lat'>«</span> <span class='ocrx_word' id='word_1_145' title='bbox 622 1356 856 1402; x_wconf 88' lang='lat' dir='ltr'>Crudelem</span> <span class='ocrx_word' id='word_1_146' title='bbox 870 1357 1053 1402; x_wconf 85' lang='lat' dir='ltr'>asseritis</span> <span class='ocrx_word' id='word_1_147' title='bbox 1069 1357 1363 1402; x_wconf 84' lang='lat' dir='ltr'>Manichaeum</span> <span class='ocrx_word' id='word_1_148' title='bbox 1379 1357 1474 1402; x_wconf 85' lang='lat' dir='ltr'>haec</span> 
     </span>
     <span class='ocr_line' id='line_1_18' title="bbox 82 1426 1474 1489; baseline 0.001 -18"><span class='ocrx_word' id='word_1_149' title='bbox 82 1426 324 1472; x_wconf 84' lang='lat' dir='ltr'>dicentem:</span> <span class='ocrx_word' id='word_1_150' title='bbox 350 1426 405 1471; x_wconf 88' lang='lat' dir='ltr'>de</span> <span class='ocrx_word' id='word_1_151' title='bbox 417 1427 589 1473; x_wconf 87' lang='lat' dir='ltr'>Christo</span> <span class='ocrx_word' id='word_1_152' title='bbox 602 1427 711 1488; x_wconf 86' lang='lat' dir='ltr'>quid</span> <span class='ocrx_word' id='word_1_153' title='bbox 728 1426 926 1485; x_wconf 86' lang='lat' dir='ltr'>dicimus,</span> <span class='ocrx_word' id='word_1_154' title='bbox 944 1428 1021 1489; x_wconf 87' lang='lat' dir='ltr'>qui</span> <span class='ocrx_word' id='word_1_155' title='bbox 1033 1426 1164 1475; x_wconf 84' lang='lat' dir='ltr'>dixit:</span> <span class='ocrx_word' id='word_1_156' title='bbox 1180 1431 1246 1473; x_wconf 93' lang='lat' dir='ltr'>Ite</span> <span class='ocrx_word' id='word_1_157' title='bbox 1262 1428 1309 1474; x_wconf 91' lang='lat' dir='ltr'>in</span> <span class='ocrx_word' id='word_1_158' title='bbox 1326 1428 1474 1488; x_wconf 88' lang='lat' dir='ltr'>ignem</span> 
     </span>
     <span class='ocr_line' id='line_1_19' title="bbox 82 1499 378 1542; baseline -0.01 0"><span class='ocrx_word' id='word_1_159' title='bbox 82 1499 337 1542; x_wconf 85' lang='lat' dir='ltr'>aeternum1.</span> <span class='ocrx_word' id='word_1_160' title='bbox 357 1514 378 1539; x_wconf 72' lang='lat' dir='ltr'>n</span> 
     </span>
    </p>

    <p class='ocr_par' dir='ltr' id='par_1_6' title="bbox 139 1567 981 1614">
     <span class='ocr_line' id='line_1_20' title="bbox 139 1567 981 1614; baseline -0.001 0"><span class='ocrx_word' id='word_1_161' title='bbox 139 1571 254 1614; x_wconf 71' lang='lat' dir='ltr'>Aue.</span> <span class='ocrx_word' id='word_1_162' title='bbox 278 1568 412 1614; x_wconf 86' lang='lat' dir='ltr'>dixit:</span> <span class='ocrx_word' id='word_1_163' title='bbox 434 1567 739 1614; x_wconf 87' lang='lat' dir='ltr'>Peccatoribus</span> <span class='ocrx_word' id='word_1_164' title='bbox 755 1568 840 1613; x_wconf 91' lang='lat' dir='ltr'>hoc</span> <span class='ocrx_word' id='word_1_165' title='bbox 858 1568 981 1613; x_wconf 88' lang='lat' dir='ltr'>dixit.</span> 
     </span>
    </p>

    <p class='ocr_par' dir='ltr' id='par_1_7' title="bbox 140 1639 1468 1701">
     <span class='ocr_line' id='line_1_21' title="bbox 140 1639 1468 1701; baseline -0.002 -17"><span class='ocrx_word' id='word_1_166' title='bbox 140 1642 248 1684; x_wconf 67' lang='lat' dir='ltr'>Fu.</span> <span class='ocrx_word' id='word_1_167' title='bbox 273 1639 406 1685; x_wconf 84' lang='lat' dir='ltr'>dixit:</span> <span class='ocrx_word' id='word_1_168' title='bbox 430 1657 451 1682; x_wconf 91' lang='lat'>«</span> <span class='ocrx_word' id='word_1_169' title='bbox 474 1639 549 1684; x_wconf 88' lang='lat' dir='ltr'>Isti</span> <span class='ocrx_word' id='word_1_170' title='bbox 570 1648 818 1699; x_wconf 84' lang='lat' dir='ltr'>peccatores</span> <span class='ocrx_word' id='word_1_171' title='bbox 840 1655 976 1701; x_wconf 83' lang='lat' dir='ltr'>quare</span> <span class='ocrx_word' id='word_1_172' title='bbox 997 1655 1088 1685; x_wconf 92' lang='lat' dir='ltr'>non</span> <span class='ocrx_word' id='word_1_173' title='bbox 1103 1640 1279 1700; x_wconf 86' lang='lat' dir='ltr'>purgati</span> <span class='ocrx_word' id='word_1_174' title='bbox 1299 1640 1425 1685; x_wconf 82' lang='lat' dir='ltr'>sunt?</span> <span class='ocrx_word' id='word_1_175' title='bbox 1446 1656 1468 1681; x_wconf 76' lang='lat' dir='ltr'>n</span> 
     </span>
    </p>

    <p class='ocr_par' dir='ltr' id='par_1_8' title="bbox 140 1709 817 1764">
     <span class='ocr_line' id='line_1_22' title="bbox 140 1709 817 1764; baseline -0.003 -8"><span class='ocrx_word' id='word_1_176' title='bbox 140 1713 255 1756; x_wconf 68' lang='lat' dir='ltr'>Aue.</span> <span class='ocrx_word' id='word_1_177' title='bbox 281 1709 416 1756; x_wconf 85' lang='lat' dir='ltr'>dixit:</span> <span class='ocrx_word' id='word_1_178' title='bbox 438 1711 550 1764; x_wconf 82' lang='lat' dir='ltr'>Quia</span> <span class='ocrx_word' id='word_1_179' title='bbox 565 1710 817 1755; x_wconf 86' lang='lat' dir='ltr'>noluerunt.</span> 
     </span>
    </p>

    <p class='ocr_par' dir='ltr' id='par_1_9' title="bbox 140 1781 1202 1837">
     <span class='ocr_line' id='line_1_23' title="bbox 140 1781 1202 1837; baseline -0.004 -9"><span class='ocrx_word' id='word_1_180' title='bbox 140 1785 247 1828; x_wconf 63' lang='lat' dir='ltr'>Fu.</span> <span class='ocrx_word' id='word_1_181' title='bbox 273 1782 408 1827; x_wconf 87' lang='lat' dir='ltr'>dixit:</span> <span class='ocrx_word' id='word_1_182' title='bbox 436 1801 456 1825; x_wconf 87' lang='lat'>«</span> <span class='ocrx_word' id='word_1_183' title='bbox 477 1782 588 1836; x_wconf 86' lang='lat' dir='ltr'>Quia</span> <span class='ocrx_word' id='word_1_184' title='bbox 608 1781 862 1837; x_wconf 88' lang='lat' dir='ltr'>noluerunt,</span> <span class='ocrx_word' id='word_1_185' title='bbox 886 1782 972 1826; x_wconf 82' lang='lat' dir='ltr'>hoc</span> <span class='ocrx_word' id='word_1_186' title='bbox 990 1781 1164 1826; x_wconf 81' lang='lat' dir='ltr'>dixisti?</span> <span class='ocrx_word' id='word_1_187' title='bbox 1181 1799 1202 1824; x_wconf 86' lang='lat'>»</span> 
     </span>
    </p>

    <p class='ocr_par' dir='ltr' id='par_1_10' title="bbox 139 1851 1068 1913">
     <span class='ocr_line' id='line_1_24' title="bbox 139 1851 1068 1913; baseline -0.001 -14"><span class='ocrx_word' id='word_1_188' title='bbox 139 1856 254 1899; x_wconf 72' lang='lat' dir='ltr'>Am.</span> <span class='ocrx_word' id='word_1_189' title='bbox 280 1853 416 1900; x_wconf 88' lang='lat' dir='ltr'>dixit:</span> <span class='ocrx_word' id='word_1_190' title='bbox 442 1855 536 1898; x_wconf 90' lang='lat' dir='ltr'>Hoc</span> <span class='ocrx_word' id='word_1_191' title='bbox 557 1851 663 1908; x_wconf 91' lang='lat' dir='ltr'>dixi,</span> <span class='ocrx_word' id='word_1_192' title='bbox 688 1853 791 1913; x_wconf 87' lang='lat' dir='ltr'>quia</span> <span class='ocrx_word' id='word_1_193' title='bbox 813 1852 1068 1898; x_wconf 88' lang='lat' dir='ltr'>noluerunt.</span> 
     </span>
    </p>

    <p class='ocr_par' dir='ltr' id='par_1_11' title="bbox 81 1921 1474 2130">
     <span class='ocr_line' id='line_1_25' title="bbox 140 1921 1470 1985; baseline -0.003 -15"><span class='ocrx_word' id='word_1_194' title='bbox 140 1927 247 1970; x_wconf 70' lang='lat' dir='ltr'><strong>FEL.</strong></span> <span class='ocrx_word' id='word_1_195' title='bbox 273 1924 407 1970; x_wconf 84' lang='lat' dir='ltr'>dixit:</span> <span class='ocrx_word' id='word_1_196' title='bbox 445 1943 466 1968; x_wconf 91' lang='lat'>«</span> <span class='ocrx_word' id='word_1_197' title='bbox 500 1927 646 1978; x_wconf 88' lang='lat' dir='ltr'>Quare</span> <span class='ocrx_word' id='word_1_198' title='bbox 676 1923 941 1969; x_wconf 76' lang='lat' dir='ltr'>noluerunt?</span> <span class='ocrx_word' id='word_1_199' title='bbox 967 1927 1044 1969; x_wconf 89' lang='lat' dir='ltr'>Est</span> <span class='ocrx_word' id='word_1_200' title='bbox 1064 1924 1140 1985; x_wconf 85' lang='lat' dir='ltr'>qui</span> <span class='ocrx_word' id='word_1_201' title='bbox 1161 1937 1250 1968; x_wconf 90' lang='lat' dir='ltr'>non</span> <span class='ocrx_word' id='word_1_202' title='bbox 1270 1921 1367 1967; x_wconf 90' lang='lat' dir='ltr'>vult</span> <span class='ocrx_word' id='word_1_203' title='bbox 1388 1938 1470 1967; x_wconf 92' lang='lat' dir='ltr'>cu-</span> 
     </span>
     <span class='ocr_line' id='line_1_26' title="bbox 81 1994 1471 2057; baseline -0.002 -16"><span class='ocrx_word' id='word_1_204' title='bbox 81 1996 192 2041; x_wconf 78' lang='lat' dir='ltr'>rari?</span> <span class='ocrx_word' id='word_1_205' title='bbox 215 1999 292 2041; x_wconf 89' lang='lat' dir='ltr'>Est</span> <span class='ocrx_word' id='word_1_206' title='bbox 313 1996 388 2056; x_wconf 86' lang='lat' dir='ltr'>qui</span> <span class='ocrx_word' id='word_1_207' title='bbox 409 2011 498 2041; x_wconf 92' lang='lat' dir='ltr'>non</span> <span class='ocrx_word' id='word_1_208' title='bbox 518 1996 614 2041; x_wconf 90' lang='lat' dir='ltr'>vult</span> <span class='ocrx_word' id='word_1_209' title='bbox 635 1997 836 2056; x_wconf 78' lang='lat' dir='ltr'>purgari?</span> <span class='ocrx_word' id='word_1_210' title='bbox 862 1999 939 2041; x_wconf 88' lang='lat' dir='ltr'>Est</span> <span class='ocrx_word' id='word_1_211' title='bbox 967 1996 1045 2057; x_wconf 91' lang='lat' dir='ltr'>qui</span> <span class='ocrx_word' id='word_1_212' title='bbox 1074 2011 1164 2040; x_wconf 90' lang='lat' dir='ltr'>non</span> <span class='ocrx_word' id='word_1_213' title='bbox 1187 1994 1283 2040; x_wconf 88' lang='lat' dir='ltr'>vult</span> <span class='ocrx_word' id='word_1_214' title='bbox 1304 1994 1471 2039; x_wconf 92' lang='lat' dir='ltr'>illumi-</span> 
     </span>
     <span class='ocr_line' id='line_1_27' title="bbox 82 2066 1474 2130; baseline -0.001 -18"><span class='ocrx_word' id='word_1_215' title='bbox 82 2067 203 2112; x_wconf 78' lang='lat' dir='ltr'>nari?</span> <span class='ocrx_word' id='word_1_216' title='bbox 222 2068 328 2130; x_wconf 84' lang='lat' dir='ltr'>Quis</span> <span class='ocrx_word' id='word_1_217' title='bbox 348 2066 546 2111; x_wconf 84' lang='lat' dir='ltr'>infirmus</span> <span class='ocrx_word' id='word_1_218' title='bbox 564 2076 628 2111; x_wconf 87' lang='lat' dir='ltr'>est</span> <span class='ocrx_word' id='word_1_219' title='bbox 648 2068 724 2128; x_wconf 90' lang='lat' dir='ltr'>qui</span> <span class='ocrx_word' id='word_1_220' title='bbox 742 2083 830 2112; x_wconf 94' lang='lat' dir='ltr'>non</span> <span class='ocrx_word' id='word_1_221' title='bbox 852 2066 949 2112; x_wconf 89' lang='lat' dir='ltr'>vult</span> <span class='ocrx_word' id='word_1_222' title='bbox 970 2066 1025 2111; x_wconf 87' lang='lat' dir='ltr'>ad</span> <span class='ocrx_word' id='word_1_223' title='bbox 1043 2067 1272 2111; x_wconf 85' lang='lat' dir='ltr'>sanitatem</span> <span class='ocrx_word' id='word_1_224' title='bbox 1287 2066 1437 2110; x_wconf 88' lang='lat' dir='ltr'>venire</span> <span class='ocrx_word' id='word_1_225' title='bbox 1454 2066 1474 2110; x_wconf 76' lang='grc' dir='ltr'><strong><em>Ρ</em></strong></span> 
     </span>
    </p>
   </div>
   <div class='ocr_carea' id='block_1_5' title="bbox 3 2136 1471 2199">
    <p class='ocr_par' dir='ltr' id='par_1_12' title="bbox 3 2136 1471 2199">
     <span class='ocr_line' id='line_1_28' title="bbox 3 2136 1471 2199; baseline -0.002 -16"><span class='ocrx_word' id='word_1_226' title='bbox 3 2151 9 2156; x_wconf 91' lang='grc'><strong><em>·</em></strong></span> <span class='ocrx_word' id='word_1_227' title='bbox 86 2139 130 2185; x_wconf 93' lang='lat' dir='ltr'>Si</span> <span class='ocrx_word' id='word_1_228' title='bbox 144 2137 329 2183; x_wconf 15' lang='lat' dir='ltr'>:crudele</span> <span class='ocrx_word' id='word_1_229' title='bbox 349 2147 412 2183; x_wconf 85' lang='lat' dir='ltr'>est</span> <span class='ocrx_word' id='word_1_230' title='bbox 433 2137 555 2199; x_wconf 87' lang='lat' dir='ltr'>quod</span> <span class='ocrx_word' id='word_1_231' title='bbox 576 2138 843 2183; x_wconf 80' lang='lat' dir='ltr'>Manichacus</span> <span class='ocrx_word' id='word_1_232' title='bbox 865 2137 971 2182; x_wconf 89' lang='lat' dir='ltr'>dixit</span> <span class='ocrx_word' id='word_1_233' title='bbox 992 2138 1094 2198; x_wconf 87' lang='lat' dir='ltr'>quia</span> <span class='ocrx_word' id='word_1_234' title='bbox 1117 2137 1260 2197; x_wconf 87' lang='lat' dir='ltr'>aliqua</span> <span class='ocrx_word' id='word_1_235' title='bbox 1278 2151 1374 2196; x_wconf 86' lang='lat' dir='ltr'>pars</span> <span class='ocrx_word' id='word_1_236' title='bbox 1395 2136 1471 2180; x_wconf 88' lang='lat' dir='ltr'>Dei</span> 
     </span>
    </p>
   </div>
   <div class='ocr_carea' id='block_1_6' title="bbox 67 2207 1475 2622">
    <p class='ocr_par' dir='ltr' id='par_1_13' title="bbox 83 2207 1472 2269">
     <span class='ocr_line' id='line_1_29' title="bbox 83 2207 1472 2269; baseline -0.002 -16"><span class='ocrx_word' id='word_1_237' title='bbox 83 2225 182 2269; x_wconf 85' lang='lat' dir='ltr'>quae</span> <span class='ocrx_word' id='word_1_238' title='bbox 201 2224 245 2254; x_wconf 92' lang='lat' dir='ltr'>se</span> <span class='ocrx_word' id='word_1_239' title='bbox 265 2223 450 2268; x_wconf 83' lang='lat' dir='ltr'>purgare</span> <span class='ocrx_word' id='word_1_240' title='bbox 467 2224 557 2254; x_wconf 91' lang='lat' dir='ltr'>non</span> <span class='ocrx_word' id='word_1_241' title='bbox 579 2209 742 2268; x_wconf 89' lang='lat' dir='ltr'>potuit,</span> <span class='ocrx_word' id='word_1_242' title='bbox 775 2210 819 2253; x_wconf 93' lang='lat' dir='ltr'>in</span> <span class='ocrx_word' id='word_1_243' title='bbox 843 2207 975 2267; x_wconf 84' lang='lat' dir='ltr'>globo</span> <span class='ocrx_word' id='word_1_244' title='bbox 1002 2208 1134 2266; x_wconf 86' lang='lat' dir='ltr'>ligata</span> <span class='ocrx_word' id='word_1_245' title='bbox 1156 2216 1219 2251; x_wconf 88' lang='lat' dir='ltr'>est</span> <span class='ocrx_word' id='word_1_246' title='bbox 1237 2226 1246 2252; x_wconf 73' lang='grc' dir='ltr'>ε</span> <span class='ocrx_word' id='word_1_247' title='bbox 1268 2207 1353 2251; x_wconf 92' lang='lat' dir='ltr'>hoc</span> <span class='ocrx_word' id='word_1_248' title='bbox 1370 2221 1472 2251; x_wconf 89' lang='lat' dir='ltr'>cru-</span> 
     </span>
    </p>

    <p class='ocr_par' dir='ltr' id='par_1_14' title="bbox 86 2279 1472 2341">
     <span class='ocr_line' id='line_1_30' title="bbox 86 2279 1472 2341; baseline -0.001 -17"><span class='ocrx_word' id='word_1_249' title='bbox 86 2279 183 2324; x_wconf 89' lang='lat' dir='ltr'>dele</span> <span class='ocrx_word' id='word_1_250' title='bbox 200 2295 291 2323; x_wconf 92' lang='lat' dir='ltr'>non</span> <span class='ocrx_word' id='word_1_251' title='bbox 311 2289 392 2334; x_wconf 90' lang='lat' dir='ltr'>est,</span> <span class='ocrx_word' id='word_1_252' title='bbox 415 2288 467 2324; x_wconf 88' lang='lat' dir='ltr'>ut</span> <span class='ocrx_word' id='word_1_253' title='bbox 486 2280 682 2325; x_wconf 88' lang='lat' dir='ltr'>Christus</span> <span class='ocrx_word' id='word_1_254' title='bbox 703 2280 779 2341; x_wconf 89' lang='lat' dir='ltr'>qui</span> <span class='ocrx_word' id='word_1_255' title='bbox 796 2280 903 2325; x_wconf 86' lang='lat' dir='ltr'>dixit</span> <span class='ocrx_word' id='word_1_256' title='bbox 922 2298 930 2325; x_wconf 90' lang='lat'>:</span> <span class='ocrx_word' id='word_1_257' title='bbox 956 2282 1049 2338; x_wconf 83' lang='lat' dir='ltr'>Ego</span> <span class='ocrx_word' id='word_1_258' title='bbox 1072 2288 1250 2339; x_wconf 89' lang='lat' dir='ltr'>propter</span> <span class='ocrx_word' id='word_1_259' title='bbox 1270 2287 1472 2337; x_wconf 84' lang='lat' dir='ltr'>peccato-</span> 
     </span>
    </p>

    <p class='ocr_par' dir='ltr' id='par_1_15' title="bbox 67 2349 1473 2409">
     <span class='ocr_line' id='line_1_31' title="bbox 67 2349 1473 2409; baseline -0.001 -15"><span class='ocrx_word' id='word_1_260' title='bbox 67 2365 154 2403; x_wconf 70' lang='lat' dir='ltr'>,res</span> <span class='ocrx_word' id='word_1_261' title='bbox 184 2350 308 2405; x_wconf 91' lang='lat' dir='ltr'>veni,</span> <span class='ocrx_word' id='word_1_262' title='bbox 347 2349 481 2394; x_wconf 90' lang='lat' dir='ltr'>modo</span> <span class='ocrx_word' id='word_1_263' title='bbox 513 2349 569 2394; x_wconf 89' lang='lat' dir='ltr'>ad</span> <span class='ocrx_word' id='word_1_264' title='bbox 599 2351 743 2409; x_wconf 86' lang='lat' dir='ltr'>ignem</span> <span class='ocrx_word' id='word_1_265' title='bbox 776 2359 989 2394; x_wconf 81' lang='lat' dir='ltr'>aeternum</span> <span class='ocrx_word' id='word_1_266' title='bbox 1017 2349 1114 2394; x_wconf 89' lang='lat' dir='ltr'>illos</span> <span class='ocrx_word' id='word_1_267' title='bbox 1144 2350 1311 2404; x_wconf 85' lang='lat' dir='ltr'>mittat,</span> <span class='ocrx_word' id='word_1_268' title='bbox 1349 2350 1473 2409; x_wconf 88' lang='lat' dir='ltr'>cujus</span> 
     </span>
    </p>

    <p class='ocr_par' dir='ltr' id='par_1_16' title="bbox 87 2421 1475 2481">
     <span class='ocr_line' id='line_1_32' title="bbox 87 2421 1475 2481; baseline -0.001 -14"><span class='ocrx_word' id='word_1_269' title='bbox 87 2436 250 2467; x_wconf 89' lang='lat' dir='ltr'>nomen</span> <span class='ocrx_word' id='word_1_270' title='bbox 275 2423 585 2481; x_wconf 75' lang='lat' dir='ltr'>portaverunt?</span> <span class='ocrx_word' id='word_1_271' title='bbox 620 2421 705 2468; x_wconf 86' lang='lat' dir='ltr'>Sed</span> <span class='ocrx_word' id='word_1_272' title='bbox 726 2422 930 2467; x_wconf 84' lang='lat' dir='ltr'>mandata</span> <span class='ocrx_word' id='word_1_273' title='bbox 954 2421 1085 2467; x_wconf 88' lang='lat' dir='ltr'>credo</span> <span class='ocrx_word' id='word_1_274' title='bbox 1112 2436 1202 2466; x_wconf 92' lang='lat' dir='ltr'>non</span> <span class='ocrx_word' id='word_1_275' title='bbox 1234 2429 1475 2481; x_wconf 89' lang='lat' dir='ltr'>potuerunt</span> 
     </span>
    </p>

    <p class='ocr_par' dir='ltr' id='par_1_17' title="bbox 89 2490 1475 2622">
     <span class='ocr_line' id='line_1_33' title="bbox 89 2490 1475 2553; baseline -0.003 -14"><span class='ocrx_word' id='word_1_276' title='bbox 89 2492 323 2553; x_wconf 89' lang='lat' dir='ltr'>complere.</span> <span class='ocrx_word' id='word_1_277' title='bbox 351 2494 395 2539; x_wconf 91' lang='lat' dir='ltr'>Si</span> <span class='ocrx_word' id='word_1_278' title='bbox 415 2494 501 2540; x_wconf 90' lang='lat' dir='ltr'>hoc</span> <span class='ocrx_word' id='word_1_279' title='bbox 517 2493 694 2540; x_wconf 88' lang='lat' dir='ltr'>crudele</span> <span class='ocrx_word' id='word_1_280' title='bbox 710 2503 790 2552; x_wconf 82' lang='lat' dir='ltr'>est,</span> <span class='ocrx_word' id='word_1_281' title='bbox 815 2493 1034 2540; x_wconf 86' lang='lat' dir='ltr'>crudelius</span> <span class='ocrx_word' id='word_1_282' title='bbox 1055 2501 1120 2539; x_wconf 88' lang='lat' dir='ltr'>est</span> <span class='ocrx_word' id='word_1_283' title='bbox 1140 2502 1185 2538; x_wconf 88' lang='lat' dir='ltr'>et</span> <span class='ocrx_word' id='word_1_284' title='bbox 1205 2490 1332 2538; x_wconf 79' lang='lat' dir='ltr'>illud.</span> <span class='ocrx_word' id='word_1_285' title='bbox 1356 2492 1401 2539; x_wconf 92' lang='lat' dir='ltr'>Si</span> <span class='ocrx_word' id='word_1_286' title='bbox 1421 2490 1475 2535; x_wconf 90' lang='lat' dir='ltr'>il·-</span> 
     </span>
     <span class='ocr_line' id='line_1_34' title="bbox 135 2577 457 2622; baseline 0.003 -10"><span class='ocrx_word' id='word_1_287' title='bbox 135 2581 149 2601; x_wconf 77' lang='lat'>¹</span> <span class='ocrx_word' id='word_1_288' title='bbox 172 2578 292 2614; x_wconf 83' lang='lat' dir='ltr'>Matth.</span> <span class='ocrx_word' id='word_1_289' title='bbox 310 2589 388 2622; x_wconf 82' lang='lat' dir='ltr'>xxv,</span> <span class='ocrx_word' id='word_1_290' title='bbox 403 2577 457 2622; x_wconf 78' lang='grc' dir='ltr'>[μ.</span> 
     </span>
    </p>
   </div>
  </div>
 </body>
</html>
