1803 3250
451 204 614 236 CONTRA
647 203 864 242 FAUsTUM‚
900 205 983 232 Lm.
1020 206 1133 232 xxn.
1426 195 1481 233 95

93 291 114 315 »
139 273 208 316 lus
227 286 359 332 quem
380 287 470 316 non
491 271 703 330 cognovi,
727 270 901 314 servivit
919 270 1073 314 mihi1.
1102 287 1123 310 »
1149 269 1328 329 Accepit
1351 269 1395 313 in
1414 284 1483 314 oc-

93 360 113 383 »
141 341 264 386 culto
286 342 517 397 annulum,
543 340 721 395 monile,
741 349 784 384 et
805 340 970 398 virgam
993 358 1001 384 :
1023 339 1251 384 vocatione
1273 340 1481 398 signatur,

85 413 398 472 justificatione
423 411 656 456 decoratur
674 445 685 465 ,
722 409 1036 469 glorificatione
1058 409 1285 454 exaltatur.
1323 429 1342 452 «
1367 412 1486 464 Quos

97 502 116 524 »
141 484 258 527 enim
280 481 630 542 praedestinavit,
657 479 754 525 illos
777 489 819 525 et
841 480 1010 525 vocavit
1031 495 1042 522 :
1062 495 1172 539 quos
1195 489 1338 523 autem
1361 496 1488 525 voca·

98 571 119 594 »
145 557 224 608 vit,
241 553 337 597 illos
352 561 395 597 et
410 552 681 612 justificavit,
704 560 746 595 et
764 565 873 612 quos
884 550 1136 610 justificavit
1151 585 1161 604 ,
1181 549 1277 594 illos
1295 559 1337 594 et
1359 550 1491 609 glori-

94 623 282 668 ficavit2.
310 642 329 664 1>
358 622 442 668 Sed
466 623 577 677 haec,
599 630 648 666 ut
672 621 777 676 dixi,
805 622 949 666 adhuc
974 621 1019 665 in
1041 620 1215 665 occulto
1234 656 1244 674 ,
1273 621 1350 664 ubi
1372 622 1422 666 fit
1448 630 1490 666 et

92 695 324 754 conceptio
336 702 495 738 sanctae
510 693 736 737 ubertatis.
765 693 955 738 Mittitur
977 701 1122 736 autem
1138 692 1373 752 promissus
1391 693 1490 736 hoe-

93 763 176 809 dus
197 774 408 826 tanquam
429 764 672 819 meretrici,
711 764 870 809 hoedus
893 763 1172 824 exprobratio
1197 763 1391 823 peccati,
1417 778 1494 822 per

95 835 298 879 eumdem
306 834 616 879 Odollamitem
630 870 639 890 ,
662 845 872 896 tanquam
883 836 1181 895 increpantem
1190 834 1461 878 etdicentem
1480 852 1489 878 ι

99 923 120 946 ι(
139 905 372 950 Generatio
395 905 642 964 viperarum
661 907 692 949 ³.
718 925 738 947 »
768 906 851 950 Sed
882 921 972 950 non
1003 920 1097 949 eam
1125 905 1292 949 invenit
1329 904 1496 963 peccati

95 975 397 1035 exprobratio,
431 989 563 1034 quam
584 975 771 1019 mutavit.
800 974 1082 1019 confessionis
1103 975 1367 1020 amaritudo.
1396 978 1499 1020 Post

99 1061 200 1091 vero
216 1047 303 1106 jam
325 1044 556 1105 publicatis
575 1046 720 1105 signis,
747 1045 921 1100 annuli,
940 1046 1129 1101 monilis,
1153 1055 1196 1090 et
1220 1047 1371 1105 virgae,
1394 1047 1499 1091 vicit

99 1117 713 1179 temerejudicantesJudaeos,
728 1118 1501 1178 quorumJampersonamJudasflipse

97 1189 309 1248 gestabat,
342 1188 419 1249 qui
445 1188 666 1248 hodieque
695 1188 850 1232 dicunt
866 1223 877 1243 ,
908 1203 999 1232 non
1020 1188 1140 1233 hunc
1163 1203 1252 1232 esse
1280 1188 1498 1248 populum

98 1259 287 1313 Christi,
313 1273 394 1303 nec
416 1258 576 1302 habere
599 1273 677 1302 nos
696 1273 845 1302 semen
867 1258 1057 1303 Abrahae
1081 1277 1090 1303 z
1116 1258 1192 1302 sed
1210 1259 1387 1319 prolatis
1408 1275 1504 1304 cer-

101 1331 271 1375 tissimis
288 1329 561 1375 documentis
578 1339 738 1374 nostrae
750 1329 990 1374 vocationis
1005 1365 1015 1385 ,
1032 1331 1354 1390 justificationis
1369 1366 1380 1386 ,
1407 1331 1503 1390 glo-

101 1401 351 1445 rificationis
367 1435 379 1455 ,
404 1401 496 1445 sine
513 1400 651 1445 dubio
673 1399 1008 1445 confundentur
1022 1435 1033 1455 ,
1058 1410 1102 1445 et
1119 1417 1197 1446 nos
1214 1401 1351 1461 magis
1371 1417 1503 1462 quam

100 1487 146 1517 se
166 1472 425 1532 justificatos
452 1487 542 1516 esse
570 1470 843 1516 fatebuntur.
871 1471 1154 1517 Enucleatius
1178 1473 1272 1517 haec
1294 1482 1337 1517 et
1360 1488 1502 1517 mem—

103 1544 259 1588 bratim
281 1542 474 1605 quodam
492 1543 624 1589 modo
649 1543 1001 1604 articulatimque
1022 1553 1237 1589 scrutarer
1260 1554 1390 1605 atque
1413 1545 1504 1589 dis-

103 1630 290 1660 sererem
308 1650 319 1671 ,
343 1624 559 1675 quantum
590 1615 878 1659 intentionem
910 1630 1051 1659 meam
1079 1616 1292 1661 Dominus
1322 1616 1505 1676 adjuva·

104 1695 171 1730 ret
187 1720 198 1739 ‚
223 1686 304 1730 nisi
324 1700 394 1729 me
416 1685 470 1729 ab
487 1686 569 1729 hac
590 1685 873 1730 laboriosiore
895 1684 1141 1745 diligentia,
1167 1686 1347 1730 finiendi
1372 1687 1506 1746 hujus

105 1757 276 1816 operis,
313 1755 435 1816 quod
456 1755 689 1816 plusquam
722 1756 881 1802 vellem
909 1758 1000 1817 jam
1033 1756 1251 1817 prolixum
1282 1766 1346 1802 est
1365 1792 1376 1813 ,
1402 1773 1508 1802 cura

107 1828 377 1888 prohiberet.

166 1900 430 1945 LXXXVII.
461 1901 588 1944 Nunc
609 1908 838 1959 peccatum
867 1899 1002 1944 David
1018 1935 1028 1954 ,
1063 1900 1172 1961 quid
1199 1900 1244 1944 in
1271 1899 1502 1960 prophetia

105 1970 454 2031 significaverit&
479 1979 645 2031 quanta
667 1985 846 2030 possum
867 1971 1078 2015 brevitate
1095 1971 1401 2030 perstringam.
1418 1972 1508 2016 No-

108 2042 228 2086 mina
250 2042 413 2103 quippe
436 2041 528 2101 ipsa
555 2042 839 2102 interpretata
860 2043 960 2087 satis
983 2043 1224 2087 ostendunt
1245 2042 1353 2104 quid
1374 2042 1506 2087 etiam

110 2114 196 2158 hoc
211 2113 377 2158 factum
395 2113 753 2172 praefiguraverit.
775 2113 912 2158 David
928 2114 1242 2174 interpretatur
1263 2117 1399 2160 Manu
1417 2114 1508 2158 for-

110 2184 180 2239 tis,
215 2185 305 2229 sive
326 2184 623 2229 desiderabilis
643 2205 651 2230 :
675 2195 718 2230 et
739 2185 847 2246 quid
872 2185 1028 2230 fortius
1048 2189 1194 2230 Leone
1213 2185 1289 2231 illo
1312 2186 1367 2230 de
1391 2184 1510 2230 tribu

112 2254 242 2310 Juda,
268 2256 346 2316 qui
366 2256 469 2301 vicit
489 2255 704 2300 mundum
721 2258 769 2300 ⁵?
791 2266 833 2301 et
856 2256 964 2316 quid
986 2256 1316 2302 desiderabilius
1337 2255 1428 2309 illo,
1452 2254 1508 2298 de

115 2337 204 2383 quo
227 2327 442 2382 Propheta
468 2325 574 2371 dicit
593 2346 601 2371 :
627 2346 646 2369 «
664 2327 820 2371 Veniet
838 2327 1114 2371 Desideratus
1136 2327 1340 2372 omnibus
1363 2324 1507 2384 genti-

121 2411 141 2435 »
176 2393 317 2437 bus⁶?
344 2412 362 2434 »
390 2395 616 2450 Bersabee,
653 2398 965 2458 interpretatur
989 2401 1149 2443 Puteus
1171 2397 1394 2451 satietatis,
1423 2395 1511 2440 sive

166 2502 175 2519 ¹
201 2496 283 2529 Psal.
303 2505 384 2533 xvn,
404 2495 528 2537 45.—²
548 2503 567 2527 2
587 2497 663 2537 Reg.
685 2503 745 2536 ¹11,
763 2504 794 2528 2.
812 2511 854 2519 -
870 2494 883 2519 3
901 2497 992 2528 Rom.
1009 2506 1082 2533 vm,
1110 2498 1164 2528 30.
1180 2512 1221 2520 -
1237 2495 1254 2521 ⁶
1269 2496 1383 2530 matth.
1404 2507 1454 2538 111,
1476 2506 1506 2539 7.

118 2550 186 2576 ..5
208 2554 310 2595 Apoc.
329 2562 362 2586 v.
381 2552 412 2585 5.
428 2567 470 2576 —
484 2550 500 2576 ⁶
518 2550 642 2594 Aggaei,
665 2561 702 2590 11,
722 2551 754 2584 8.
