1803 3250
263 235 318 262 DE
350 233 464 262 aens
496 234 586 261 cvM
619 232 767 261 FELICE
798 229 1048 271 MANJCHAE0‚
1085 233 1167 260 Lm.
1206 233 1234 260 1.
1360 221 1444 262 203

61 319 81 342 »
116 309 159 344 et
187 299 514 344 admirabantur
531 333 542 352 ‚
569 297 623 343 ad
645 296 829 341 invicem
856 296 1050 342 dicentes
1082 317 1090 343 :
1117 300 1273 343 Nonne
1297 312 1446 344 omnes

62 390 82 413 »
118 371 192 432 qui
205 370 465 431 loquuntur,
482 369 658 414 natione
673 377 774 412 sunt
788 366 978 412 Galilaei‘?
993 371 1047 413 Et
1061 368 1284 429 quomodo
1297 385 1448 428 agnos-

59 461 80 484 »
116 442 254 486 cimus
277 443 321 486 in
347 440 430 485 illis
453 454 696 484 sermonem
719 439 763 482 in
784 454 873 498 quo
895 440 984 483 nati
1008 442 1185 484 sumus?
1210 442 1386 497 Parthi,
1406 450 1450 486 et

59 533 78 555 »
113 513 259 569 Medi,
284 522 327 557 et
350 511 565 566 Elamitae,
591 519 634 554 et
655 510 730 570 qui
754 509 955 554 habitant
972 511 1347 570 Mesopotamiam,
1368 515 1450 557 Ju-

55 602 77 626 »
111 583 251 629 daeam
273 593 316 628 et
337 582 658 643 Cappadociam
677 617 688 636 ‚
716 585 907 626 Pontum
928 591 970 625 et
993 581 1137 626 Asiam
1155 617 1166 637 ,
1193 583 1450 642 Phrygiam-

57 674 78 697 »
114 671 202 716 que
221 665 263 700 et
288 653 606 714 Pamphyliam,
627 655 868 711 AEgyptum
887 660 929 696 et
946 661 1088 711 partes
1105 652 1257 710 Libyae
1274 669 1374 714 quae
1387 665 1450 701 est

56 744 78 769 »
112 727 225 771 circa
247 729 466 784 Cyrenen,
492 734 536 770 et
552 725 628 785 qui
646 725 912 769 advenerant
929 725 1132 779 Romani,
1152 725 1385 785 Judaeique
1404 735 1447 772 et

56 816 78 840 »
114 798 344 856 Proselyti,
363 800 587 842 Cretenses
607 806 649 840 et
663 797 840 850 Arabes,
857 797 1094 840 audiebant
1110 795 1339 857 loquentes
1354 797 1449 842 illos

56 888 77 911 »
112 870 198 913 suis
220 868 379 927 linguis
401 867 618 927 magnalia
644 869 764 912 Dei1.
789 886 809 909 »
844 871 901 912 Et
921 883 1022 913 cum
1045 869 1247 913 recitaret
1262 903 1273 924 ,
1307 868 1414 914 dixit
1435 889 1444 916 ε

54 940 225 985 Audisti
241 955 359 984 nunc
374 941 464 1000 jam
493 939 700 1000 Spiritum
724 949 939 995 sanctum,
957 940 1180 1000 quomodo
1197 941 1252 985 sit
1269 941 1450 986 missus?

53 1010 182 1064 Quod
205 1027 227 1055 a
251 1027 320 1055 me
342 1011 515 1069 exegisti
538 1011 719 1071 probavi
741 1030 750 1056 ε
775 1021 971 1070 superest
992 1021 1040 1056 ut
1058 1021 1100 1056 et
1114 1021 1161 1055 tu
1179 1010 1310 1056 facias
1326 1013 1449 1073 quod

52 1082 319 1143 promisisti:
345 1083 554 1142 quoniam
593 1083 840 1127 invenimus
872 1082 1051 1142 quando
1085 1083 1201 1126 misit
1237 1083 1448 1142 Spiritum

53 1162 269 1207 sanctum,
295 1169 427 1214 quem
451 1153 674 1212 promisit3
698 1168 873 1211 respuas
898 1153 1015 1196 illam
1040 1153 1322 1212 scripturam,
1347 1171 1448 1215 quae

53 1225 135 1269 sub
158 1223 336 1268 nomine
364 1224 546 1284 Spiritus
571 1224 708 1267 sancti
741 1221 945 1267 fraudare
971 1222 1111 1268 voluit
1140 1223 1210 1269 vel
1237 1224 1447 1271 lectorem

52 1286 123 1340 vel
145 1295 404 1339 auditorem.

110 1368 187 1409 vl.
214 1368 319 1409 Far..
344 1364 452 1408 dixit
473 1383 482 1409 :
512 1382 531 1406 u
554 1365 649 1423 Ego
666 1379 756 1408 non
770 1379 884 1423 nego
897 1363 944 1408 id
960 1365 1081 1425 quod
1099 1365 1187 1410 dixi
1205 1366 1324 1427 ‚quia
1344 1382 1446 1412 cum

53 1436 289 1497 probatum
314 1437 421 1480 mihi
443 1434 576 1480 fuerit
605 1435 726 1497 quod
750 1436 932 1496 Spiritus
954 1447 1129 1482 sanctus
1153 1437 1352 1484 docuerit
1369 1455 1447 1484 ve—

52 1507 222 1552 ritatem
252 1523 385 1569 quam
415 1523 591 1568 quaero,
628 1506 747 1551 illam
772 1523 944 1568 respuo.
974 1512 1068 1554 Hoc
1093 1510 1207 1554 enim
1235 1512 1448 1557 Sanctitas

53 1582 144 1624 Tua
167 1581 274 1624 mihi
306 1580 435 1638 legit,
472 1579 550 1623 ubi
575 1579 784 1638 Spiritum
806 1590 1005 1625 sanctum
1038 1581 1237 1641 Apostoli
1265 1597 1448 1643 aecepe-

51 1661 181 1706 runt,
204 1660 248 1695 et
270 1651 315 1694 in
338 1650 439 1710 ipsis
461 1650 678 1710 Apostolis
703 1666 838 1695 unum
862 1668 1012 1712 quaero
1034 1653 1110 1713 qui
1133 1668 1203 1697 me
1219 1653 1375 1700 doceat
1391 1653 1447 1699 de
1471 1687 1473 1689 .

51 1722 201 1777 initio,
226 1723 281 1766 de
304 1721 448 1766 medio
464 1757 475 1777 ,
504 1732 548 1766 et
569 1721 624 1766 de
647 1723 748 1766 fine.
770 1741 790 1764 »

110 1796 223 1838 Aue..
258 1792 395 1836 dixit:
423 1793 465 1837 Si
486 1791 640 1852 legeris
675 1793 758 1838 hoc
786 1793 939 1837 dixisse
967 1795 1202 1840 Dominum
1229 1815 1238 1841 :
1278 1796 1447 1842 «Mitto

54 1883 76 1907 »
112 1865 232 1910 vobis
256 1865 468 1925 Spiritum
491 1873 712 1921 sanctum,
738 1865 815 1926 qui
842 1865 997 1911 doceat
1024 1883 1100 1912 vos
1125 1867 1321 1924 initium,
1354 1884 1448 1914 me-

54 1955 76 1979 »
111 1935 232 1981 dium
253 1947 296 1982 et
318 1938 451 1981 finem
467 1940 508 1995 23
530 1955 550 1979 »
580 1937 691 1982 bene
709 1953 778 1981 me
803 1939 1001 1998 astringis
1025 1949 1075 1985 ut
1092 1940 1317 1986 ostendam
1337 1957 1447 2003 quos

51 2009 250 2055 docuerit
275 2009 458 2069 Spiritus
481 2019 670 2055 sanctus.

111 2084 218 2125 Fm„
247 2080 355 2126 dixit
375 2100 384 2126 z
415 2100 435 2123 «
454 2081 564 2135 Quia
586 2081 796 2126 Sanctitas
811 2084 843 2126 T
848 2097 901 2126 ua
915 2082 999 2127 hoc
1020 2082 1148 2138 dicit,
1169 2084 1289 2145 quod
1306 2087 1447 2144 Apos-

49 2151 129 2197 toli
140 2152 222 2212 ipsi
233 2163 495 2213 acceperunt
511 2152 719 2213 Spiritum
733 2164 931 2198 sanctum
944 2154 1239 2199 Paracletum3
1257 2175 1266 2201 ι
1286 2156 1446 2202 iterum

51 2224 172 2279 dieo,
200 2223 255 2268 de
278 2224 494 2285 Apostolis
521 2225 622 2285 ipsis
653 2241 785 2286 quem
811 2225 1026 2282 volueris,
1058 2225 1212 2271 doceat
1232 2243 1302 2271 me
1324 2227 1446 2289 quod

49 2309 120 2338 me
140 2297 406 2341 Maniehaeus
429 2296 581 2342 docuit
597 2333 608 2353 ,
646 2307 722 2343 aut
750 2299 881 2358 ipsius
916 2298 1161 2344 doctrinam
1187 2310 1367 2345 evacuet
1388 2299 1444 2343 de

51 2364 283 2409 duodecim
308 2382 438 2423 quem
460 2369 665 2414 volueris.
688 2388 709 2411 »

110 2440 225 2481 Aua.
249 2435 359 2480 dixit
380 2455 389 2481 :
413 2436 537 2480 Absit
559 2435 686 2494 longe
707 2453 729 2480 a
752 2440 839 2480 fide
863 2441 1188 2497 Apostolorum,
1210 2449 1260 2484 ut
1278 2440 1442 2486 doctri-

52 2523 152 2553 nam
175 2506 360 2553 doceant
377 2507 570 2567 sacrilegi
583 2508 830 2553 Manichaei.
852 2508 937 2553 Sed
956 2509 1164 2569 quoniam
1179 2509 1287 2556 dicis
1302 2528 1440 2558 unum

104 2603 110 2619 ¹
128 2598 200 2628 Act.
215 2607 250 2637 ιι,
273 2604 365 2628 1-11.
383 2613 423 2618 —
440 2602 453 2619 ²
472 2597 563 2628 Joan.
583 2606 697 2639 xv1,7.
714 2613 752 2619 —-
767 2593 780 2619 3
798 2596 869 2629 Aet.
889 2607 926 2638 11,
943 2595 1016 2638 3-4.
