1803 3250
320 227 405 266 456
792 232 930 259 sEnMO
963 230 1231 257 murionum.

321 312 453 348 tatem
489 295 723 341 secundam
758 296 1007 355 postponit,
1033 296 1181 339 dict-ns
1208 315 1217 338 ;
1253 295 1462 349 «Venite,
1490 295 1706 340 benedicti

324 391 344 413 »
373 370 506 415 Patris
540 367 690 410 meis¹.
715 385 734 407 η
764 369 878 424 Ergo
902 369 1042 426 justus
1063 365 1197 426 judex
1225 374 1267 408 et
1290 364 1425 409 Filius
1447 364 1711 425 :judicantis

319 458 420 487 vero
444 442 583 484 honor
604 447 647 482 et
668 439 916 494 auctoritas,
939 438 1076 482 Patris
1100 436 1341 496 imperiales
1363 436 1504 496 leges3
1528 438 1653 481 sicuti
1668 446 1711 481 et

320 513 503 572 Spiritus
521 510 656 555 sancti
675 510 866 555 officiosa
889 510 1118 555 advocatio
1144 518 1185 553 et
1208 508 1472 564 consolatio,
1494 509 1710 567 Unigeniti

318 585 393 629 Dei
408 583 512 644 justi
529 582 689 643 judicis
707 591 771 626 est
788 580 991 641 dignitas.
1011 602 1028 623 »

377 658 431 699 X.
473 675 492 696 «
515 657 630 713 Ergo
659 653 792 698 Filius
816 669 839 698 a
865 657 989 698 Patre
1013 663 1074 698 est
1100 654 1271 712 genitus
1296 672 1304 697 z
1333 653 1516 712 Spiritus
1538 661 1713 697 sanctus

317 742 393 786 per
415 725 575 769 Filium
603 734 664 768 est
687 724 843 768 factus.
867 743 885 765 n

376 800 455 843 XI.
496 817 514 838 «
538 795 673 840 Filius
699 800 870 840 Patrem
893 792 1102 853 praedicat
1125 813 1133 838 2
1162 793 1346 853 Spiritus
1359 803 1534 838 sanctus
1552 793 1711 838 Filium

319 869 565 913 annuntiat.
593 886 611 906 n
944 884 947 886 -

380 942 479 983 ΧΠ.
521 958 540 979 «
565 937 757 981 Primum
775 945 818 980 et
839 935 1112 995 praecipuum
1139 950 1248 994 opus
1270 944 1333 979 est
1356 934 1479 990 Filii,
1498 935 1715 987 Genitoris

319 1012 498 1071 gloriam
536 1008 724 1052 revelare
751 1028 759 1051 :
787 1008 977 1066 primum
1010 1015 1052 1049 et
1087 1008 1354 1066 praecipuum
1389 1015 1448 1051 est
1484 1022 1594 1065 opus
1619 1007 1715 1066 Spi-

320 1085 424 1127 ritus
447 1081 583 1125 sancti
601 1116 611 1134 ‚
638 1080 682 1123 in
712 1080 876 1123 animas
899 1079 1129 1122 hominum
1153 1079 1311 1123 Christi
1339 1079 1595 1137 dignitatem
1619 1094 1714 1123 ma-

320 1155 540 1198 nifestare.
564 1171 582 1192 n

380 1228 505 1269 XIII.
536 1244 553 1265 «
573 1222 706 1267 Filius
725 1222 844 1266 testis
867 1231 930 1266 est
956 1222 1092 1266 Patris
1115 1241 1122 1265 :
1153 1221 1336 1280 Spiritus
1356 1221 1472 1265 testis
1490 1230 1553 1265 est
1573 1220 1714 1266 Filii.»

380 1299 498 1340 xiv,
539 1315 557 1336 u
590 1294 724 1338 Filius
758 1293 944 1337 mittitur
977 1308 999 1336 a
1037 1295 1159 1336 Patre
1198 1312 1205 1334 :
1244 1292 1430 1351 Spiritus
1464 1292 1653 1335 mittitur
1695 1309 1718 1336 a

323 1369 449 1413 Filio.
471 1386 491 1408 »

381 1442 479 1483 XV.
519 1436 692 1481 «Filius
715 1436 909 1480 minister
930 1444 993 1479 est
1017 1438 1154 1479 Patris
1184 1454 1192 1479 2
1222 1435 1406 1494 Spiritus
1434 1446 1608 1478 sanctus
1636 1435 1720 1478 mi-

323 1513 458 1555 nister
480 1518 545 1553 est
564 1508 679 1552 Filii.
700 1526 718 1548 υ

379 1583 502 1624 XVI.
542 1598 560 1621 «
583 1578 718 1623 Filius
731 1577 951 1638 jubetura
967 1580 1095 1621 Patre
1115 1595 1123 1621 :
1147 1576 1332 1636 Spiritus
1350 1587 1525 1621 sanctus
1537 1577 1722 1637 jubetur

321 1668 345 1697 3.
369 1650 498 1695 Filio.
520 1669 540 1691 )›

379 1723 523 1765 XVII.
556 1718 725 1763 «Filius
748 1717 950 1763 subditus
968 1727 1033 1763 est
1055 1718 1173 1763 Patri
1194 1738 1203 1763 ;
1227 1718 1411 1778 Spiritus
1433 1728 1608 1764 sanctus
1621 1719 1721 1763 sub-

324 1792 441 1837 ditus
467 1801 530 1836 est
547 1790 677 1835 Filio.
697 1809 718 1832 »

382 1866 548 1908 XVIII.
581 1882 596 1902 «
619 1862 771 1917 Filius,
797 1876 895 1921 quae
911 1861 1039 1921 jubet
1064 1864 1208 1916 Pater,
1235 1862 1329 1905 haec
1354 1871 1560 1921 operatur
1587 1881 1596 1906 ι
1623 1863 1720 1922 Spi-

327 1936 435 1980 ritus
458 1944 649 1988 sanctus‚
675 1949 774 1994 quae
798 1931 979 1976 mandat
1002 1932 1154 1986 Filius,
1175 1933 1271 1976 haec
1293 1930 1505 1993 loquitur.
1521 1952 1541 1974 η

385 2008 505 2050 XIX.
532 2025 551 2047 «
578 2005 714 2049 Filius
735 2003 888 2049 adorat
906 2014 949 2048 et
965 2004 1152 2048 honorat
1174 2007 1346 2047 Patrem
1366 2023 1374 2048 2
1398 2005 1581 2063 Spiritus
1595 2021 1722 2050 sanc-

327 2087 395 2121 tus
409 2077 560 2121 adorat
582 2086 624 2120 et
648 2077 833 2120 honorat
852 2074 1012 2119 Filium
1023 2078 1056 2130 ²,
1073 2075 1165 2134 ipso
1184 2074 1296 2119 Filio
1319 2074 1491 2119 dicente
1509 2096 1517 2121 :
1541 2096 1560 2118 «
1578 2080 1720 2133 Pater,

330 2167 348 2188 »
377 2164 458 2206 ego
480 2158 521 2191 te
536 2146 819 2191 honorificavi
839 2154 1159 2205 superterram,
1181 2161 1290 2205 opus
1304 2147 1422 2206 quod
1437 2147 1593 2191 dedisti
1617 2148 1722 2192 mihi

332 2240 348 2260 »
375 2218 691 2264 consummavi.
711 2220 804 2262 »Et
825 2218 880 2261 de
902 2217 1064 2276 Spiritu
1087 2227 1236 2261 sancto
1259 2218 1342 2262 ait:
1366 2238 1385 2259 «
1408 2217 1486 2262 Ille
1504 2234 1572 2262 me
1589 2219 1723 2264 hono-

327 2291 530 2346 rificabit,
553 2290 653 2350 quia
673 2291 728 2333 de
752 2305 849 2333 meo
867 2289 1065 2349 accipiet,
1084 2299 1126 2333 et
1143 2290 1424 2333 annuntiabit
1445 2290 1569 2334 vobis
1583 2292 1614 2333 3.
1641 2310 1659 2332 n

387 2365 485 2406 XX.
527 2361 700 2405 «Filius
724 2378 746 2405 a
767 2377 812 2405 se
833 2376 923 2405 non
950 2369 1091 2420 potest
1116 2361 1257 2404 facere
1282 2360 1522 2420 quidquam
1538 2397 1548 2415 ‚
1580 2363 1656 2406 sed
1677 2363 1721 2405 in

328 2434 531 2477 omnibus
562 2433 698 2478 Patris
719 2440 919 2491 expectat
940 2440 1116 2475 nutum.
1146 2431 1330 2490 Spiritus
1353 2448 1374 2475 a
1398 2447 1441 2475 se
1463 2448 1551 2477 non
1574 2432 1722 2493 loqui-

332 2514 402 2548 tur
416 2505 448 2557 ⁴,
474 2504 549 2548 sed
571 2506 616 2547 in
639 2504 843 2549 omnibus
864 2502 1023 2548 Christi
1044 2512 1240 2562 expectat
1258 2513 1525 2563 praeceptum
1549 2524 1558 2548 ε
1589 2523 1608 2546 «
1627 2507 1723 2551 Non

380 2596 390 2613 ¹
414 2589 518 2621 Matth
554 2601 631 2629 xxv,
653 2590 705 2630 34.
722 2608 760 2612 -
775 2598 785 2611 2
804 2592 896 2621 Joan.
917 2600 995 2629 xvn,
1014 2587 1046 2630 4
1060 2607 1101 2611 -
1120 2587 1132 2612 3
1151 2589 1201 2621 ld.
1219 2600 1285 2628 xvn,
1313 2589 1548 2630 14.—41d.v‚
1571 2601 1620 2632 ¹9.
