<?xml version="1.0" encoding="UTF-8"?>
<!DOCTYPE html PUBLIC "-//W3C//DTD XHTML 1.0 Transitional//EN"
    "http://www.w3.org/TR/xhtml1/DTD/xhtml1-transitional.dtd">
<html xmlns="http://www.w3.org/1999/xhtml" xml:lang="en" lang="en">
 <head>
  <title>
</title>
<meta http-equiv="Content-Type" content="text/html;charset=utf-8" />
  <meta name='ocr-system' content='tesseract 3.04.00' />
  <meta name='ocr-capabilities' content='ocr_page ocr_carea ocr_par ocr_line ocrx_word'/>
</head>
<body>
  <div class='ocr_page' id='page_1' title='image "./operaomniaaccura29auguuoft/operaomniaaccura29auguuoft_0289.png"; bbox 0 0 1803 3250; ppageno 0'>
   <div class='ocr_carea' id='block_1_1' title="bbox 99 204 1517 2607">
    <p class='ocr_par' dir='ltr' id='par_1_1' title="bbox 119 204 1512 614">
     <span class='ocr_line' id='line_1_1' title="bbox 560 204 1510 244; baseline 0.001 -2"><span class='ocrx_word' id='word_1_1' title='bbox 560 214 564 217; x_wconf 92' lang='grc'><strong><em>·</em></strong></span> <span class='ocrx_word' id='word_1_2' title='bbox 617 214 671 243; x_wconf 72' lang='grc' dir='ltr'>ΒΕ</span> <span class='ocrx_word' id='word_1_3' title='bbox 702 209 874 242; x_wconf 67' lang='lat' dir='ltr'>NATURA</span> <span class='ocrx_word' id='word_1_4' title='bbox 905 213 1019 244; x_wconf 67' lang='lat' dir='ltr'>Bom-</span> <span class='ocrx_word' id='word_1_5' title='bbox 1425 204 1510 244; x_wconf 77' lang='lat'>279</span> 
     </span>
     <span class='ocr_line' id='line_1_2' title="bbox 123 274 1509 339; baseline -0.001 -15"><span class='ocrx_word' id='word_1_6' title='bbox 123 279 311 339; x_wconf 80' lang='lat' dir='ltr'>cipiebat</span> <span class='ocrx_word' id='word_1_7' title='bbox 325 279 436 332; x_wconf 80' lang='lat' dir='ltr'>haec,</span> <span class='ocrx_word' id='word_1_8' title='bbox 459 285 510 322; x_wconf 89' lang='lat' dir='ltr'>ut</span> <span class='ocrx_word' id='word_1_9' title='bbox 527 291 675 321; x_wconf 89' lang='lat' dir='ltr'>semen</span> <span class='ocrx_word' id='word_1_10' title='bbox 693 274 918 321; x_wconf 87' lang='lat' dir='ltr'>consuevit</span> <span class='ocrx_word' id='word_1_11' title='bbox 948 274 1069 323; x_wconf 81' lang='lat' dir='ltr'>culta</span> <span class='ocrx_word' id='word_1_12' title='bbox 1094 276 1257 335; x_wconf 87' lang='lat' dir='ltr'>optime</span> <span class='ocrx_word' id='word_1_13' title='bbox 1281 285 1390 325; x_wconf 84' lang='lat' dir='ltr'>terra</span> <span class='ocrx_word' id='word_1_14' title='bbox 1410 293 1509 338; x_wconf 82' lang='lat' dir='ltr'>per·</span> 
     </span>
     <span class='ocr_line' id='line_1_3' title="bbox 121 344 1510 410; baseline -0.002 -15"><span class='ocrx_word' id='word_1_15' title='bbox 121 349 279 410; x_wconf 82' lang='lat' dir='ltr'>cipere.</span> <span class='ocrx_word' id='word_1_16' title='bbox 313 351 365 393; x_wconf 90' lang='lat' dir='ltr'>In</span> <span class='ocrx_word' id='word_1_17' title='bbox 385 346 538 392; x_wconf 84' lang='lat' dir='ltr'>eadem</span> <span class='ocrx_word' id='word_1_18' title='bbox 560 346 676 390; x_wconf 89' lang='lat' dir='ltr'>enim</span> <span class='ocrx_word' id='word_1_19' title='bbox 704 344 1070 389; x_wconf 83' lang='lat' dir='ltr'><strong>construebantur</strong></span> <span class='ocrx_word' id='word_1_20' title='bbox 1093 355 1136 390; x_wconf 90' lang='lat' dir='ltr'>et</span> <span class='ocrx_word' id='word_1_21' title='bbox 1164 347 1510 396; x_wconf 79' lang='lat' dir='ltr'>contexebantur</span> 
     </span>
     <span class='ocr_line' id='line_1_4' title="bbox 121 414 1510 481; baseline -0.001 -15"><span class='ocrx_word' id='word_1_22' title='bbox 121 420 322 466; x_wconf 88' lang='lat' dir='ltr'>omnium</span> <span class='ocrx_word' id='word_1_23' title='bbox 354 419 580 476; x_wconf 85' lang='lat' dir='ltr'>imagines,</span> <span class='ocrx_word' id='word_1_24' title='bbox 612 414 856 460; x_wconf 85' lang='lat' dir='ltr'>coelestium</span> <span class='ocrx_word' id='word_1_25' title='bbox 889 430 938 463; x_wconf 85' lang='lat' dir='ltr'>ac</span> <span class='ocrx_word' id='word_1_26' title='bbox 968 424 1238 465; x_wconf 86' lang='lat' dir='ltr'>terrenarum</span> <span class='ocrx_word' id='word_1_27' title='bbox 1271 418 1510 481; x_wconf 80' lang='lat' dir='ltr'>virtutum3</span> 
     </span>
     <span class='ocr_line' id='line_1_5' title="bbox 119 485 1512 551; baseline 0.001 -15"><span class='ocrx_word' id='word_1_28' title='bbox 119 500 171 547; x_wconf 86' lang='lat' dir='ltr'>ut</span> <span class='ocrx_word' id='word_1_29' title='bbox 191 489 310 551; x_wconf 91' lang='lat' dir='ltr'>pleni</span> <span class='ocrx_word' id='word_1_30' title='bbox 332 488 538 535; x_wconf 89' lang='lat' dir='ltr'>videlicet</span> <span class='ocrx_word' id='word_1_31' title='bbox 558 487 700 543; x_wconf 83' lang='lat' dir='ltr'>orbiS,</span> <span class='ocrx_word' id='word_1_32' title='bbox 733 485 779 530; x_wconf 89' lang='lat' dir='ltr'>id</span> <span class='ocrx_word' id='word_1_33' title='bbox 800 486 920 546; x_wconf 92' lang='lat' dir='ltr'>quod</span> <span class='ocrx_word' id='word_1_34' title='bbox 947 485 1241 545; x_wconf 73' lang='lat' dir='ltr'><strong>formabatur,</strong></span> <span class='ocrx_word' id='word_1_35' title='bbox 1265 489 1512 541; x_wconf 83' lang='lat' dir='ltr'>similitudi-</span> 
     </span>
     <span class='ocr_line' id='line_1_6' title="bbox 124 559 515 614; baseline -0.018 -7"><span class='ocrx_word' id='word_1_36' title='bbox 124 576 226 614; x_wconf 87' lang='lat' dir='ltr'>nem</span> <span class='ocrx_word' id='word_1_37' title='bbox 243 559 477 606; x_wconf 88' lang='lat' dir='ltr'>obtineret.</span> <span class='ocrx_word' id='word_1_38' title='bbox 494 576 515 600; x_wconf 89' lang='lat'>»</span> 
     </span>
    </p>

    <p class='ocr_par' dir='ltr' id='par_1_2' title="bbox 99 625 1517 2607">
     <span class='ocr_line' id='line_1_7' title="bbox 176 625 1513 689; baseline 0.001 -13"><span class='ocrx_word' id='word_1_39' title='bbox 176 632 360 676; x_wconf 86' lang='lat' dir='ltr'>XLVII.</span> <span class='ocrx_word' id='word_1_40' title='bbox 395 630 433 672; x_wconf 94' lang='lat' dir='ltr'>O</span> <span class='ocrx_word' id='word_1_41' title='bbox 457 636 705 672; x_wconf 87' lang='lat' dir='ltr'>monstrum</span> <span class='ocrx_word' id='word_1_42' title='bbox 731 625 984 682; x_wconf 82' lang='lat' dir='ltr'>scelestum,</span> <span class='ocrx_word' id='word_1_43' title='bbox 1009 641 1036 671; x_wconf 95' lang='lat' dir='ltr'>o</span> <span class='ocrx_word' id='word_1_44' title='bbox 1064 627 1304 674; x_wconf 84' lang='lat' dir='ltr'>execranda</span> <span class='ocrx_word' id='word_1_45' title='bbox 1326 632 1513 689; x_wconf 85' lang='lat' dir='ltr'>perditio</span> 
     </span>
     <span class='ocr_line' id='line_1_8' title="bbox 123 698 1511 761; baseline -0.001 -13"><span class='ocrx_word' id='word_1_46' title='bbox 123 712 168 751; x_wconf 85' lang='lat' dir='ltr'>et</span> <span class='ocrx_word' id='word_1_47' title='bbox 188 701 308 747; x_wconf 89' lang='lat' dir='ltr'>labes</span> <span class='ocrx_word' id='word_1_48' title='bbox 325 701 609 761; x_wconf 85' lang='lat' dir='ltr'>deceptarum</span> <span class='ocrx_word' id='word_1_49' title='bbox 630 698 873 748; x_wconf 89' lang='lat' dir='ltr'>animarum</span> <span class='ocrx_word' id='word_1_50' title='bbox 895 698 904 742; x_wconf 75' lang='grc' dir='ltr'>ἔ</span> <span class='ocrx_word' id='word_1_51' title='bbox 931 698 1098 744; x_wconf 85' lang='lat' dir='ltr'>Omitto</span> <span class='ocrx_word' id='word_1_52' title='bbox 1119 698 1226 760; x_wconf 88' lang='lat' dir='ltr'>quid</span> <span class='ocrx_word' id='word_1_53' title='bbox 1246 701 1299 744; x_wconf 87' lang='lat' dir='ltr'>sit</span> <span class='ocrx_word' id='word_1_54' title='bbox 1312 735 1324 756; x_wconf 97' lang='lat'>,</span> <span class='ocrx_word' id='word_1_55' title='bbox 1355 701 1409 746; x_wconf 88' lang='lat' dir='ltr'>dc</span> <span class='ocrx_word' id='word_1_56' title='bbox 1434 718 1511 750; x_wconf 69' lang='lat' dir='ltr'>na-</span> 
     </span>
     <span class='ocr_line' id='line_1_9' title="bbox 116 767 1517 832; baseline 0.001 -15"><span class='ocrx_word' id='word_1_57' title='bbox 116 783 218 821; x_wconf 89' lang='lat' dir='ltr'>tura</span> <span class='ocrx_word' id='word_1_58' title='bbox 240 772 318 817; x_wconf 91' lang='lat' dir='ltr'>Dei</span> <span class='ocrx_word' id='word_1_59' title='bbox 340 770 465 832; x_wconf 90' lang='lat' dir='ltr'>quod</span> <span class='ocrx_word' id='word_1_60' title='bbox 486 771 546 816; x_wconf 89' lang='lat' dir='ltr'>sic</span> <span class='ocrx_word' id='word_1_61' title='bbox 568 770 747 830; x_wconf 86' lang='lat' dir='ltr'>ligetur,</span> <span class='ocrx_word' id='word_1_62' title='bbox 771 769 867 814; x_wconf 83' lang='lat' dir='ltr'>haec</span> <span class='ocrx_word' id='word_1_63' title='bbox 889 767 1050 818; x_wconf 86' lang='lat' dir='ltr'>dicere.</span> <span class='ocrx_word' id='word_1_64' title='bbox 1077 771 1173 816; x_wconf 82' lang='lat' dir='ltr'>Hoc</span> <span class='ocrx_word' id='word_1_65' title='bbox 1195 769 1348 816; x_wconf 87' lang='lat' dir='ltr'>saltem</span> <span class='ocrx_word' id='word_1_66' title='bbox 1372 782 1517 820; x_wconf 88' lang='lat' dir='ltr'>atten-</span> 
     </span>
     <span class='ocr_line' id='line_1_10' title="bbox 114 838 1513 903; baseline -0.001 -13"><span class='ocrx_word' id='word_1_67' title='bbox 114 844 223 890; x_wconf 89' lang='lat' dir='ltr'>dant</span> <span class='ocrx_word' id='word_1_68' title='bbox 247 842 393 887; x_wconf 90' lang='lat' dir='ltr'>miseri</span> <span class='ocrx_word' id='word_1_69' title='bbox 420 840 593 901; x_wconf 89' lang='lat' dir='ltr'>decepti</span> <span class='ocrx_word' id='word_1_70' title='bbox 615 850 660 885; x_wconf 89' lang='lat' dir='ltr'>et</span> <span class='ocrx_word' id='word_1_71' title='bbox 681 856 825 886; x_wconf 85' lang='lat' dir='ltr'>errore</span> <span class='ocrx_word' id='word_1_72' title='bbox 848 838 1074 889; x_wconf 89' lang='lat' dir='ltr'>mortifero</span> <span class='ocrx_word' id='word_1_73' title='bbox 1095 842 1322 898; x_wconf 82' lang='lat' dir='ltr'>venenati,</span> <span class='ocrx_word' id='word_1_74' title='bbox 1354 845 1457 903; x_wconf 87' lang='lat' dir='ltr'>quia</span> <span class='ocrx_word' id='word_1_75' title='bbox 1478 847 1513 891; x_wconf 90' lang='lat' dir='ltr'>si</span> 
     </span>
     <span class='ocr_line' id='line_1_11' title="bbox 114 910 1513 976; baseline 0 -16"><span class='ocrx_word' id='word_1_76' title='bbox 114 929 194 976; x_wconf 87' lang='lat' dir='ltr'>per</span> <span class='ocrx_word' id='word_1_77' title='bbox 219 917 390 959; x_wconf 70' lang='lat' dir='ltr'>coitum</span> <span class='ocrx_word' id='word_1_78' title='bbox 411 911 707 957; x_wconf 87' lang='lat' dir='ltr'>masculorum</span> <span class='ocrx_word' id='word_1_79' title='bbox 726 921 769 956; x_wconf 92' lang='lat' dir='ltr'>et</span> <span class='ocrx_word' id='word_1_80' title='bbox 798 910 1079 960; x_wconf 83' lang='lat' dir='ltr'>foeminarum</span> <span class='ocrx_word' id='word_1_81' title='bbox 1106 910 1267 971; x_wconf 84' lang='lat' dir='ltr'>ligatur</span> <span class='ocrx_word' id='word_1_82' title='bbox 1287 928 1386 973; x_wconf 87' lang='lat' dir='ltr'>pars</span> <span class='ocrx_word' id='word_1_83' title='bbox 1407 916 1513 974; x_wconf 85' lang='lat' dir='ltr'>Dei,</span> 
     </span>
     <span class='ocr_line' id='line_1_12' title="bbox 111 981 1513 1047; baseline 0.001 -17"><span class='ocrx_word' id='word_1_84' title='bbox 111 998 246 1047; x_wconf 90' lang='lat' dir='ltr'>quam</span> <span class='ocrx_word' id='word_1_85' title='bbox 269 998 313 1029; x_wconf 90' lang='lat' dir='ltr'>se</span> <span class='ocrx_word' id='word_1_86' title='bbox 337 982 649 1028; x_wconf 87' lang='lat' dir='ltr'>manducando</span> <span class='ocrx_word' id='word_1_87' title='bbox 673 981 840 1029; x_wconf 88' lang='lat' dir='ltr'>solvere</span> <span class='ocrx_word' id='word_1_88' title='bbox 863 991 904 1026; x_wconf 89' lang='lat' dir='ltr'>et</span> <span class='ocrx_word' id='word_1_89' title='bbox 927 997 1113 1041; x_wconf 82' lang='lat' dir='ltr'>purgare</span> <span class='ocrx_word' id='word_1_90' title='bbox 1129 983 1409 1042; x_wconf 87' lang='lat' dir='ltr'>profitentur,</span> <span class='ocrx_word' id='word_1_91' title='bbox 1435 1002 1513 1033; x_wconf 88' lang='lat' dir='ltr'>co·-</span> 
     </span>
     <span class='ocr_line' id='line_1_13' title="bbox 111 1051 1511 1117; baseline 0 -17"><span class='ocrx_word' id='word_1_92' title='bbox 111 1055 176 1117; x_wconf 86' lang='lat' dir='ltr'>git</span> <span class='ocrx_word' id='word_1_93' title='bbox 196 1069 268 1099; x_wconf 89' lang='lat' dir='ltr'>eos</span> <span class='ocrx_word' id='word_1_94' title='bbox 289 1054 420 1114; x_wconf 80' lang='lat' dir='ltr'>hujus</span> <span class='ocrx_word' id='word_1_95' title='bbox 440 1062 532 1098; x_wconf 91' lang='lat' dir='ltr'>tam</span> <span class='ocrx_word' id='word_1_96' title='bbox 546 1051 728 1097; x_wconf 89' lang='lat' dir='ltr'>nefandi</span> <span class='ocrx_word' id='word_1_97' title='bbox 744 1052 899 1097; x_wconf 88' lang='lat' dir='ltr'>erroris</span> <span class='ocrx_word' id='word_1_98' title='bbox 920 1054 1169 1109; x_wconf 78' lang='lat' dir='ltr'>necessitas,</span> <span class='ocrx_word' id='word_1_99' title='bbox 1192 1063 1242 1100; x_wconf 87' lang='lat' dir='ltr'>ut</span> <span class='ocrx_word' id='word_1_100' title='bbox 1263 1070 1352 1099; x_wconf 91' lang='lat' dir='ltr'>non</span> <span class='ocrx_word' id='word_1_101' title='bbox 1369 1055 1511 1107; x_wconf 85' lang='lat' dir='ltr'>solum</span> 
     </span>
     <span class='ocr_line' id='line_1_14' title="bbox 109 1123 1509 1186; baseline -0.002 -16"><span class='ocrx_word' id='word_1_102' title='bbox 109 1127 166 1173; x_wconf 86' lang='lat' dir='ltr'>de</span> <span class='ocrx_word' id='word_1_103' title='bbox 184 1139 298 1186; x_wconf 90' lang='lat' dir='ltr'>pane</span> <span class='ocrx_word' id='word_1_104' title='bbox 314 1133 359 1169; x_wconf 93' lang='lat' dir='ltr'>et</span> <span class='ocrx_word' id='word_1_105' title='bbox 382 1123 576 1169; x_wconf 86' lang='lat' dir='ltr'>oleribus</span> <span class='ocrx_word' id='word_1_106' title='bbox 595 1133 639 1168; x_wconf 89' lang='lat' dir='ltr'>et</span> <span class='ocrx_word' id='word_1_107' title='bbox 660 1124 816 1183; x_wconf 89' lang='lat' dir='ltr'>pomis,</span> <span class='ocrx_word' id='word_1_108' title='bbox 836 1139 936 1184; x_wconf 86' lang='lat' dir='ltr'>quae</span> <span class='ocrx_word' id='word_1_109' title='bbox 954 1123 1045 1168; x_wconf 89' lang='lat' dir='ltr'>sola</span> <span class='ocrx_word' id='word_1_110' title='bbox 1066 1123 1273 1174; x_wconf 90' lang='lat' dir='ltr'>videntur</span> <span class='ocrx_word' id='word_1_111' title='bbox 1298 1125 1345 1169; x_wconf 89' lang='lat' dir='ltr'>in</span> <span class='ocrx_word' id='word_1_112' title='bbox 1368 1129 1509 1173; x_wconf 68' lang='lat' dir='ltr'>mani,-</span> 
     </span>
     <span class='ocr_line' id='line_1_15' title="bbox 107 1193 1509 1256; baseline -0.001 -14"><span class='ocrx_word' id='word_1_113' title='bbox 107 1196 221 1242; x_wconf 89' lang='lat' dir='ltr'>festo</span> <span class='ocrx_word' id='word_1_114' title='bbox 243 1195 460 1254; x_wconf 89' lang='lat' dir='ltr'>accipere,</span> <span class='ocrx_word' id='word_1_115' title='bbox 486 1194 563 1238; x_wconf 88' lang='lat' dir='ltr'>sed</span> <span class='ocrx_word' id='word_1_116' title='bbox 591 1193 694 1238; x_wconf 79' lang='lat' dir='ltr'>inde</span> <span class='ocrx_word' id='word_1_117' title='bbox 716 1195 848 1238; x_wconf 88' lang='lat' dir='ltr'>etiam</span> <span class='ocrx_word' id='word_1_118' title='bbox 870 1193 1040 1239; x_wconf 87' lang='lat' dir='ltr'>solvant</span> <span class='ocrx_word' id='word_1_119' title='bbox 1060 1203 1104 1238; x_wconf 92' lang='lat' dir='ltr'>et</span> <span class='ocrx_word' id='word_1_120' title='bbox 1127 1205 1317 1255; x_wconf 81' lang='lat' dir='ltr'>purgent</span> <span class='ocrx_word' id='word_1_121' title='bbox 1339 1206 1509 1256; x_wconf 89' lang='lat' dir='ltr'>partem</span> 
     </span>
     <span class='ocr_line' id='line_1_16' title="bbox 107 1263 1503 1325; baseline 0.001 -14"><span class='ocrx_word' id='word_1_122' title='bbox 107 1267 211 1323; x_wconf 89' lang='lat' dir='ltr'>Dei,</span> <span class='ocrx_word' id='word_1_123' title='bbox 236 1264 356 1310; x_wconf 90' lang='lat' dir='ltr'>unde</span> <span class='ocrx_word' id='word_1_124' title='bbox 375 1279 451 1325; x_wconf 89' lang='lat' dir='ltr'>per</span> <span class='ocrx_word' id='word_1_125' title='bbox 475 1263 761 1309; x_wconf 87' lang='lat' dir='ltr'>concubitum</span> <span class='ocrx_word' id='word_1_126' title='bbox 784 1272 949 1323; x_wconf 86' lang='lat' dir='ltr'>potest,</span> <span class='ocrx_word' id='word_1_127' title='bbox 974 1265 1009 1308; x_wconf 84' lang='lat' dir='ltr'>si</span> <span class='ocrx_word' id='word_1_128' title='bbox 1030 1264 1226 1309; x_wconf 84' lang='lat' dir='ltr'>foeminae</span> <span class='ocrx_word' id='word_1_129' title='bbox 1249 1275 1375 1311; x_wconf 92' lang='lat' dir='ltr'>utero</span> <span class='ocrx_word' id='word_1_130' title='bbox 1403 1282 1503 1314; x_wconf 86' lang='lat' dir='ltr'>cor-</span> 
     </span>
     <span class='ocr_line' id='line_1_17' title="bbox 108 1332 1505 1397; baseline 0 -15"><span class='ocrx_word' id='word_1_131' title='bbox 108 1345 234 1397; x_wconf 88' lang='lat' dir='ltr'>cepta</span> <span class='ocrx_word' id='word_1_132' title='bbox 255 1334 412 1391; x_wconf 89' lang='lat' dir='ltr'>fuerit,</span> <span class='ocrx_word' id='word_1_133' title='bbox 436 1333 646 1392; x_wconf 84' lang='lat' dir='ltr'>colligari.</span> <span class='ocrx_word' id='word_1_134' title='bbox 673 1335 768 1378; x_wconf 90' lang='lat' dir='ltr'>Hoc</span> <span class='ocrx_word' id='word_1_135' title='bbox 786 1349 831 1378; x_wconf 89' lang='lat' dir='ltr'>se</span> <span class='ocrx_word' id='word_1_136' title='bbox 853 1332 996 1378; x_wconf 84' lang='lat' dir='ltr'>facere</span> <span class='ocrx_word' id='word_1_137' title='bbox 1013 1334 1194 1395; x_wconf 87' lang='lat' dir='ltr'>quidam</span> <span class='ocrx_word' id='word_1_138' title='bbox 1212 1335 1398 1380; x_wconf 85' lang='lat' dir='ltr'>confessi</span> <span class='ocrx_word' id='word_1_139' title='bbox 1415 1352 1505 1382; x_wconf 91' lang='lat' dir='ltr'>esse</span> 
     </span>
     <span class='ocr_line' id='line_1_18' title="bbox 110 1404 1506 1467; baseline 0.001 -16"><span class='ocrx_word' id='word_1_140' title='bbox 110 1407 161 1451; x_wconf 94' lang='lat' dir='ltr'>in</span> <span class='ocrx_word' id='word_1_141' title='bbox 186 1406 365 1466; x_wconf 85' lang='lat' dir='ltr'>publico</span> <span class='ocrx_word' id='word_1_142' title='bbox 382 1404 549 1465; x_wconf 87' lang='lat' dir='ltr'>judicio</span> <span class='ocrx_word' id='word_1_143' title='bbox 570 1404 875 1463; x_wconf 88' lang='lat' dir='ltr'>perhibentur,</span> <span class='ocrx_word' id='word_1_144' title='bbox 894 1419 985 1449; x_wconf 87' lang='lat' dir='ltr'>non</span> <span class='ocrx_word' id='word_1_145' title='bbox 1003 1414 1178 1450; x_wconf 86' lang='lat' dir='ltr'>tantum</span> <span class='ocrx_word' id='word_1_146' title='bbox 1192 1406 1237 1451; x_wconf 91' lang='lat' dir='ltr'>in</span> <span class='ocrx_word' id='word_1_147' title='bbox 1258 1406 1506 1467; x_wconf 86' lang='lat' dir='ltr'>Paphlago-</span> 
     </span>
     <span class='ocr_line' id='line_1_19' title="bbox 107 1475 1510 1536; baseline 0.001 -14"><span class='ocrx_word' id='word_1_148' title='bbox 107 1478 182 1534; x_wconf 73' lang='lat' dir='ltr'>nia</span> <span class='ocrx_word' id='word_1_149' title='bbox 196 1512 209 1533; x_wconf 92' lang='lat'>‚</span> <span class='ocrx_word' id='word_1_150' title='bbox 233 1476 309 1522; x_wconf 89' lang='lat' dir='ltr'>sed</span> <span class='ocrx_word' id='word_1_151' title='bbox 328 1476 460 1521; x_wconf 88' lang='lat' dir='ltr'>etiam</span> <span class='ocrx_word' id='word_1_152' title='bbox 475 1477 522 1520; x_wconf 89' lang='lat' dir='ltr'>in</span> <span class='ocrx_word' id='word_1_153' title='bbox 537 1475 692 1531; x_wconf 89' lang='lat' dir='ltr'>Gallia,</span> <span class='ocrx_word' id='word_1_154' title='bbox 718 1477 829 1526; x_wconf 88' lang='lat' dir='ltr'>sicut</span> <span class='ocrx_word' id='word_1_155' title='bbox 846 1491 870 1521; x_wconf 88' lang='lat' dir='ltr'>a</span> <span class='ocrx_word' id='word_1_156' title='bbox 887 1476 1079 1536; x_wconf 86' lang='lat' dir='ltr'>quodam</span> <span class='ocrx_word' id='word_1_157' title='bbox 1094 1480 1245 1527; x_wconf 86' lang='lat' dir='ltr'>Romae</span> <span class='ocrx_word' id='word_1_158' title='bbox 1261 1479 1510 1525; x_wconf 86' lang='lat' dir='ltr'>Christiano</span> 
     </span>
     <span class='ocr_line' id='line_1_20' title="bbox 107 1546 1508 1609; baseline 0 -15"><span class='ocrx_word' id='word_1_159' title='bbox 107 1547 325 1595; x_wconf 89' lang='lat' dir='ltr'>catholico</span> <span class='ocrx_word' id='word_1_160' title='bbox 347 1546 494 1593; x_wconf 86' lang='lat' dir='ltr'>audivi</span> <span class='ocrx_word' id='word_1_161' title='bbox 516 1565 525 1592; x_wconf 89' lang='lat'>:</span> <span class='ocrx_word' id='word_1_162' title='bbox 551 1556 594 1592; x_wconf 91' lang='lat' dir='ltr'>et</span> <span class='ocrx_word' id='word_1_163' title='bbox 621 1562 723 1591; x_wconf 90' lang='lat' dir='ltr'>cum</span> <span class='ocrx_word' id='word_1_164' title='bbox 742 1548 1137 1607; x_wconf 77' lang='lat' dir='ltr'>interrogarentur,</span> <span class='ocrx_word' id='word_1_165' title='bbox 1169 1550 1291 1609; x_wconf 84' lang='lat' dir='ltr'>cujus</span> <span class='ocrx_word' id='word_1_166' title='bbox 1312 1551 1508 1595; x_wconf 86' lang='lat' dir='ltr'>auctori-</span> 
     </span>
     <span class='ocr_line' id='line_1_21' title="bbox 106 1617 1504 1680; baseline 0.001 -16"><span class='ocrx_word' id='word_1_167' title='bbox 106 1628 197 1664; x_wconf 86' lang='lat' dir='ltr'>tate</span> <span class='ocrx_word' id='word_1_168' title='bbox 219 1621 446 1679; x_wconf 81' lang='lat' dir='ltr'>scripturae</span> <span class='ocrx_word' id='word_1_169' title='bbox 468 1618 549 1662; x_wconf 88' lang='lat' dir='ltr'>ista</span> <span class='ocrx_word' id='word_1_170' title='bbox 569 1617 786 1674; x_wconf 87' lang='lat' dir='ltr'>facerent,</span> <span class='ocrx_word' id='word_1_171' title='bbox 812 1619 898 1664; x_wconf 91' lang='lat' dir='ltr'>hoc</span> <span class='ocrx_word' id='word_1_172' title='bbox 919 1619 975 1664; x_wconf 90' lang='lat' dir='ltr'>de</span> <span class='ocrx_word' id='word_1_173' title='bbox 1005 1620 1226 1665; x_wconf 87' lang='lat' dir='ltr'>Thesauro</span> <span class='ocrx_word' id='word_1_174' title='bbox 1247 1636 1326 1665; x_wconf 93' lang='lat' dir='ltr'>suo</span> <span class='ocrx_word' id='word_1_175' title='bbox 1353 1621 1504 1680; x_wconf 91' lang='lat' dir='ltr'>prodi-</span> 
     </span>
     <span class='ocr_line' id='line_1_22' title="bbox 105 1689 1504 1751; baseline 0.001 -15"><span class='ocrx_word' id='word_1_176' title='bbox 105 1691 249 1747; x_wconf 88' lang='lat' dir='ltr'>disse,</span> <span class='ocrx_word' id='word_1_177' title='bbox 279 1690 402 1751; x_wconf 87' lang='lat' dir='ltr'>quod</span> <span class='ocrx_word' id='word_1_178' title='bbox 431 1689 564 1750; x_wconf 87' lang='lat' dir='ltr'>paulo</span> <span class='ocrx_word' id='word_1_179' title='bbox 597 1700 699 1737; x_wconf 85' lang='lat' dir='ltr'>ante</span> <span class='ocrx_word' id='word_1_180' title='bbox 732 1692 1085 1736; x_wconf 80' lang='lat' dir='ltr'>commemoravi.</span> <span class='ocrx_word' id='word_1_181' title='bbox 1120 1692 1195 1736; x_wconf 89' lang='lat' dir='ltr'>Isti</span> <span class='ocrx_word' id='word_1_182' title='bbox 1227 1701 1374 1738; x_wconf 90' lang='lat' dir='ltr'>autem</span> <span class='ocrx_word' id='word_1_183' title='bbox 1401 1709 1504 1742; x_wconf 88' lang='lat' dir='ltr'>cum</span> 
     </span>
     <span class='ocr_line' id='line_1_23' title="bbox 102 1761 1503 1824; baseline 0.001 -17"><span class='ocrx_word' id='word_1_184' title='bbox 102 1762 188 1808; x_wconf 89' lang='lat' dir='ltr'>hoc</span> <span class='ocrx_word' id='word_1_185' title='bbox 209 1762 270 1808; x_wconf 92' lang='lat' dir='ltr'>eis</span> <span class='ocrx_word' id='word_1_186' title='bbox 291 1762 520 1822; x_wconf 85' lang='lat' dir='ltr'>objicitur,</span> <span class='ocrx_word' id='word_1_187' title='bbox 552 1761 695 1807; x_wconf 91' lang='lat' dir='ltr'>solent</span> <span class='ocrx_word' id='word_1_188' title='bbox 723 1762 1005 1822; x_wconf 84' lang='lat' dir='ltr'>respondere,</span> <span class='ocrx_word' id='word_1_189' title='bbox 1031 1765 1177 1808; x_wconf 83' lang='lat' dir='ltr'>nescio</span> <span class='ocrx_word' id='word_1_190' title='bbox 1199 1779 1331 1824; x_wconf 88' lang='lat' dir='ltr'>quem</span> <span class='ocrx_word' id='word_1_191' title='bbox 1354 1764 1503 1809; x_wconf 91' lang='lat' dir='ltr'>inimi—</span> 
     </span>
     <span class='ocr_line' id='line_1_24' title="bbox 103 1832 1500 1890; baseline 0.001 -11"><span class='ocrx_word' id='word_1_192' title='bbox 103 1849 206 1880; x_wconf 91' lang='lat' dir='ltr'>cum</span> <span class='ocrx_word' id='word_1_193' title='bbox 220 1848 350 1878; x_wconf 90' lang='lat' dir='ltr'>suum</span> <span class='ocrx_word' id='word_1_194' title='bbox 364 1832 419 1878; x_wconf 91' lang='lat' dir='ltr'>de</span> <span class='ocrx_word' id='word_1_195' title='bbox 439 1847 624 1878; x_wconf 89' lang='lat' dir='ltr'>numero</span> <span class='ocrx_word' id='word_1_196' title='bbox 642 1848 721 1877; x_wconf 89' lang='lat' dir='ltr'>suo</span> <span class='ocrx_word' id='word_1_197' title='bbox 739 1849 834 1889; x_wconf 91' lang='lat' dir='ltr'>suo,</span> <span class='ocrx_word' id='word_1_198' title='bbox 851 1834 936 1878; x_wconf 89' lang='lat' dir='ltr'>hoc</span> <span class='ocrx_word' id='word_1_199' title='bbox 953 1843 1032 1890; x_wconf 87' lang='lat' dir='ltr'>est,</span> <span class='ocrx_word' id='word_1_200' title='bbox 1051 1834 1306 1885; x_wconf 84' lang='lat' dir='ltr'>Electorum</span> <span class='ocrx_word' id='word_1_201' title='bbox 1320 1851 1500 1881; x_wconf 89' lang='lat' dir='ltr'>suorum</span> 
     </span>
     <span class='ocr_line' id='line_1_25' title="bbox 102 1903 1499 1967; baseline 0.001 -17"><span class='ocrx_word' id='word_1_202' title='bbox 102 1903 350 1963; x_wconf 87' lang='lat' dir='ltr'>descivisse,</span> <span class='ocrx_word' id='word_1_203' title='bbox 373 1913 416 1949; x_wconf 91' lang='lat' dir='ltr'>et</span> <span class='ocrx_word' id='word_1_204' title='bbox 437 1904 623 1950; x_wconf 89' lang='lat' dir='ltr'>schisma</span> <span class='ocrx_word' id='word_1_205' title='bbox 646 1903 799 1949; x_wconf 88' lang='lat' dir='ltr'>fecisse</span> <span class='ocrx_word' id='word_1_206' title='bbox 813 1940 826 1960; x_wconf 92' lang='lat'>,</span> <span class='ocrx_word' id='word_1_207' title='bbox 851 1914 984 1965; x_wconf 85' lang='lat' dir='ltr'>atque</span> <span class='ocrx_word' id='word_1_208' title='bbox 1004 1907 1255 1966; x_wconf 85' lang='lat' dir='ltr'>hujusmodi</span> <span class='ocrx_word' id='word_1_209' title='bbox 1273 1908 1499 1967; x_wconf 89' lang='lat' dir='ltr'>spurcissi-</span> 
     </span>
     <span class='ocr_line' id='line_1_26' title="bbox 101 1974 1500 2038; baseline 0.004 -17"><span class='ocrx_word' id='word_1_210' title='bbox 101 1989 218 2021; x_wconf 88' lang='lat' dir='ltr'>mam</span> <span class='ocrx_word' id='word_1_211' title='bbox 238 1975 442 2020; x_wconf 85' lang='lat' dir='ltr'>haeresim</span> <span class='ocrx_word' id='word_1_212' title='bbox 464 1974 725 2020; x_wconf 88' lang='lat' dir='ltr'>condidisse.</span> <span class='ocrx_word' id='word_1_213' title='bbox 744 1974 870 2020; x_wconf 87' lang='lat' dir='ltr'>Unde</span> <span class='ocrx_word' id='word_1_214' title='bbox 887 1975 1169 2028; x_wconf 81' lang='lat' dir='ltr'>manifestum</span> <span class='ocrx_word' id='word_1_215' title='bbox 1190 1986 1269 2033; x_wconf 89' lang='lat' dir='ltr'>est,</span> <span class='ocrx_word' id='word_1_216' title='bbox 1295 1978 1399 2038; x_wconf 88' lang='lat' dir='ltr'>quia</span> <span class='ocrx_word' id='word_1_217' title='bbox 1414 1979 1500 2027; x_wconf 85' lang='lat' dir='ltr'>hoc</span> 
     </span>
     <span class='ocr_line' id='line_1_27' title="bbox 100 2044 1497 2106; baseline 0.003 -15"><span class='ocrx_word' id='word_1_218' title='bbox 100 2046 234 2098; x_wconf 81' lang='lat' dir='ltr'>etiam</span> <span class='ocrx_word' id='word_1_219' title='bbox 264 2046 299 2090; x_wconf 93' lang='lat' dir='ltr'>si</span> <span class='ocrx_word' id='word_1_220' title='bbox 325 2045 398 2090; x_wconf 90' lang='lat' dir='ltr'>isti</span> <span class='ocrx_word' id='word_1_221' title='bbox 425 2060 516 2090; x_wconf 92' lang='lat' dir='ltr'>non</span> <span class='ocrx_word' id='word_1_222' title='bbox 544 2044 711 2090; x_wconf 87' lang='lat' dir='ltr'>faciunt</span> <span class='ocrx_word' id='word_1_223' title='bbox 730 2081 743 2102; x_wconf 88' lang='lat'>‚</span> <span class='ocrx_word' id='word_1_224' title='bbox 777 2046 833 2090; x_wconf 92' lang='lat' dir='ltr'>de</span> <span class='ocrx_word' id='word_1_225' title='bbox 865 2047 1061 2106; x_wconf 83' lang='lat' dir='ltr'>ipsorum</span> <span class='ocrx_word' id='word_1_226' title='bbox 1082 2047 1202 2092; x_wconf 83' lang='lat' dir='ltr'>libris</span> <span class='ocrx_word' id='word_1_227' title='bbox 1222 2049 1306 2094; x_wconf 92' lang='lat' dir='ltr'>hoc</span> <span class='ocrx_word' id='word_1_228' title='bbox 1327 2048 1497 2100; x_wconf 82' lang='lat' dir='ltr'>faciunt</span> 
     </span>
     <span class='ocr_line' id='line_1_28' title="bbox 100 2115 1497 2177; baseline 0.001 -16"><span class='ocrx_word' id='word_1_229' title='bbox 100 2116 371 2177; x_wconf 90' lang='lat' dir='ltr'>quicumque</span> <span class='ocrx_word' id='word_1_230' title='bbox 386 2115 571 2160; x_wconf 86' lang='lat' dir='ltr'>faciunt.</span> <span class='ocrx_word' id='word_1_231' title='bbox 592 2116 814 2177; x_wconf 85' lang='lat' dir='ltr'>Abjiciant</span> <span class='ocrx_word' id='word_1_232' title='bbox 835 2132 936 2176; x_wconf 87' lang='lat' dir='ltr'>ergo</span> <span class='ocrx_word' id='word_1_233' title='bbox 950 2118 1100 2172; x_wconf 87' lang='lat' dir='ltr'>libros,</span> <span class='ocrx_word' id='word_1_234' title='bbox 1115 2119 1149 2163; x_wconf 89' lang='lat' dir='ltr'>si</span> <span class='ocrx_word' id='word_1_235' title='bbox 1162 2119 1327 2163; x_wconf 89' lang='lat' dir='ltr'>crimen</span> <span class='ocrx_word' id='word_1_236' title='bbox 1340 2121 1497 2170; x_wconf 49' lang='lat' dir='ltr'>exhor-q</span> 
     </span>
     <span class='ocr_line' id='line_1_29' title="bbox 100 2186 1497 2247; baseline 0.004 -16"><span class='ocrx_word' id='word_1_237' title='bbox 100 2195 215 2241; x_wconf 71' lang='lat' dir='ltr'>rent,</span> <span class='ocrx_word' id='word_1_238' title='bbox 242 2186 366 2246; x_wconf 89' lang='lat' dir='ltr'>quod</span> <span class='ocrx_word' id='word_1_239' title='bbox 387 2187 660 2232; x_wconf 88' lang='lat' dir='ltr'>committere</span> <span class='ocrx_word' id='word_1_240' title='bbox 687 2197 905 2247; x_wconf 84' lang='lat' dir='ltr'>coguntur</span> <span class='ocrx_word' id='word_1_241' title='bbox 920 2224 932 2246; x_wconf 93' lang='lat'>,</span> <span class='ocrx_word' id='word_1_242' title='bbox 958 2190 992 2239; x_wconf 89' lang='lat' dir='ltr'>si</span> <span class='ocrx_word' id='word_1_243' title='bbox 1013 2189 1147 2234; x_wconf 88' lang='lat' dir='ltr'>libros</span> <span class='ocrx_word' id='word_1_244' title='bbox 1167 2199 1340 2242; x_wconf 81' lang='lat' dir='ltr'>tenent3</span> <span class='ocrx_word' id='word_1_245' title='bbox 1364 2200 1441 2237; x_wconf 89' lang='lat' dir='ltr'>aut</span> <span class='ocrx_word' id='word_1_246' title='bbox 1460 2191 1497 2240; x_wconf 87' lang='lat' dir='ltr'>si</span> 
     </span>
     <span class='ocr_line' id='line_1_30' title="bbox 99 2257 1488 2315; baseline 0.005 -14"><span class='ocrx_word' id='word_1_247' title='bbox 99 2272 193 2311; x_wconf 83' lang='lat' dir='ltr'>non</span> <span class='ocrx_word' id='word_1_248' title='bbox 209 2257 516 2315; x_wconf 87' lang='lat' dir='ltr'>committunt,</span> <span class='ocrx_word' id='word_1_249' title='bbox 540 2258 748 2310; x_wconf 89' lang='lat' dir='ltr'>mundius</span> <span class='ocrx_word' id='word_1_250' title='bbox 780 2260 929 2306; x_wconf 86' lang='lat' dir='ltr'>vivere</span> <span class='ocrx_word' id='word_1_251' title='bbox 955 2269 1106 2306; x_wconf 86' lang='lat' dir='ltr'>contra</span> <span class='ocrx_word' id='word_1_252' title='bbox 1127 2277 1226 2308; x_wconf 89' lang='lat' dir='ltr'>suos</span> <span class='ocrx_word' id='word_1_253' title='bbox 1247 2260 1383 2312; x_wconf 82' lang='lat' dir='ltr'>libros</span> <span class='ocrx_word' id='word_1_254' title='bbox 1410 2277 1488 2313; x_wconf 86' lang='lat' dir='ltr'>co—</span> 
     </span>
     <span class='ocr_line' id='line_1_31' title="bbox 99 2328 1492 2393; baseline 0.006 -21"><span class='ocrx_word' id='word_1_255' title='bbox 99 2337 278 2382; x_wconf 69' lang='lat' dir='ltr'>nantur.</span> <span class='ocrx_word' id='word_1_256' title='bbox 311 2328 397 2374; x_wconf 91' lang='lat' dir='ltr'>Sed</span> <span class='ocrx_word' id='word_1_257' title='bbox 424 2329 532 2389; x_wconf 89' lang='lat' dir='ltr'>quid</span> <span class='ocrx_word' id='word_1_258' title='bbox 566 2343 725 2390; x_wconf 87' lang='lat' dir='ltr'>agunt,</span> <span class='ocrx_word' id='word_1_259' title='bbox 757 2346 860 2380; x_wconf 87' lang='lat' dir='ltr'>cum</span> <span class='ocrx_word' id='word_1_260' title='bbox 891 2333 951 2377; x_wconf 91' lang='lat' dir='ltr'>eis</span> <span class='ocrx_word' id='word_1_261' title='bbox 978 2332 1138 2384; x_wconf 86' lang='lat' dir='ltr'>dicitur</span> <span class='ocrx_word' id='word_1_262' title='bbox 1163 2352 1173 2378; x_wconf 71' lang='grc' dir='ltr'><strong>ε</strong></span> <span class='ocrx_word' id='word_1_263' title='bbox 1197 2335 1287 2379; x_wconf 86' lang='lat' dir='ltr'>Aut</span> <span class='ocrx_word' id='word_1_264' title='bbox 1308 2343 1492 2393; x_wconf 84' lang='lat' dir='ltr'>purgate</span> 
     </span>
     <span class='ocr_line' id='line_1_32' title="bbox 99 2398 1492 2462; baseline 0.004 -17"><span class='ocrx_word' id='word_1_265' title='bbox 99 2398 268 2456; x_wconf 90' lang='lat' dir='ltr'>lumen,</span> <span class='ocrx_word' id='word_1_266' title='bbox 297 2398 354 2445; x_wconf 89' lang='lat' dir='ltr'>de</span> <span class='ocrx_word' id='word_1_267' title='bbox 374 2401 534 2461; x_wconf 88' lang='lat' dir='ltr'>quibus</span> <span class='ocrx_word' id='word_1_268' title='bbox 556 2402 786 2462; x_wconf 82' lang='lat' dir='ltr'>potueritis</span> <span class='ocrx_word' id='word_1_269' title='bbox 807 2403 1060 2460; x_wconf 89' lang='lat' dir='ltr'>seminibus,</span> <span class='ocrx_word' id='word_1_270' title='bbox 1081 2413 1131 2455; x_wconf 89' lang='lat' dir='ltr'>ut</span> <span class='ocrx_word' id='word_1_271' title='bbox 1150 2419 1230 2449; x_wconf 90' lang='lat' dir='ltr'>nec</span> <span class='ocrx_word' id='word_1_272' title='bbox 1242 2404 1354 2449; x_wconf 87' lang='lat' dir='ltr'>illud</span> <span class='ocrx_word' id='word_1_273' title='bbox 1371 2420 1492 2451; x_wconf 76' lang='lat' dir='ltr'>recu—</span> 
     </span>
     <span class='ocr_line' id='line_1_33' title="bbox 102 2470 1491 2534; baseline 0.004 -19"><span class='ocrx_word' id='word_1_274' title='bbox 102 2471 216 2528; x_wconf 81' lang='lat' dir='ltr'>setis,</span> <span class='ocrx_word' id='word_1_275' title='bbox 240 2470 362 2534; x_wconf 87' lang='lat' dir='ltr'>quod</span> <span class='ocrx_word' id='word_1_276' title='bbox 382 2487 459 2517; x_wconf 92' lang='lat' dir='ltr'>vos</span> <span class='ocrx_word' id='word_1_277' title='bbox 480 2488 571 2518; x_wconf 90' lang='lat' dir='ltr'>non</span> <span class='ocrx_word' id='word_1_278' title='bbox 592 2473 736 2525; x_wconf 77' lang='lat' dir='ltr'>facere</span> <span class='ocrx_word' id='word_1_279' title='bbox 754 2475 961 2534; x_wconf 76' lang='lat' dir='ltr'>asseritis3</span> <span class='ocrx_word' id='word_1_280' title='bbox 984 2485 1058 2525; x_wconf 86' lang='lat' dir='ltr'>aut</span> <span class='ocrx_word' id='word_1_281' title='bbox 1078 2476 1369 2525; x_wconf 82' lang='lat' dir='ltr'>Manichaeum</span> <span class='ocrx_word' id='word_1_282' title='bbox 1388 2493 1491 2522; x_wconf 89' lang='lat' dir='ltr'>ana-</span> 
     </span>
     <span class='ocr_line' id='line_1_34' title="bbox 103 2540 1491 2607; baseline 0.004 -21"><span class='ocrx_word' id='word_1_283' title='bbox 103 2540 318 2600; x_wconf 90' lang='lat' dir='ltr'>themate,</span> <span class='ocrx_word' id='word_1_284' title='bbox 333 2543 526 2604; x_wconf 90' lang='lat' dir='ltr'>quicum</span> <span class='ocrx_word' id='word_1_285' title='bbox 548 2544 655 2590; x_wconf 89' lang='lat' dir='ltr'>dicit</span> <span class='ocrx_word' id='word_1_286' title='bbox 669 2545 717 2591; x_wconf 92' lang='lat' dir='ltr'>in</span> <span class='ocrx_word' id='word_1_287' title='bbox 735 2546 938 2592; x_wconf 83' lang='lat' dir='ltr'>omnibus</span> <span class='ocrx_word' id='word_1_288' title='bbox 958 2547 1196 2592; x_wconf 90' lang='lat' dir='ltr'>seminibus</span> <span class='ocrx_word' id='word_1_289' title='bbox 1215 2562 1306 2594; x_wconf 88' lang='lat' dir='ltr'>esse</span> <span class='ocrx_word' id='word_1_290' title='bbox 1325 2558 1491 2607; x_wconf 90' lang='lat' dir='ltr'>partem</span> 
     </span>
    </p>
   </div>
  </div>
 </body>
</html>
