1803 3250
385 196 549 228 CONTRA
580 198 857 227 ssscnmnmmur
889 194 1178 225 MANICHAEUM.
1392 187 1475 226 307

92 275 182 312 tem
203 280 385 326 corpore
415 266 621 311 venient?
639 284 659 307 »
686 267 799 322 Lege
824 263 971 323 itaque
1001 271 1143 308 totum
1167 262 1310 322 ipsum
1332 261 1479 308 locum

92 336 162 396 pia
181 352 286 382 cura
304 338 514 391 intentus,
541 352 631 380 non
653 334 866 395 pertinaci
885 335 1167 379 contentione
1188 333 1413 391 turbatus,
1438 343 1481 380 et

91 407 313 467 ingenium
336 418 459 454 tuum
479 411 567 452 Deo
588 408 845 468 adjuvante,
866 405 990 451 nullo
1013 406 1292 466 explanatore
1312 404 1482 453 deside·

92 489 210 535 rato,
229 481 342 526 nihil
364 479 483 527 aliud
503 495 633 539 quam
655 478 702 523 id
723 477 844 538 quod
864 477 963 523 dico
991 479 1176 538 reperies
1197 498 1207 523 ;
1228 487 1271 522 et
1298 488 1405 524 tunc
1427 477 1484 524 ad

91 550 204 597 illud
226 551 347 613 quod
375 560 560 597 tractare
580 551 905 596 institueramus
920 549 1116 594 animum
1139 565 1309 604 revoca,
1327 560 1369 595 et
1384 549 1484 595 vide

88 624 194 684 jam,
215 625 249 668 si
268 632 407 683 potes,
432 638 522 667 non
544 623 628 667 hoe
648 636 719 666 me
735 621 879 666 dicere
895 656 905 675 ,
934 621 1054 680 quod
1072 621 1177 681 justi
1200 630 1351 668 contra
1374 620 1483 666 nihil

92 703 306 754 pugnant,
331 693 406 738 sed
430 702 581 738 contra
605 708 676 738 eas
696 691 960 738 substantias
988 707 1088 752 quae
1119 690 1377 737 defecerunt
1397 708 1487 737 non

94 765 251 810 stando
273 766 319 809 in
340 767 539 810 veritate.

151 839 232 881 XI.
269 836 461 881 Deficere
483 845 628 880 autem
651 851 740 880 non
760 836 850 896 jam
878 833 985 878 nihil
1008 843 1100 890 est,
1129 832 1205 878 sed
1228 832 1283 878 ad
1300 832 1489 877 nihilum

94 907 289 952 tendere.
317 909 429 953 Cum
452 907 567 951 enim
587 923 634 951 ca
657 924 757 966 quae
780 907 916 966 magis
943 915 1072 962 sunt,
1110 905 1333 952 declinant
1357 905 1411 950 ad
1441 922 1491 950 ea

94 994 195 1038 quae
214 979 356 1023 minus
379 987 497 1033 sunt,
523 994 611 1022 non
634 978 706 1021 illa
729 978 774 1022 in
797 994 894 1038 quae
916 977 1166 1034 declinant,
1192 976 1270 1022 sed
1291 976 1364 1021 illa
1391 993 1490 1037 quae

95 1048 318 1098 declinant
337 1048 547 1093 deficiunt
565 1084 576 1104 ,
602 1058 645 1094 et
666 1049 810 1093 minus
828 1064 918 1092 esse
944 1048 1158 1107 incipiunt
1184 1064 1317 1109 quam
1337 1058 1458 1092 erant
1478 1067 1488 1093 ε

95 1136 186 1166 non
207 1120 387 1181 quidem
406 1129 455 1164 ut
468 1136 517 1164 ea
544 1121 628 1165 sint
654 1121 708 1164 ad
727 1137 827 1180 quse
845 1119 1192 1174 declinaverunt,
1219 1121 1295 1164 sed
1320 1136 1397 1178 pro
1413 1135 1492 1164 suo

99 1206 256 1251 genere
279 1191 437 1235 minus.
459 1193 557 1236 Non
579 1192 694 1234 enim
714 1207 815 1235 cum
840 1191 1010 1235 animus
1027 1191 1081 1235 ad
1104 1207 1261 1250 corpus
1282 1191 1490 1246 declinat,

96 1277 254 1322 eorpus
288 1262 507 1319 efficitur,
538 1260 614 1305 sed
647 1270 793 1306 tamen
820 1261 1037 1307 defectivo
1074 1263 1270 1322 appetitu
1298 1262 1492 1321 quodam

97 1332 234 1383 modo
264 1333 528 1393 corporascit
553 1352 561 1377 ;
587 1332 647 1377 ita
677 1342 720 1377 et
754 1332 948 1391 angelica
982 1333 1186 1393 quaedam
1216 1332 1457 1378 sublimitas
1477 1368 1488 1387 ,

98 1419 202 1450 cum
222 1405 354 1463 magis
378 1403 592 1448 delectata
618 1413 683 1448 est
709 1420 788 1448 suo
812 1405 1042 1450 dominatu
1070 1404 1117 1449 in
1145 1420 1189 1449 se
1216 1405 1336 1464 ipsa,
1365 1403 1420 1449 ad
1448 1404 1495 1449 id

84 1475 220 1536 'quod
248 1475 392 1520 minus
413 1484 476 1519 est
497 1474 723 1521 inclinavit
746 1475 978 1532 affectum,
1003 1485 1046 1520 et
1071 1477 1217 1521 minus
1246 1493 1337 1521 esse
1359 1477 1495 1536 coepit

98 1561 232 1607 quam
253 1555 368 1601 erat,
394 1554 438 1590 et
456 1561 535 1606 pro
551 1561 629 1590 suo
648 1546 783 1604 gradu
801 1547 987 1594 tetendit
1009 1546 1064 1591 ad
1085 1548 1289 1592 nihilum.
1317 1551 1493 1602 Quanto

99 1618 216 1663 enim
231 1633 421 1678 quaeque
443 1633 509 1661 res
528 1617 671 1662 minus
687 1627 766 1673 est,
788 1628 912 1663 tanto
925 1619 1107 1663 vicinior
1122 1619 1260 1664 nihilo
1283 1629 1360 1664 est.
1379 1623 1494 1666 Cum

101 1699 248 1736 autem
270 1690 341 1734 isti
369 1688 566 1734 defectus
594 1690 839 1735 voluntarie
863 1691 998 1746 fiunt,
1025 1700 1140 1736 recte
1162 1691 1494 1751 reprehendun-

100 1770 194 1817 tur,
218 1769 263 1805 et
285 1770 463 1820 peccata
486 1761 784 1806 nominantur.
811 1763 924 1807 Cum
953 1771 1099 1806 autem
1121 1772 1368 1822 sequuntur
1392 1763 1494 1808 istas

99 1830 368 1877 voluntarias
396 1829 662 1876 defectiones
690 1831 991 1887 incommoda,
1023 1832 1260 1888 molestiae,
1293 1832 1492 1890 dolores,

101 1902 396 1959 adversitates,
413 1918 514 1963 quae
536 1903 681 1948 omnia
693 1911 845 1948 contra
856 1903 1128 1949 voluntatem
1146 1905 1360 1964 patimur,
1379 1914 1495 1950 recte

100 1975 256 2035 utique
277 1983 456 2035 peccata
474 1973 546 2020 vel
566 1975 786 2035 suppliciis
817 1975 1087 2034 puniuntur,
1123 1974 1194 2020 vel
1222 1976 1497 2022 exercitatior

102 2046 232 2096 nibus
252 2045 499 2091 diluuntur.
527 2051 633 2100 Quae
654 2047 688 2091 si
711 2047 858 2092 animo
884 2061 1036 2091 sereno
1057 2046 1220 2092 intueri
1242 2047 1371 2103 velis,
1395 2063 1498 2107 pro-

102 2116 221 2162 fecto
252 2116 422 2162 desines
461 2132 662 2163 accusare
695 2127 900 2173 naturas,
940 2127 1072 2178 atque
1104 2118 1215 2177 ipsas
1248 2118 1295 2162 in
1332 2118 1500 2163 crimen

102 2203 260 2235 vocare
281 2189 630 2240 substantias.2Si
651 2189 759 2251 quid
781 2200 925 2235 autem
944 2189 998 2234 de
1020 2190 1102 2235 hac
1124 2206 1169 2234 re
1187 2190 1404 2250 copiosius
1427 2206 1501 2235 ex-

104 2259 396 2321 plicatiusque
411 2261 652 2317 desideras,
675 2260 773 2320 lege
795 2271 880 2306 tres
896 2260 1030 2306 libros
1052 2270 1222 2306 nostros
1249 2262 1326 2322 qui
1353 2262 1501 2307 inscri-

105 2330 276 2377 buntur
311 2350 322 2376 2
361 2335 423 2374 De
453 2331 593 2377 libero
627 2333 830 2388 arbitrio,
870 2348 979 2392 quos
1014 2333 1061 2376 in
1096 2333 1336 2393 Campania
1379 2331 1504 2379 Nolae

109 2400 270 2460 p0teris
291 2399 486 2445 invenire
508 2398 627 2458 apud
649 2401 881 2444 Paulinum
904 2402 1100 2446 nobilem
1116 2403 1194 2448 Dei
1212 2401 1448 2448 famulum.

167 2473 271 2517 XII.
305 2473 433 2518 Nunc
458 2486 562 2517 vero
587 2471 835 2517 meminisse
865 2471 1034 2527 debeo,
1067 2473 1264 2533 epistolae
1294 2489 1366 2519 me
1387 2483 1477 2520 tuae
1496 2508 1508 2531 ,

109 2542 308 2604 quamvis
329 2541 470 2590 multo
483 2541 696 2602 longiore,
720 2551 867 2589 tamen
890 2542 1072 2602 epistola
1095 2543 1375 2604 respondere.
1398 2544 1503 2590 Ideo

1261 2615 1326 2654 ΞΟ.
