1803 3250
363 216 366 220 “
414 214 578 245 CONTRA
610 213 826 254 nusum,
860 215 942 243 Lm.
978 216 1138 244 xxx111.
1382 206 1461 247 187

83 284 223 338 Jesus,
249 282 351 343 quia
373 281 535 327 scilicet
555 290 721 326 tantam
741 278 872 323 fidem
894 295 984 324 non
1004 281 1236 326 invenisset
1252 282 1297 324 in
1315 282 1462 337 Israel,

81 361 291 413 quantam
321 353 367 396 in
394 351 469 397 illo
491 351 694 405 homine,
721 348 871 408 gentili
899 351 1096 410 quamvis
1128 360 1171 396 et
1192 366 1362 411 pagano
1379 386 1391 408 ,
1415 367 1467 397 eo

80 422 202 483 quod
224 422 380 466 dixerit
400 420 515 466 idem
537 436 625 466 non
651 435 694 463 se
716 418 847 464 fuisse
868 428 957 463 tam
979 419 1178 478 dignum,
1199 430 1249 465 ut
1269 423 1351 466 sub
1372 431 1466 467 tec-

83 503 176 538 tum
193 508 322 538 suum
338 493 519 537 intraret
535 493 560 536 J
564 506 675 547 esus,
700 489 776 535 sed
793 490 838 534 id
856 506 1007 550 rogare
1025 500 1216 547 tantum,
1234 502 1284 536 ut
1296 493 1468 552 juberet

79 564 232 619 verbo,
257 572 301 608 et
321 571 546 608 sanaretur
568 577 677 622 puer
696 576 823 619 suus3
843 561 959 606 solus
977 570 1123 606 tamen
1137 563 1371 607 Matthaeus
1384 565 1468 610 hoc

79 635 229 695 adjicit
248 637 398 680 Jesum
420 643 700 695 prosecutum
722 648 812 678 esse
826 667 838 689 ‚
864 642 914 677 ut
937 632 1100 677 diceret
1128 652 1138 678 :
1169 652 1186 674 «
1207 637 1348 678 Amen
1370 634 1468 681 dico

82 724 102 747 »
127 705 275 761 vobis,
310 704 413 766 quia
444 704 572 749 multi
592 703 771 750 venient
794 703 848 748 ab
869 704 1048 748 Oriente
1070 713 1114 748 et
1136 703 1377 748 Occidente
1393 740 1405 760 ‚
1426 715 1469 750 et

81 794 102 818 »
127 776 386 821 recumbent
419 791 521 821 cum
548 775 769 822 Abraham
791 785 835 820 et
868 777 987 820 Isaac
1015 784 1059 820 et
1091 776 1228 820 Jacob
1259 775 1306 819 in
1333 791 1469 835 regno

81 865 101 891 »
125 845 363 905 coelorum3
400 845 512 892 filios
542 855 689 891 autem
712 846 832 904 regni
853 846 1027 890 mittent
1054 846 1101 890 in
1124 845 1323 891 tenebras
1344 856 1466 891 exte-

81 935 102 960 »
127 917 304 962 riores¹.
326 935 346 960 »
382 917 546 963 Multos
574 916 754 977 quidem
789 916 865 977 qui
901 917 1072 962 venturi
1103 915 1249 961 forent
1275 932 1469 977 paganos

77 988 341 1047 significans,
365 997 544 1049 propter
560 989 577 1012 2
599 988 930 1044 Centurionem,
955 988 1058 1049 quia
1080 997 1190 1032 esset
1203 997 1247 1033 et
1262 988 1353 1048 ipse
1368 1004 1469 1047 gen-

77 1057 179 1113 tilis,
203 1059 249 1102 in
265 1073 354 1118 quo
376 1067 523 1103 tamen
544 1067 665 1103 tanta
687 1059 839 1102 fuisset
852 1058 959 1102 fides
975 1058 1177 1117 inventa3
1196 1058 1307 1104 filios
1322 1069 1468 1105 autem

77 1128 200 1188 regni
222 1128 444 1188 appellans
465 1130 491 1172 J
495 1128 659 1183 udaeos‚
686 1130 731 1172 in
748 1128 910 1188 quibus
927 1128 1049 1172 nulla
1072 1137 1182 1173 esset
1210 1129 1387 1175 inventa
1414 1131 1469 1173 fi-

77 1200 169 1245 des.
194 1201 252 1244 At
272 1214 376 1244 vero
393 1201 549 1255 Lucas,
574 1213 825 1259 quanquam
843 1207 886 1243 et
900 1198 991 1258 ipse
1013 1208 1063 1244 ut
1079 1200 1368 1245 necessarium
1385 1201 1469 1247 hoc

75 1278 120 1315 et
148 1269 433 1314 memorabile
466 1270 580 1314 inter
607 1269 769 1314 Christi
802 1267 1017 1314 mirabilia
1039 1279 1156 1328 gesta
1184 1271 1466 1317 inserendum

75 1340 293 1402 putaverit
309 1340 547 1400 Evangelio
561 1355 657 1397 suo,
680 1339 736 1384 de
757 1340 976 1385 Abraham
998 1350 1146 1386 tamen
1168 1341 1258 1386 illic
1284 1351 1328 1387 et
1350 1346 1468 1388 Isaac

76 1421 120 1456 et
140 1412 277 1457 Jacob
305 1410 470 1456 nullam
492 1411 600 1456 facit
622 1411 907 1456 mentionem.
935 1412 1066 1465 Quod
1088 1412 1122 1457 si
1143 1413 1241 1473 quis
1259 1411 1376 1458 dicat
1405 1413 1471 1459 id-

75 1484 192 1528 circo
213 1483 535 1543 praetermisisse
557 1497 676 1538 eum,
703 1482 806 1543 quia
824 1481 992 1528 dictum
1016 1482 1062 1528 id
1077 1484 1169 1543 jam
1195 1484 1296 1529 satis
1318 1483 1471 1531 fuisset

76 1570 100 1599 a
132 1554 330 1600 Mattheo
361 1570 373 1599 .·
398 1568 476 1598 cur
518 1568 622 1613 ergo
657 1562 829 1613 gestum
857 1554 997 1613 ipsum
1033 1565 1349 1601 commemorat
1371 1571 1468 1614 erga

75 1625 391 1672 Centurionem
411 1633 454 1668 et
476 1639 664 1684 puerum
687 1624 794 1685 ejm,
820 1624 942 1685 quod
963 1641 1092 1685 aeque
1112 1624 1244 1686 longe
1271 1627 1371 1671 satis
1399 1628 1469 1672 in-

76 1698 296 1742 sinuatum
312 1698 403 1756 jam
423 1696 574 1741 fuisset
601 1696 728 1741 nobis
755 1698 952 1743 Matthaei
976 1698 1185 1743 solertia?
1209 1700 1294 1744 Sed
1311 1698 1469 1745 falsum

77 1777 156 1813 est.
188 1770 386 1828 Namque
413 1777 457 1811 et
477 1768 532 1811 de
555 1768 852 1812 obsecratione
880 1768 971 1827 ipsa
1004 1768 1265 1815 adveniendi
1291 1773 1439 1815 Jesum
1455 1807 1467 1827 ,

76 1840 311 1885 Matthaeus
330 1838 510 1900 quidem
531 1837 652 1894 dicit,
677 1838 797 1899 quod
819 1837 935 1884 idem
959 1855 1035 1899 per
1056 1842 1337 1901 semetipsum
1354 1844 1470 1889 Cen—

79 1912 194 1956 turio
215 1910 382 1956 venerit
396 1910 452 1955 ad
473 1925 573 1955 eum
603 1919 834 1970 rogaturus
857 1910 1100 1956 medelam3
1123 1932 1131 1957 :
1159 1916 1298 1958 Lucas
1321 1923 1466 1958 autem

76 1997 183 2039 non,
207 1980 283 2027 sed
314 1981 416 2042 quia
437 1982 620 2041 majores
641 1990 750 2027 natu
780 1980 836 2026 ad
865 1996 966 2026 eum
988 1982 1151 2028 miserit
1179 1982 1435 2030 Judaeorum
1453 2021 1466 2041 ‚

74 2054 150 2114 qui
180 2069 237 2098 ne
269 2052 382 2098 forte
416 2062 693 2113 sperneretur
729 2053 785 2098 ab
822 2054 977 2098 eodem
1014 2063 1223 2114 tanquam
1261 2056 1434 2115 gentilis
1452 2092 1464 2113 ‚

73 2123 316 2185 (quoniam
341 2123 522 2185 quidem
551 2126 701 2169 Jesum
731 2125 888 2170 volunt
922 2140 1012 2170 esse
1043 2125 1173 2185 plane
1201 2127 1469 2186 Judaeum‚)

72 2193 333 2255 persuadere
360 2195 540 2254 ingressi
569 2204 672 2239 sunt
698 2195 739 2240 ei
759 2195 977 2252 dicentes,
1003 2195 1188 2256 dignum
1211 2211 1301 2242 esse
1322 2198 1393 2242 cui
1421 2198 1468 2243 id

73 2274 325 2326 praestaret,
362 2266 572 2327 quoniam
605 2265 788 2327 quidem
819 2265 1020 2326 diligeret
1051 2276 1225 2326 gentem
1254 2283 1399 2325 suam,
1423 2278 1467 2314 et

74 2352 346 2396 synagogam
373 2338 464 2397 ipse
487 2337 741 2383 aedificasset
763 2337 842 2383 sibi
864 2357 874 2383 ι
897 2346 1109 2398 tanquam
1139 2347 1182 2383 et
1202 2340 1286 2385 hoc
1310 2340 1365 2384 ad
1389 2340 1466 2385 Dei

73 2407 236 2453 Filium
253 2408 514 2468 pertineret,
539 2410 574 2453 si
594 2409 930 2469 aedificationem
953 2425 1188 2469 synagogae
1215 2426 1304 2455 suae
1321 2410 1463 2456 Judaei

118 2514 131 2535 ῐ
144 2511 259 2543 Matth.
275 2521 309 2554 x,
323 2519 355 2547 et
377 2513 454 2545 Luc.
475 2522 549 2551 xm,
565 2511 622 2551 28,
642 2521 694 2554 29.
711 2527 753 2536 —-
767 2517 780 2536 ²
800 2511 907 2545 Forte
932 2516 1057 2553 praeter.
1073 2529 1115 2537 —
1133 2510 1145 2537 3
1160 2512 1275 2547 Matth.
1296 2524 1362 2555 vni,
1379 2514 1412 2555 5,
1430 2517 1461 2546 et

80 2568 156 2600 Luc.
173 2575 231 2608 vu,
252 2574 284 2600 2.
