1803 3250
369 167 448 206 158
798 172 833 202 s.
870 174 1101 204 Aucus'rrm
1135 176 1317 204 nmscom

362 253 407 289 et
427 257 514 287 non
536 242 667 285 etiam
689 240 901 286 nativitas.
927 244 1113 287 Mortem
1139 242 1304 301 quippe
1330 250 1542 300 tanquam
1574 255 1749 319 separa-

364 313 527 359 tionem
548 312 721 368 animae,
746 310 792 356 id
809 321 889 369 est,
911 322 1080 358 naturae
1101 312 1171 358 dei
1193 311 1323 358 vestri
1346 327 1370 356 a
1393 326 1576 373 corpore
1607 311 1751 356 inimi-

361 399 514 430 corum
535 384 652 444 ejus,
678 384 761 430 hoc
783 394 848 430 est
868 401 892 430 a
915 386 1125 446 figmento
1147 384 1329 440 diaboli,
1354 383 1599 444 praedicatis
1616 392 1750 443 atque

360 454 546 500 laudatis
569 473 579 501 ε
604 470 653 501 ae
668 471 747 516 per
767 456 851 501 hoc
871 472 962 501 rem
985 456 1163 516 dignam
1181 455 1312 501 fuisse
1327 454 1592 511 credidistis,
1615 469 1750 515 quam

363 526 562 571 Christus
577 527 656 572 etsi
683 542 774 573 non
794 528 1004 584 moriens,
1029 538 1175 574 tamen
1196 536 1381 573 mortem
1403 525 1611 571 simulans
1627 540 1751 571 com-

365 597 606 644 mendaret.
633 600 686 642 In
711 598 937 644 nativitate
957 608 1104 644 autem
1128 599 1230 659 quia
1252 614 1342 644 non
1362 597 1497 652 solvi,
1529 596 1605 641 sed
1626 596 1752 656 ligari

363 669 508 727 potius
529 669 660 714 deum
684 679 878 715 vestrum
900 669 1073 715 creditis
1088 705 1100 726 ‚
1124 671 1237 715 hanc
1259 683 1340 714 nec
1361 668 1515 713 saltem
1538 667 1753 712 fallaciter

364 737 647 798 imaginatum
666 741 888 786 Christum
905 741 1082 785 credere
1096 738 1293 785 voluistis
1313 758 1324 784 ε
1344 739 1405 783 ita
1426 748 1476 784 ut
1494 753 1585 783 non
1598 738 1659 783 sic
1671 752 1752 783 vo-

364 809 429 854 bis
445 812 581 856 Maria
600 811 874 871 displiceret,
894 812 929 856 si
944 811 1250 855 concubuisset
1265 844 1278 867 ,
1302 818 1346 855 et
1362 825 1452 856 non
1464 809 1749 869 concepisset,

363 882 587 942 quomodo
609 881 829 942 displicet,
854 882 957 942 quia
979 897 1069 927 non
1086 882 1353 938 concubuit,
1381 891 1425 926 et
1443 891 1592 926 tamen
1614 896 1753 940 pepe-

364 952 434 996 rit.
463 952 629 997 Vidctis
650 967 754 1012 ergo
777 951 968 997 multum
989 954 1194 999 interesse
1217 954 1329 998 inter
1349 954 1574 998 hortantes
1591 951 1647 997 ad
1664 952 1753 996 vir-

363 1021 589 1079 ginitatem
604 1057 616 1079 ,
642 1023 761 1068 bono
784 1023 942 1068 minori
972 1025 1140 1069 bonum
1158 1024 1344 1084 amplius
1367 1022 1689 1084 praeponend03
1712 1031 1757 1067 et

364 1092 644 1151 prohibentes
665 1094 849 1150 nubere,
873 1094 1158 1140 concubitum
1183 1094 1524 1154 propagationis,
1545 1094 1622 1154 qui
1638 1092 1755 1138 solus

364 1164 536 1222 proprie
567 1164 773 1224 nuptialis
805 1174 894 1221 est,
931 1165 1232 1210 vehementius
1260 1164 1504 1210 accusando
1527 1182 1536 1208 :
1562 1163 1754 1207 multum

363 1233 569 1279 interesse
591 1235 705 1280 inter
728 1236 992 1281 abstinentes
1015 1252 1038 1281 a
1055 1237 1178 1292 cibis,
1205 1246 1383 1296 propter
1395 1233 1652 1280 sacramenti
1666 1234 1753 1293 sig-

363 1305 658 1351 nificationem
673 1341 684 1362 ,
707 1307 778 1352 vel
800 1317 977 1367 propter
993 1308 1185 1367 corporis
1206 1309 1563 1366 castigationem3
1589 1314 1633 1350 et
1655 1305 1754 1350 abs-

363 1376 551 1422 tinentes
574 1394 598 1423 a
619 1379 751 1435 cibis,
782 1394 893 1439 quos
924 1382 1037 1424 Deus
1063 1380 1252 1434 creavit,
1288 1379 1502 1434 dicendo,
1538 1375 1660 1438 quod
1681 1391 1754 1422 eos

363 1449 479 1492 Deus
506 1465 596 1494 non
623 1451 800 1495 creavit.
826 1451 1014 1495 Proinde
1035 1450 1109 1495 illa
1132 1450 1331 1495 doctrina
1352 1458 1417 1495 est
1439 1449 1755 1509 Prophetarum

359 1527 404 1564 et
420 1520 748 1579 Apostolorum,
765 1522 860 1567 haec
876 1521 1197 1568 daemoniorum
1211 1520 1414 1567 mendaci
1436 1521 1688 1583 loquorum.
