1803 3250
379 274 540 304 commu
574 274 875 304 anvssnsamum
909 276 1044 314 Lite-15,
1079 277 1160 303 Lm.
1198 278 1226 302 1.
1412 266 1495 305 365

111 341 251 386 clesiae
271 341 479 386 sacrificio
501 342 658 397 sciunt,
687 342 810 401 cujus
831 342 1000 385 umbrae
1023 340 1203 386 fuerunt
1225 342 1367 386 omnia
1381 343 1499 402 prio-

109 428 206 456 rum
220 428 376 472 genera
389 414 710 458 sacrificiorum.
728 412 802 456 Isti
817 421 961 455 autem
974 412 1197 472 vaniloqui
1209 414 1495 473 reprehenso—

105 498 171 526 res
190 483 354 528 Veteris
369 484 647 537 Testamenti,
669 483 798 527 etiam
815 483 847 526 si
865 492 1019 526 caetera
1034 499 1132 542 quae
1150 486 1488 530 commemoravi

106 552 161 597 de
180 554 262 598 hoc
284 553 453 599 Psalmo
473 554 617 598 minus
633 553 900 612 intelligunt,
915 554 1101 598 sufficiat
1124 555 1183 599 eis
1201 565 1416 614 quantum
1435 557 1489 601 ad

104 633 362 684 praesentem
384 625 670 685 quaestionem
688 625 857 679 attinet,
883 625 984 683 quia
1008 628 1120 669 Deus
1144 627 1460 685 Prophetarum
1482 663 1492 680 ,

105 697 183 757 qui
203 699 316 742 Deus
333 706 396 742 est
412 698 541 742 etiam
556 696 882 757 Apostolorum,
900 712 989 741 non
1007 697 1248 742 manducat
1266 708 1495 744 taurorum

103 783 268 824 carnes,
287 784 366 814 nec
381 770 636 830 sanguinem
650 778 771 830 potat
785 768 1026 814 hircorum.
1052 768 1198 813 Talem
1214 771 1377 830 quippe
1392 787 1494 815 eum

103 849 316 884 noverant
336 841 492 896 sancti,
519 840 595 901 qui
609 839 727 900 pleni
740 841 831 900 ejus
850 839 1013 900 Spiritu
1026 840 1107 885 ista
1122 839 1344 887 dicebant.
1365 841 1492 885 Unde

106 909 215 954 illud
237 911 358 971 quod
381 911 519 956 David
540 910 723 966 obtulit,
751 920 801 955 ut
826 910 991 971 populo
1018 915 1311 970 parceretur1,
1341 913 1496 956 umbra

104 992 196 1027 erat
214 982 379 1039 futuri,
405 1000 491 1044 qua
513 984 803 1042 significatum
826 992 905 1038 est,
927 982 1048 1043 quod
1069 998 1147 1043 per
1166 999 1305 1028 unum
1327 984 1495 1029 sacrifi-

104 1055 236 1110 cium,
262 1056 386 1115 cujus
406 1054 479 1099 illa
500 1056 637 1113 figura
655 1064 762 1109 erat,
787 1053 915 1099 saluti
938 1053 1090 1115 populi
1111 1054 1360 1115 spiritaliter
1388 1071 1492 1115 par-

104 1126 232 1170 citur.
260 1130 357 1186 Ipse
385 1137 449 1171 est
476 1128 591 1171 enim
613 1127 810 1172 Christus
828 1129 852 1171 J
857 1142 967 1182 esus,
1004 1146 1024 1169 «
1042 1127 1124 1180 Qui
1142 1126 1325 1172 traditus
1343 1138 1429 1182 est,
1445 1128 1498 1172 si-

112 1219 128 1239 »
157 1206 233 1241 cut
254 1198 489 1257 Apostolus
511 1197 616 1242 dicit
641 1234 651 1252 ,
690 1207 868 1258 propter
901 1197 1056 1243 delicta
1078 1208 1247 1255 nostra,
1279 1208 1322 1243 et
1352 1215 1496 1243 resur-

105 1288 126 1311 »
154 1271 264 1314 rexit
285 1279 462 1330 propter
479 1270 835 1330 justificationem
855 1274 1075 1314 nostram²
1093 1289 1102 1315 ι
1124 1290 1145 1313 »
1175 1280 1352 1331 propter
1375 1271 1497 1332 quod

104 1341 230 1385 etiam
255 1341 360 1386 dicit
386 1361 394 1386 z
424 1342 624 1386 «Pascha
647 1351 842 1386 nostrum
861 1341 1111 1387 immolatus
1135 1351 1198 1386 est
1219 1343 1455 1388 Christusss.
1473 1363 1492 1384 »

161 1414 415 1481 XXXVIJI.
449 1411 574 1457 Unde
593 1421 737 1456 autem
767 1413 849 1457 iste
872 1413 1061 1471 probare
1083 1422 1266 1458 conatus
1287 1423 1373 1468 est,
1405 1414 1495 1458 evi-

104 1483 259 1528 denter
281 1483 456 1529 servisse
479 1483 720 1538 daemoniis,
741 1484 815 1543 qui
839 1484 1052 1528 sacrificiis
1070 1499 1119 1528 ea
1138 1485 1395 1544 promeruit,
1416 1501 1496 1531 vo·

103 1554 196 1599 lens
217 1556 300 1600 hoc
323 1554 507 1615 intelligi
530 1554 585 1600 de
606 1565 757 1600 sancto
782 1554 921 1600 David
936 1590 947 1611 ,
972 1556 1034 1599 ibi
1057 1555 1300 1601 evidentius
1332 1567 1495 1617 quanta

102 1626 258 1671 fraude
278 1627 579 1686 imperitorum
603 1627 754 1671 animis
781 1626 1009 1671 insidietur
1030 1627 1219 1672 ostendit
1243 1647 1250 1672 :
1280 1627 1496 1672 Adhibuit

102 1698 217 1741 enim
242 1697 551 1757 Apostolorum
574 1707 727 1742 testem
746 1733 756 1753 ,
782 1713 833 1742 eo
854 1698 974 1758 quod
996 1697 1151 1742 dixerit
1172 1717 1181 1743 :
1211 1697 1403 1744 «Videte
1432 1702 1495 1744 Is-

105 1787 125 1809 »
153 1769 239 1812 rael
257 1768 487 1814 carnaliter
504 1791 515 1826 3
540 1785 686 1814 nonne
701 1769 777 1829 qui
796 1769 934 1813 edunt
950 1770 1126 1825 hostias,
1144 1769 1374 1830 participes
1389 1780 1493 1815 sunt

105 1858 125 1881 »
152 1838 327 1884 altaris?
348 1839 463 1894 Quid
491 1855 593 1898 ergo
610 1875 622 1895 ,
651 1840 748 1885 dico
770 1840 891 1900 quod
913 1840 1083 1885 idolum
1105 1841 1158 1886 sit
1181 1840 1382 1901 aliquid?
1407 1843 1491 1887 Sed

107 1930 126 1953 »
153 1912 228 1972 qui
250 1911 507 1968 sacrificant,
526 1911 799 1956 daemonibus
814 1912 1103 1957 sacrificant4.
1130 1932 1148 1954 »
1174 1914 1304 1966 Quod
1325 1928 1413 1957 non
1436 1913 1494 1957 ita

102 1983 310 2041 scriptum
333 1991 396 2027 est
422 2002 431 2027 :
457 1981 530 2027 sed
554 1982 614 2026 ita
635 2001 644 2026 ε
673 2001 692 2024 «
710 1981 866 2026 Videte
884 1982 1015 2026 Israel
1035 1983 1276 2027 secundum
1292 1998 1490 2028 carnem:

106 2072 125 2093 »
152 2068 299 2097 nonne
329 2053 404 2113 qui
431 2053 486 2096 de
507 2051 722 2098 sacrificiis
744 2051 1028 2108 manducant,
1053 2053 1156 2098 socii
1186 2062 1288 2098 sunt
1319 2053 1495 2098 altaris?

107 2145 125 2166 »
148 2126 263 2178 Quid
285 2139 386 2183 ergo
404 2160 414 2180 ,
437 2125 535 2169 dico
552 2125 653 2186 quia
676 2125 802 2169 idolis
827 2124 1098 2169 immolatum
1117 2135 1181 2169 est
1198 2124 1364 2185 aliquid
1382 2161 1392 2180 ,
1419 2135 1495 2169 aut

105 2215 125 2237 n
151 2194 316 2240 idolum
335 2205 398 2240 est
418 2195 616 2256 aliquid?
645 2196 728 2240 Sed
745 2195 847 2256 quia
865 2211 964 2256 quae
981 2195 1226 2251 immolant,
1247 2195 1487 2251 daemoniis,

107 2289 126 2308 »ι
152 2276 196 2311 et
223 2283 311 2312 non
334 2271 451 2322 Deo,
492 2266 735 2312 immolant.
770 2267 880 2313 Nolo
910 2283 985 2312 vos
1017 2268 1153 2312 socios
1176 2267 1491 2312 daemoniorum

106 2360 124 2380 »
150 2340 258 2383 fieri.
283 2358 304 2380 »
328 2339 477 2383 Potuit
499 2347 645 2382 autem
668 2338 879 2393 accidere,
898 2348 947 2382 ut
966 2338 1208 2383 secundum
1231 2339 1492 2398 interpreta-

101 2411 271 2454 tionum
294 2410 546 2454 varietatem
563 2425 651 2453 non
674 2410 719 2453 in
743 2410 893 2464 rebus,
917 2408 992 2453 sed
1013 2410 1059 2453 in
1081 2409 1223 2454 verbis
1238 2444 1250 2464 ‚
1274 2410 1393 2470 quod
1415 2424 1492 2468 ego

103 2480 220 2536 dixi,
250 2500 267 2520 «
285 2480 527 2525 secundum
555 2495 729 2525 carnem
747 2501 758 2538 3
775 2499 794 2522 »
825 2480 895 2525 alii
921 2479 1090 2525 codices
1118 2480 1333 2536 habeant,
1363 2500 1382 2523 «
1399 2497 1493 2525 car-

152 2574 158 2589 ¹
192 2577 212 2600 2
230 2570 307 2610 Reg.
334 2578 422 2610 xxiv,
453 2579 560 2601 10.—
578 2574 590 2590 ²
609 2570 702 2601 Rom.
733 2578 777 2609 iv,
800 2567 853 2601 25.
873 2585 912 2591 -
929 2566 942 2591 3
968 2579 979 2600 1
1002 2569 1076 2601 Cor.
1106 2579 1140 2609 v,
1167 2579 1199 2610 7.
1215 2568 1358 2601 —41d.
1387 2579 1421 2609 x,
1454 2568 1491 2599 ιδ

105 2630 135 2657 et
157 2635 244 2667 seqq.
