1803 3250
398 241 559 272 cou‘rRA
594 240 809 281 FAUSTUM,
845 243 928 271 Lm.
964 246 1076 272 xxii.
1373 236 1426 273 37

101 310 312 354 XXXIII.
359 310 489 364 Quod
525 317 672 353 autem
701 310 869 369 justum
894 318 936 353 et
963 310 1137 356 fidelem
1164 311 1308 356 virum
1331 327 1426 357 ma-

40 380 232 425 trimonii
249 381 316 425 sui
336 378 668 425 infamissimum
691 378 1029 425 nundinatorem
1051 382 1274 441 appellans
1289 419 1300 439 ,
1326 399 1427 430 ava-

38 451 148 496 ritiae
171 467 220 497 ac
241 451 403 497 ventris
424 465 551 495 causa
575 449 749 495 duobus
773 450 946 509 regibus
974 451 1229 496 Abimelech
1251 463 1294 498 et
1317 456 1432 501 Pha-

37 522 161 567 raoni
199 522 377 567 diversis
413 522 685 582 temporibus
718 523 864 566 Saram
896 522 1125 582 conjugem
1161 538 1282 567 suam
1316 541 1436 571 soro-

37 609 129 639 rem
162 595 423 650 mentitum,
455 594 558 654 quia
586 603 678 639 erat
707 593 1000 654 pulcherrima
1020 629 1031 649 ‚
1067 594 1114 639 in
1144 595 1431 642 concubitum

36 667 183 711 asserit
203 666 446 711 venditasse
463 701 474 721 ,
499 681 590 710 non
608 681 682 711 ore
703 665 896 711 veridico
919 681 942 711 a
964 665 1240 726 turpitudine
1261 679 1431 727 separat

34 739 323 793 honestatem,
345 738 421 783 sed
442 754 516 783 ore
533 737 746 783 maledico
764 747 907 783 totum
924 738 1056 783 vertit
1072 739 1114 783 in
1140 739 1319 784 crimen.
1339 743 1433 786 Hoc

34 809 152 855 enim
173 809 361 854 Abrahae
382 808 551 854 factum
583 810 803 855 lenocinio
833 809 973 854 simile
1000 810 1202 866 videtur,
1235 811 1312 856 sed
1344 827 1433 857 non

34 880 281 927 valentibus
309 896 360 925 ex
392 879 509 926 illius
539 890 716 926 aeternae
738 880 843 940 legis
865 881 1032 926 lumine
1060 898 1083 927 a
1105 883 1295 942 peccatis
1317 893 1434 929 recte

34 952 149 996 facta
170 951 415 997 discernere
451 972 460 997 ;
494 952 656 1012 quibus
686 961 730 997 et
760 952 1003 997 constantia
1024 953 1261 1012 pertinacia
1294 954 1433 999 videri

33 1031 198 1082 potest,
223 1031 266 1067 et
289 1022 425 1067 virtus
447 1021 623 1067 fiduciae
650 1023 806 1067 vitium
829 1024 974 1083 putari
998 1023 1214 1080 audaciae,
1240 1034 1284 1069 et
1307 1041 1434 1085 quae-

33 1109 222 1155 cumque
244 1093 440 1137 similiter
472 1093 744 1153 objiciuntur
774 1094 897 1153 quasi
920 1110 1011 1138 non
1034 1104 1150 1139 recte
1171 1097 1402 1153 agentibus
1418 1133 1430 1151 ,

33 1181 57 1210 a
88 1180 176 1211 non
209 1173 325 1210 recte
362 1164 658 1209 cernentibus.
696 1166 849 1224 Neque
881 1165 997 1208 enim
1021 1165 1244 1209 Abraham
1268 1167 1435 1225 flagitio

33 1235 248 1281 consensit
269 1235 411 1280 uxoris
428 1270 439 1290 ,
465 1236 647 1295 ejusque
669 1234 871 1280 vendidit
894 1234 1162 1280 adulterium
1186 1257 1194 1281 ;
1221 1237 1297 1282 sed
1321 1238 1434 1283 sicut

32 1307 106 1353 illa
126 1307 335 1353 famulam
360 1323 482 1352 suam
504 1322 594 1351 non
617 1305 791 1350 libidini
813 1306 956 1351 mariti
979 1308 1201 1366 permisit,
1232 1308 1307 1353 sed
1331 1311 1434 1354 ofli-

32 1379 100 1424 cio
127 1377 364 1437 generandi
398 1378 515 1422 ultro
542 1376 717 1433 intulit,
756 1393 1037 1438 nequaquam
1066 1379 1243 1424 turbato
1273 1380 1427 1425 ordine

32 1449 246 1505 naturali,
272 1449 348 1494 ubi
365 1450 458 1509 ejus
482 1457 670 1508 potestas
689 1457 796 1503 erat,
820 1449 981 1508 jubens
1008 1449 1155 1509 potius
1175 1450 1431 1507 obedienti,

32 1536 166 1582 quam
187 1521 345 1565 cedens
371 1519 718 1579 concupiscenti,
748 1519 808 1564 sie
830 1528 874 1564 et
892 1519 984 1579 ipse
1005 1522 1236 1581 conjugem
1269 1531 1433 1567 castam

33 1601 77 1636 et
97 1600 214 1637 casto
236 1592 367 1636 corde
384 1590 466 1635 sibi
487 1591 806 1645 cohaerentem,
829 1590 885 1634 de
909 1591 1032 1651 cujus
1052 1592 1198 1637 animo
1213 1628 1223 1647 ,
1252 1593 1328 1636 ubi
1348 1609 1433 1652 pu-

34 1662 194 1708 dicitiae
226 1664 364 1708 virtus
402 1661 655 1717 habitabat,
694 1660 818 1706 nullo
848 1661 980 1706 modo
1015 1662 1272 1718 dubitabat,
1299 1665 1438 1709 tacuit

33 1749 228 1789 uxorem,
255 1732 366 1778 dixit
386 1747 600 1790 sororem,
625 1747 680 1775 ne
703 1747 746 1775 se
769 1732 926 1786 occiso,
953 1732 1008 1776 ab
1027 1731 1281 1791 alienigenis
1299 1744 1432 1794 atque

33 1804 175 1865 impiis
194 1804 363 1865 captiva
385 1802 679 1863 possideretur
697 1823 710 1860 ·,
734 1811 879 1847 certus
896 1801 951 1846 de
964 1805 1056 1847 Deo
1077 1818 1172 1858 suo,
1188 1803 1310 1864 quod
1326 1805 1436 1848 nihil

34 1891 129 1921 eam
151 1885 281 1936 turpe
303 1890 351 1920 ac
370 1874 635 1934 flagitiosum
656 1874 825 1933 perpeti
841 1874 1017 1918 sineret.
1036 1876 1125 1919 Nec
1140 1889 1240 1919 eum
1259 1875 1367 1920 fides
1385 1892 1433 1920 ac

33 1963 128 2008 spes
151 1946 308 1991 fefellit
329 1963 341 1991 :
365 1961 556 2006 namque
578 1946 747 1990 Pharao
776 1944 952 1990 territus
983 1945 1185 1990 monstris
1208 1981 1223 2001 ,
1259 1946 1432 1992 multis-

34 2033 122 2079 que
140 2028 321 2078 propter
343 2032 438 2062 eam
456 2016 579 2061 malis
602 2017 805 2072 afflictus,
830 2016 911 2061 ubi
933 2018 1026 2077 ejus
1048 2032 1137 2061 esse
1160 2033 1339 2063 uxorem
1363 2019 1434 2063 di-

35 2089 198 2136 vinitus
218 2088 372 2133 didicit
388 2124 399 2144 ,
423 2086 604 2132 illaesam
623 2104 723 2133 cum
744 2088 912 2133 bonore
930 2088 1119 2133 restituit
1143 2108 1152 2133 ε
1176 2088 1432 2134 Abimelech

36 2170 181 2207 autem
207 2161 376 2206 somnio
400 2161 692 2205 commonitus
714 2169 846 2221 atque
869 2159 1066 2216 edoctus,
1091 2159 1286 2204 similiter
1311 2160 1429 2206 fecit.

94 2234 301 2279 XXXIV.
333 2231 544 2279 Nonnulli
576 2233 755 2293 quidem
775 2268 786 2288 ,
823 2248 914 2277 non
946 2231 1201 2278 calumniosi
1230 2241 1274 2277 et
1297 2234 1433 2278 male-

37 2306 150 2362 dici,
192 2305 305 2349 sicut
337 2307 524 2350 Faustus
545 2340 557 2363 ,
599 2305 675 2349 sed
709 2303 872 2349 eisdem
905 2305 1025 2349 libris
1062 2305 1275 2349 honorem
1309 2304 1434 2350 debi-

40 2386 136 2422 tum
158 2373 421 2432 deferentes,
446 2391 555 2436 quos
584 2376 663 2420 iste
687 2375 755 2421 vel
773 2392 865 2421 non
886 2375 1176 2435 intelligendo
1198 2377 1438 2436 repreben—

38 2448 125 2504 dit,
149 2447 219 2494 vel
242 2447 604 2508 reprehendendo
625 2463 717 2493 non
748 2447 984 2507 intelligit,
1010 2463 1110 2492 cum
1133 2448 1218 2492 hoc
1246 2448 1437 2492 Abrahae

39 2519 203 2564 factum
226 2519 566 2576 considerarent,
591 2519 733 2564 visum
755 2528 819 2564 est
840 2520 898 2563 eis
919 2518 1040 2579 quod
1062 2535 1084 2563 a
1108 2519 1311 2563 firmitate
1329 2519 1432 2563 fidei

41 2590 332 2636 subdefecerit
350 2600 482 2652 atque
503 2591 778 2647 titubaverit,
804 2599 847 2636 et
870 2591 1022 2635 timore
1040 2591 1205 2646 niortiS,
1221 2590 1329 2633 sicut
1343 2593 1429 2634 Do-
