1803 3250
275 214 329 241 DE
360 212 473 241 Ac‘ris
503 216 591 240 CUM
622 213 766 240 remen
798 211 1043 250 MAN1CHAE0‚
1079 216 1161 242 Lus.
1198 216 1244 242 11.
1370 207 1450 244 227

76 278 197 339 quod
227 279 348 324 vobis
383 280 606 340 objicitur,
641 278 758 322 unde
785 278 892 338 quid
924 280 1182 339 respondeas
1210 296 1297 325 non
1332 282 1457 327 inve·

76 349 254 404 mendo,
280 351 626 395 commemorasti
643 348 886 393 divinarum
913 350 1231 409 Scripturarum
1251 353 1456 412 capitula,

75 421 153 465 ubi
183 421 239 465 de
268 421 563 481 peccatoribus
588 420 754 464 dictum
784 428 863 475 est,
898 422 1000 480 quia
1034 437 1124 466 non
1157 424 1377 481 pertinent
1404 425 1460 469 ad

74 491 248 536 beatam
279 492 429 547 vitam,
465 506 598 551 quam
627 491 751 535 bonis
787 499 831 534 et
861 490 1064 536 fidelibus
1095 493 1229 537 donat
1252 497 1391 540 Deus:
1418 505 1462 541 et

74 563 148 607 has
168 563 288 608 velut
309 563 416 607 duas
437 572 613 606 naturas
635 562 770 621 accipi
793 561 993 617 voluisti,
1027 564 1268 608 secundum
1299 565 1459 612 delira-

72 642 218 677 menta
250 633 494 678 Manichaei.
533 632 698 677 Veritas
729 641 877 676 autem
909 632 1014 677 dicit
1046 634 1190 678 omnia
1227 635 1322 690 ista,
1359 653 1459 696 quae

73 704 270 748 videmus
291 714 332 748 et
351 720 448 764 quae
464 719 554 749 non
570 702 782 759 videmus,
807 720 907 764 quae
925 703 1180 749 naturaliter
1200 706 1458 764 subsistunt,

73 791 97 820 a
118 778 205 819 Deo
226 775 340 819 faeta
363 791 453 820 esse
471 795 480 821 ε
511 777 555 820 in
576 776 736 836 quibus
757 775 1010 820 rationalem
1038 785 1297 833 creaturam,
1330 780 1461 824 etiam

71 846 208 905 ipsam
231 846 406 902 factam,
431 848 520 891 sive
541 848 586 890 in
605 846 780 906 Angelis
802 847 890 891 sive
911 848 956 892 in
978 848 1231 893 hominibus
1250 851 1464 910 accepisse

71 915 259 961 liberum
283 917 536 974 arbitrium3
566 933 656 978 quo
684 918 823 964 libero
845 919 1021 964 arbitrio
1039 921 1073 964 si
1091 923 1180 965 Deo
1198 922 1355 966 servire
1371 923 1462 967 vel-

70 985 155 1045 let,
187 987 430 1032 secundum
458 987 731 1033 voluntatem
759 1005 807 1033 ac
829 989 969 1048 legem
992 992 1089 1044 Dei,
1128 991 1311 1036 haberet
1345 995 1462 1053 apud

70 1072 170 1103 eum
192 1066 398 1102 aeternam
416 1057 691 1104 felicitatem:
714 1060 748 1104 si
770 1069 915 1104 autem
934 1060 1019 1119 legi
1038 1062 1128 1120 ejus
1145 1062 1272 1106 subdi
1296 1063 1462 1109 noluis-

70 1137 152 1183 set,
183 1129 260 1173 sed
286 1137 498 1188 potestate
519 1145 596 1174 sua
617 1144 693 1174 usa
714 1139 866 1174 contra
893 1132 985 1190 ejus
1013 1130 1183 1175 fecisset
1208 1133 1458 1192 imperium,

69 1199 310 1244 secundum
338 1201 428 1260 ejus
449 1201 661 1260 justitiam
691 1215 835 1259 poenae
871 1200 1032 1246 debitae
1063 1202 1321 1262 subjaceret.
1358 1207 1462 1250 Haec

69 1271 383 1331 omnipotentia
406 1271 481 1315 Dei
503 1272 550 1315 in
571 1271 767 1316 creandis
789 1272 1008 1327 omnibus,
1029 1273 1122 1317 haec
1140 1274 1307 1333 justitia
1329 1276 1374 1319 in
1394 1292 1462 1320 re-

69 1342 349 1386 munerandis
371 1342 687 1402 peccatoribus.
707 1345 809 1387 Esse
832 1352 977 1387 autem
1001 1343 1188 1388 liberum
1212 1346 1457 1402 arbitrium,

69 1423 200 1473 atque
216 1413 319 1457 inde
336 1429 515 1472 peccare
536 1429 757 1474 quemque
778 1414 812 1458 si
833 1414 953 1470 velit,
974 1431 1064 1459 non
1083 1431 1261 1475 peccare
1279 1418 1312 1461 si
1330 1418 1456 1473 nolit,

67 1500 157 1530 non
178 1483 317 1529 solum
341 1485 386 1528 in
408 1484 565 1529 divinis
590 1485 836 1543 Scripturis,
864 1501 971 1545 quas
993 1501 1082 1530 non
1103 1485 1360 1546 intelligitis,
1385 1489 1459 1533 sed

67 1556 196 1600 etiam
216 1556 262 1600 in
285 1556 425 1600 verbis
446 1555 578 1615 ipsius
599 1555 831 1601 Manichaei
853 1557 983 1601 vestri
1005 1557 1159 1615 probo.
1179 1558 1457 1603 Circumclu-

67 1642 138 1671 sus
159 1627 274 1670 enim
295 1625 414 1670 videt
436 1626 676 1685 potentiam
696 1625 905 1681 veritatis,
937 1635 1088 1671 contra
1116 1643 1249 1687 quam
1277 1638 1458 1674 conatus

68 1696 210 1742 fuerat
230 1696 358 1741 aliam
375 1706 576 1742 naturam
594 1712 726 1757 quam
741 1712 831 1741 non
849 1696 953 1742 fecit
972 1700 1102 1752 Deus,
1124 1698 1331 1744 inducere
1347 1716 1455 1745 con-

63 1776 129 1812 tra
163 1771 316 1822 Deum⁷
353 1783 443 1811 non
475 1766 611 1811 solida
638 1767 836 1822 veritate,
872 1767 948 1812 sed
976 1768 1095 1812 inani
1117 1769 1450 1828 phantasmate:

64 1847 209 1883 tamen
231 1837 287 1882 ad
308 1836 608 1883 confitendum
630 1852 784 1881 verum
809 1835 864 1880 de
890 1836 1031 1882 libero
1053 1839 1255 1895 arbitrio,
1281 1840 1378 1900 plus
1408 1842 1454 1886 in

63 1925 114 1954 eo
131 1909 267 1954 valuit
288 1919 445 1954 natura
466 1910 658 1953 humana
680 1908 726 1952 in
747 1923 836 1967 qua
863 1923 964 1953 eum
992 1912 1106 1954 Deus
1133 1910 1296 1967 effecit,
1320 1928 1453 1972 quam

61 1981 209 2027 fabula
226 1980 430 2039 sacrilega
447 1996 578 2041 quam
597 1980 680 2024 sibi
697 1981 788 2040 ipse
804 1980 1029 2025 confinxit.

122 2055 198 2097 IV.
234 2051 350 2097 Audi
370 2066 474 2110 ergo
495 2050 550 2096 de
566 2049 704 2096 libero
725 2051 929 2107 arbitrio,
961 2051 1103 2111 primo
1130 2052 1274 2112 ipsum
1303 2057 1452 2100 Domi-

60 2138 185 2179 num,
204 2123 282 2168 ubi
303 2123 412 2167 duas
429 2123 604 2167 arbores
624 2131 954 2177 commemorat,
974 2138 1160 2182 quarum
1182 2125 1451 2173 mentionem

59 2195 150 2254 ipse
171 2193 334 2239 fecisti:
359 2192 462 2238 audi
491 2191 732 2237 dicentem:
757 2211 777 2235 «
797 2196 886 2238 Aut
907 2193 1035 2238 facite
1064 2193 1263 2239 arborem
1286 2196 1449 2244 bonam

62 2284 82 2308 »
117 2274 161 2310 et
181 2264 375 2309 fructum
395 2265 486 2324 ejus
509 2264 698 2318 bonum,
734 2273 810 2308 aut
836 2263 965 2309 facite
994 2266 1194 2310 arborem
1222 2267 1381 2313 malam
1404 2281 1447 2316 et

62 2355 82 2378 »
118 2335 311 2381 fructum
325 2336 415 2395 ejus
433 2334 638 2379 malum1.
655 2353 675 2376 »
692 2336 804 2380 Cum
823 2350 926 2394 ergo
943 2336 1048 2380 dicit
1067 2354 1075 2381 :
1096 2339 1185 2381 Aut
1201 2338 1284 2382 hoc
1296 2337 1442 2398 facite,

59 2415 136 2451 aut
156 2405 265 2450 illud
288 2404 444 2450 facite:
470 2413 727 2464 potestatem
746 2404 925 2461 indicat,
951 2421 1041 2450 non
1062 2416 1280 2453 naturam.
1310 2413 1446 2458 Nemo

59 2477 177 2523 enim
204 2475 286 2521 nisi
304 2479 419 2521 Deus
447 2473 590 2521 facere
618 2474 817 2520 arborem
846 2484 1018 2536 potest:
1044 2475 1120 2521 sed
1142 2476 1276 2525 habet
1307 2496 1443 2528 unus-

108 2567 120 2584 ·
144 2559 266 2595 matth.
286 2570 354 2603 im,
372 2559 426 2593 33.
1193 2614 1240 2655 15
