1803 3250
342 162 425 204 206
774 169 807 200 s.
845 169 1077 203 Aut-,usum
1109 174 1291 203 Erlscol’l

341 240 397 284 Ut
427 236 669 280 secundum
702 244 827 281 tuum
860 239 1132 285 intellectum
1155 239 1364 299 accipiam
1397 239 1518 299 quod
1549 240 1724 286 dixisti:

339 306 561 354 Recedent
587 323 610 351 a
634 307 721 352 side
745 329 754 354 ;
779 311 881 370 quia
911 328 998 356 non
1032 312 1243 356 recedunt
1264 328 1286 356 a
1311 310 1396 355 side
1414 346 1425 366 ‚
1456 311 1535 355 nisi
1563 311 1621 355 illi
1653 311 1730 372 qui

335 379 583 424 fueruntin
605 379 750 441 aliqua
782 383 900 442 fide,
929 386 1194 430 Manichacus
1231 394 1376 429 autem
1411 384 1456 427 in
1490 383 1609 427 nulla
1644 384 1730 428 fide

336 449 422 496 suit
444 467 467 496 a
490 468 577 512 qua
600 456 841 510 recesserit,
870 458 944 500 sed
967 457 1010 501 in
1034 474 1120 518 qua
1138 456 1219 501 fuit
1238 457 1282 501 in
1301 473 1346 501 ea
1365 457 1626 516 permansit:
1649 457 1731 500 hoc

337 532 379 568 te
401 523 639 584 interrogo,
670 535 819 571 utrum
841 529 1125 584 Manichaeus,
1151 529 1220 573 vel
1244 530 1384 588 potins
1409 528 1608 573 doctrina
1636 527 1731 571 dae-

335 596 583 641 moniorum
599 598 1031 660 mendaciloquorum
1046 617 1144 661 quae
1159 600 1242 645 fuit
1253 601 1296 643 in
1307 601 1566 652 Manichaeo,
1582 597 1727 643 nullos

335 667 605 713 Christianos
627 669 863 715 catholicos
885 671 1124 726 seduxerit,
1149 680 1197 714 ut
1219 670 1472 715 recederent
1492 686 1514 714 a
1539 669 1657 714 side?
1689 668 1731 714 Si

336 740 453 784 enim
478 739 606 785 multi
639 757 662 786 a
693 742 839 796 vobis,
875 751 918 786 et
941 758 1016 801 per
1042 758 1144 796 vos,
1171 751 1214 785 et
1238 757 1314 800 per
1343 741 1462 786 illam
1486 741 1732 786 doctrinam

335 811 624 868 seducuntur,
651 822 699 857 ut
723 811 927 857 recedant
945 829 968 856 a
991 811 1093 867 fide,
1120 822 1163 856 et
1184 812 1415 856 intendant
1434 813 1656 871 spiritibus
1669 827 1736 855 se-

334 882 612 939 ductoribus,
647 884 786 944 qualis
810 885 854 928 in
883 885 1126 929 Manichaeo
1149 883 1256 941 tuit,
1288 894 1331 928 et
1354 884 1564 942 incipiant
1586 883 1732 927 dicere

335 970 513 999 omnem
549 956 837 999 concubitum
855 971 946 1000 esse
968 954 1302 1001 fornicationem
1318 990 1328 1009 ‚
1361 953 1479 999 unde
1499 953 1735 1014 Apostolus

338 1025 444 1070 dicit
463 1020 479 1071 ε’
502 1025 786 1072 prohibentes
822 1027 1020 1087 nuptias,
1056 1037 1099 1072 et
1133 1026 1343 1087 incipiant
1376 1025 1548 1080 dicere,
1585 1039 1736 1070 carnes

337 1112 446 1156 quas
474 1096 713 1141 comedunt
741 1099 939 1144 homines
959 1135 969 1153 ,
1006 1115 1094 1143 non
1124 1115 1214 1144 esse
1248 1098 1322 1143 Dei
1357 1107 1599 1142 creaturam
1618 1133 1628 1152 ,
1659 1094 1737 1140 sed

337 1166 591 1213 doemonum
614 1168 829 1212 facturam
848 1204 859 1224 ,
892 1180 932 1213 et
964 1187 1054 1214 esse
1082 1170 1430 1224 immunditiam,
1460 1168 1738 1213 manifestum
1778 1171 1779 1175 ’

340 1248 405 1284 est
436 1240 492 1284 de
524 1239 592 1284 his
626 1239 873 1299 praedixisse
911 1240 1121 1299 Spiritum
1141 1251 1338 1286 sanctum
1365 1240 1639 1286 Paracletum
1664 1238 1740 1300 qui

339 1321 431 1355 erat
455 1311 501 1354 in
525 1310 722 1371 apostolo
747 1311 904 1366 Paulo,
941 1311 1062 1372 quod
1092 1313 1299 1357 recessuri
1333 1322 1458 1356 erant
1485 1328 1508 1355 a
1528 1311 1642 1365 fide,
1672 1309 1741 1354 in-

339 1380 569 1427 tendentes
607 1383 828 1443 spiritibus
858 1384 1162 1428 seductoribus
1184 1419 1194 1439 ,
1235 1383 1377 1444 qualis
1410 1382 1492 1426 fuit
1523 1382 1568 1426 in
1606 1380 1742 1426 Mani-

340 1454 481 1499 chaeo.
513 1456 612 1498 Jam
639 1470 720 1513 ego
750 1455 853 1515 quia
876 1454 1102 1514 respondi,
1130 1456 1299 1515 justum
1322 1464 1386 1500 est
1411 1464 1459 1498 ut
1484 1463 1531 1498 tu
1554 1468 1737 1513 respon-

341 1524 442 1569 deas
485 1525 539 1569 ad
575 1526 696 1585 quod
739 1526 999 1585 interrogavi
1025 1561 1036 1582 ,
1083 1535 1231 1570 utrum
1276 1542 1366 1571 non
1408 1526 1528 1570 dicas
1562 1540 1741 1570 omnem

341 1596 629 1641 concubitum
659 1612 748 1641 esse
780 1596 1114 1642 fornicationem
1143 1616 1151 1643 z
1177 1606 1253 1642 aut
1285 1597 1319 1642 si
1353 1597 1407 1641 ad
1439 1598 1523 1642 hoc
1558 1613 1647 1642 non
1679 1597 1743 1641 vis

340 1668 621 1728 respondere,
646 1668 766 1713 adid
793 1669 915 1730 quod
946 1670 1083 1727 primo
1115 1670 1380 1728 interrogavi
1414 1670 1659 1729 responde,
1694 1677 1744 1713 ut

342 1740 802 1800 probesManichaeum
813 1756 904 1786 esse
918 1741 1164 1801 apostolum
1175 1741 1335 1787 Christi
1350 1751 1445 1787 :aut
1459 1742 1491 1785 si
1505 1751 1547 1785 et
1560 1742 1644 1785 hoc
1656 1755 1745 1784 non

343 1811 430 1867 vis,
456 1811 659 1871 permitte
683 1827 751 1855 me
769 1827 979 1856 evacuare
996 1811 1240 1857 doctrinam
1261 1814 1408 1872 ipsius,
1429 1811 1551 1873 quod
1570 1810 1745 1870 promisi

343 1898 446 1928 cum
473 1883 694 1942 legeretur
724 1884 906 1944 epistola
929 1886 1019 1945 ejus
1036 1919 1046 1939 ,
1074 1901 1208 1945 quam
1230 1884 1371 1929 dicitis
1396 1883 1710 1928 Fundamenti.

407 1957 485 2000 IX.
507 1958 613 2000 Ρη.
635 1955 742 2000 dixit
764 1975 772 2001 :
802 1976 822 1998 «
841 1959 933 2014 Ego
952 1955 1195 2016 respondeo
1213 1956 1269 2000 ad
1286 1956 1329 2000 id
1346 1955 1466 2017 quod
1485 1955 1591 2000 dicit
1609 1957 1744 2000 Sanc-

345 2026 444 2071 titas
456 2028 564 2083 Tua,
585 2027 744 2087 quiain
764 2027 900 2072 Paulo
922 2029 1043 2073 venit
1058 2028 1242 2088 Spiritus
1256 2037 1430 2074 sanctus
1443 2027 1706 2074 Paracletus.
1722 2043 1743 2068 »

407 2100 522 2143 Aua.
560 2096 668 2142 dixit
692 2117 700 2143 :
726 2101 823 2143 Non
843 2099 888 2143 in
911 2099 1019 2143 solo.

408 2172 516 2216 Fm..
551 2168 659 2215 dixit
687 2189 696 2215 :
727 2173 855 2230 «Ego
876 2171 931 2215 de
952 2172 1046 2230 ipso
1076 2187 1158 2231 ago
1191 2190 1200 2217 ε
1230 2172 1334 2232 quia
1362 2171 1395 2215 si
1422 2171 1467 2215 in
1497 2170 1612 2229 ipso,
1635 2178 1678 2213 et
1700 2168 1747 2212 in

350 2256 517 2287 omnes.
539 2244 597 2287 Et
617 2242 652 2287 si
669 2242 714 2286 in
731 2242 824 2302 ipso
846 2261 856 2288 ε
882 2241 1042 2288 Paulus
1063 2243 1178 2287 enim
1197 2243 1241 2287 in
1255 2243 1388 2287 altera
1407 2240 1601 2302 Epistola
1620 2239 1745 2284 dicit:

351 2314 419 2357 Ex
442 2322 563 2372 parte
589 2314 768 2369 scimus,
802 2323 846 2359 et
867 2329 918 2358 ex
940 2325 1062 2374 parte
1088 2315 1429 2374 prophetamus:
1455 2329 1555 2359 cum
1583 2310 1750 2353 venerit

353 2393 503 2427 autem
524 2385 645 2442 quod
668 2384 910 2442 perfectum
929 2395 1014 2435 est.
1037 2385 1334 2427 abolebuntur
1360 2396 1409 2425 ea
1432 2397 1531 2441 quae
1555 2396 1605 2424 ex
1627 2389 1748 2439 parte

354 2451 473 2499 dicta
494 2455 630 2498 sunt¹.
645 2455 731 2500 Nos
749 2450 975 2498 audientes
996 2451 1181 2498 Paulum
1198 2451 1281 2497 hoc
1298 2451 1459 2508 dicere,
1477 2451 1597 2498 venit
1609 2450 1750 2497 mani-

405 2550 420 2573 ι
445 2541 519 2574 Cor·
539 2549 561 2581 1,
579 2549 612 2581 9.
