1803 3250
384 228 549 258 CONTRA
583 229 798 266 FAUsTUM‚
833 228 916 256 Lm.
953 229 1094 256 xxxn.
1363 216 1443 253 179

67 303 110 340 et
140 296 242 340 hinc
266 310 289 339 a
317 296 405 340 fide
437 295 650 341 catholica
685 293 943 349 deviarunt,
979 301 1185 338 conantes
1215 291 1446 352 prohibere

64 365 186 426 quod
212 366 373 412 Paulus
394 364 619 421 concessit,
636 373 679 409 et
693 363 900 408 damnare
921 364 1130 408 secundas
1150 363 1323 423 nuptias
1339 377 1447 423 quas

64 435 137 479 ille
154 437 370 495 permissit
385 457 397 494 ς
421 437 502 481 sub
519 436 585 480 his
601 435 743 479 verbis
757 433 1021 487 insidiantes,
1040 436 1142 494 quia
1160 435 1367 494 scriptum
1386 442 1449 478 est

64 505 120 551 de
132 507 384 552 Paracleto:
412 524 433 549 «
454 509 550 565 Ipse
574 521 650 551 vos
674 504 854 550 inducet
868 505 914 548 in
933 520 1108 549 omnem
1129 506 1380 550 veritatem1
1400 524 1409 550 2
1426 524 1444 546 »

63 578 188 637 quasi
217 576 419 623 videlicet
448 592 539 622 non
573 591 748 622 omnem
782 576 1007 620 veritatem
1039 575 1200 620 Paulus
1231 585 1275 621 et
1303 576 1447 620 caeteri

62 647 258 708 Apostoli
279 647 528 694 docuissent
542 683 553 703 ‚
582 663 633 692 ac
650 647 798 693 locum
820 647 1200 706 cataphrygarum
1224 647 1448 692 Paracleto

64 729 364 765 reservassent.
390 720 459 765 Ad
478 720 562 765 hoc
583 728 627 764 et
646 719 759 764 illud
782 727 1020 774 traxerunt,
1041 718 1162 779 quod
1180 718 1339 763 Paulus
1361 720 1446 764 ait:

66 809 87 832 »
112 793 177 835 Ex
199 800 320 850 parte
342 791 459 835 enim
483 791 666 846 scimus,
692 799 735 835 et
756 805 807 834 ex
835 799 957 850 parte
979 790 1317 850 prophetamus3
1350 804 1448 833 cum

69 880 86 902 »
112 870 259 906 autem
288 861 455 906 venerit
481 861 602 921 quod
624 861 869 921 perfectum
892 870 981 916 est,
1006 861 1128 921 quod
1157 876 1207 905 ex
1236 870 1359 920 parte
1388 869 1453 904 est

66 949 86 972 »
107 932 414 977 evacuabitur²
434 951 444 978 ς
468 950 487 973 »
513 942 562 977 ut
580 931 743 977 scilicet
765 948 816 977 ex
831 941 953 991 parte
968 932 1106 977 sciens
1123 941 1169 976 et
1186 933 1450 991 prophetans

63 1002 297 1061 Apostolus
318 1003 502 1049 dixerit:
528 1004 691 1058 «Quod
713 1003 808 1048 vult
829 1002 961 1047 faciat
976 1038 986 1058 ,
1021 1019 1111 1048 non
1134 1012 1286 1062 peccat
1307 1003 1342 1047 si
1364 1018 1451 1046 nu-

66 1092 86 1116 »
107 1074 211 1118 bat3
239 1093 250 1120 ι
273 1084 317 1120 et
343 1075 442 1120 ideo
471 1076 717 1134 perfectum
752 1074 965 1119 Paracleti
1001 1076 1203 1133 Phrygiae
1232 1076 1317 1119 hoc
1349 1090 1449 1119 eva-

62 1145 268 1190 cuaverit.
293 1144 361 1189 Ad
383 1146 478 1189 haec
498 1160 601 1189 cum
617 1146 676 1189 eis
695 1144 862 1189 dictum
886 1144 1035 1198 fuerit,
1061 1144 1182 1204 quod
1199 1145 1285 1189 sint
1298 1145 1451 1189 Eccle-

59 1215 134 1259 siae
155 1224 278 1261 tanto
305 1224 406 1260 ante
428 1216 649 1274 promissae
679 1223 723 1260 et
752 1223 846 1260 toto
872 1215 979 1259 orbe
1001 1214 1175 1260 diffusae
1196 1217 1453 1261 auctoritate

63 1284 280 1345 damnati3
303 1286 585 1347 respondent,
610 1287 712 1331 hinc
734 1286 863 1331 etiam
885 1287 931 1330 in
953 1302 997 1330 se
1015 1286 1126 1331 illud
1149 1302 1239 1332 esse
1266 1288 1447 1347 comple·

63 1366 174 1414 tum,
200 1357 322 1419 quod
341 1357 397 1403 de
419 1358 645 1403 Paracleto
675 1356 843 1402 dictum
866 1366 953 1413 est,
978 1357 1100 1417 quod
1130 1358 1321 1403 mundus
1355 1374 1455 1403 eum

62 1430 257 1489 accipere
267 1445 358 1475 non
369 1430 714 1490 potest4.Nonne
730 1429 811 1474 ista
825 1438 942 1485 sunt,
960 1445 1059 1490 quae
1070 1429 1200 1475 etiam
1216 1446 1293 1476 vos
1311 1431 1455 1475 dicere

61 1500 232 1546 soletis:
262 1519 283 1544 «
301 1503 399 1561 Ipse
434 1516 509 1546 vos
542 1492 723 1546 inducet
758 1501 803 1545 in
832 1516 1009 1546 omnem
1039 1501 1295 1547 veritatem:
1325 1521 1343 1544 »
1379 1511 1450 1558 et,

65 1590 85 1613 «
108 1573 221 1618 Cum
243 1572 412 1616 venerit
423 1572 546 1632 quod
559 1571 803 1631 perfectum
825 1582 905 1628 est,
930 1571 1051 1632 quod
1068 1587 1118 1618 ex
1135 1583 1257 1633 parte
1273 1582 1337 1618 est
1351 1589 1453 1619 cva-

68 1663 86 1685 »
112 1643 342 1688 cuabitur:
362 1661 384 1685 »
408 1652 473 1699 et,
510 1643 745 1690 «Mundus
768 1659 870 1688 eum
901 1644 1098 1704 accipere
1125 1660 1215 1690 non
1237 1654 1380 1704 potest
1395 1681 1406 1700 ⁷
1428 1663 1449 1687 »

63 1714 119 1759 de
150 1724 295 1760 vestro
325 1715 570 1760 Manichaeo
601 1731 692 1761 esse
724 1716 1021 1775 praedictum?
1048 1718 1104 1760 Et
1138 1733 1239 1776 quae
1277 1717 1451 1761 tandem

62 1787 220 1846 poterit
234 1787 405 1831 haeresis
425 1787 580 1831 exoriri
601 1787 683 1832 sub
703 1787 909 1832 Paracleti
928 1788 1120 1842 nomine,
1139 1804 1239 1848 quae
1254 1804 1343 1833 non
1357 1790 1451 1834 haec

64 1857 210 1902 omnia
231 1857 515 1903 verisimiliter
537 1857 617 1902 sibi
639 1857 798 1902 audeat
818 1867 1020 1917 coaptare
1040 1860 1056 1900 ⁴?
1088 1860 1314 1919 Numquid
1335 1861 1451 1904 enim

64 1937 127 1973 est
148 1928 336 1984 haeresis,
352 1943 461 1988 ‚quae
481 1943 572 1973 non
592 1928 819 1973 veritatem
840 1944 884 1973 se
905 1929 1119 1984 nominet,
1145 1939 1187 1974 et
1207 1940 1373 1990 quanto
1389 1939 1452 1975 est

64 1998 313 2058 superbior,
338 2007 462 2044 tanto
483 1999 621 2059 magis
642 2015 686 2044 se
708 2000 837 2044 etiam
859 1998 1098 2059 perfectam
1122 2002 1318 2045 nominet
1339 2002 1453 2046 veri-

67 2079 223 2128 tatem3
246 2079 297 2115 ut
313 2080 356 2115 et
376 2071 422 2115 in
441 2086 616 2116 omnem
633 2072 859 2117 veritatem
882 2087 926 2115 se
942 2071 1201 2131 polliceatur
1222 2074 1447 2129 inducere,

66 2150 110 2186 et
135 2142 378 2186 doctrinam
405 2142 716 2202 Apostolorum
743 2158 823 2187 suo
845 2143 980 2187 errori
1010 2145 1295 2199 contrariam,
1328 2145 1450 2204 quasi

67 2227 144 2272 per
158 2212 279 2258 illam
300 2213 469 2258 venerit
488 2213 610 2274 quod
637 2212 882 2273 perfectum
904 2222 983 2268 est,
1007 2229 1215 2258 evacuere
1237 2217 1452 2259 conetur?

67 2286 125 2328 Et
144 2285 352 2344 quoniam
378 2293 499 2330 tenet
519 2284 726 2341 Ecclesia,
752 2285 874 2346 quod
901 2286 1195 2330 vehementius
1218 2287 1451 2345 Apostolus

67 2353 388 2400 commendavit
408 2374 418 2400 ε
442 2356 626 2415 «Siquis
637 2354 760 2402 vobis
778 2354 1133 2415 evangelizaverit
1145 2366 1302 2416 praeter
1318 2373 1451 2417 quam

72 2443 92 2467 n
114 2426 237 2486 quod
266 2426 485 2486 accepistis
501 2461 512 2482 ,
546 2428 777 2472 anathema
807 2428 861 2472 sit
877 2429 918 2485 ⁵3
942 2446 962 2469 »
989 2443 1090 2472 cum
1119 2430 1303 2488 coeperit
1329 2428 1450 2474 aliud

118 2534 127 2551 ¹
155 2529 247 2562 Joan.
264 2539 331 2567 xvi,
362 2529 414 2561 13.
430 2545 470 2552 —
488 2535 501 2551 2
524 2540 536 2562 1
563 2531 636 2563 Cor.
658 2540 734 2572 xm,
751 2541 783 2572 9·
809 2547 849 2553 —
866 2527 881 2551 3
899 2538 919 2562 2
937 2532 1009 2563 Cor.
1030 2541 1086 2571 vn,
1107 2531 1159 2564 36.
1182 2530 1251 2562 1—1‘0
1272 2535 1362 2565 Joan.
1384 2542 1450 2572 xiv,

74 2590 121 2617 17·
137 2581 207 2607 -5
227 2582 297 2617 Gal.
317 2594 343 2626 1,
365 2585 401 2617 8.

1171 2640 1218 2677 ,lq

1198 2669 1231 2678 -ιι
