1803 3250
435 241 596 270 CONTRA
631 240 844 277 mus‘rmr,
880 241 961 267 Lm.
999 242 1108 268 xxii.
1411 231 1464 268 23

82 308 127 351 in
150 307 294 350 fauces
314 308 500 367 pcccati,
528 314 676 365 postea
700 304 877 348 damnet
900 306 942 348 in
962 306 1124 364 globo?
1145 305 1274 359 Quod
1289 306 1466 366 quidem

83 392 185 421 cum
207 376 337 421 faciet
354 413 364 431 ,
396 386 446 421 ut
481 376 621 419 dicitis
637 411 647 429 ,
683 376 788 419 iram
814 390 902 418 non
927 376 1120 419 habebit.
1156 375 1239 420 Sed
1262 376 1411 430 miror,
1435 378 1466 420 si

83 448 270 492 frontem
294 447 475 492 habebit
499 444 726 490 inferendo
749 446 794 488 in
818 461 888 489 eos
908 446 1030 505 quasi
1051 446 1305 501 vindictam,
1327 463 1349 491 a
1368 448 1468 507 qui-

84 519 163 563 bus
186 527 334 578 petere
351 518 531 562 deberet
554 518 740 571 veniam,
761 526 803 561 et
820 515 963 561 dicere
985 536 994 561 ι
1012 516 1219 571 Obsecro,
1242 518 1467 575 ignoscite,

82 590 276 632 membra
295 603 390 632 mea
408 587 716 648 estiszquando
739 603 819 645 ego
837 587 881 630 in
901 602 975 631 vos
997 586 1114 631 istud
1135 587 1214 630 nisi
1232 588 1370 632 victus
1393 604 1472 631 ne-

80 660 276 704 cessitate
302 659 445 704 facere
463 675 630 719 possem
647 661 664 701 ?
688 659 812 704 Scitis
832 668 874 703 et
896 674 971 704 vos
988 694 998 714 ,
1024 658 1144 719 quod
1163 670 1269 704 tunc
1294 660 1472 719 quando

79 746 155 775 vos
183 731 270 774 huc
303 730 430 785 misi,
468 729 711 775 horrendus
738 730 873 774 hostis
904 739 1133 789 eruperat,
1165 730 1287 790 quod
1325 739 1472 775 autem

79 816 197 844 nunc
219 815 298 844 voc
320 800 390 844 hic
411 800 531 859 illigo
547 835 558 854 ‚
585 800 716 844 timeo
738 816 793 844 ne
816 816 964 844 rursus
987 810 1202 860 erumpat.

137 873 234 915 Jam
273 881 390 915 certe
426 872 556 915 etiam
597 870 707 915 illud
745 870 970 927 fatemini,
1015 871 1154 916 multo
1191 870 1348 916 melius
1385 886 1474 916 esse

79 942 308 986 hominum
332 941 467 986 millia
496 942 552 986 ol)
583 942 751 987 nullam
773 942 844 986 vel
875 942 1014 987 levem
1048 943 1222 1002 culpam
1244 942 1474 1003 temporali

78 1023 219 1056 morte
252 1013 518 1067 interficere,
554 1030 687 1073 quam
721 1014 915 1057 membra
947 1029 1049 1069 sua,
1087 1014 1133 1058 id
1156 1023 1240 1069 est,
1277 1014 1473 1059 membra

82 1082 184 1136 Dei,
210 1083 495 1126 substantiam
521 1083 618 1137 Dei,
650 1092 693 1126 et
722 1082 849 1141 plane
882 1087 1019 1127 Deum
1058 1092 1101 1127 et
1138 1084 1184 1127 in
1207 1085 1374 1143 peccati
1395 1100 1474 1129 vo-

80 1155 272 1212 raginem
295 1153 488 1208 tradere,
515 1163 557 1197 et
580 1169 724 1213 poenae
747 1156 1023 1214 sempiternae
1053 1154 1329 1214 colligatione
1351 1157 1474 1200 dam-

79 1241 198 1269 nare.
228 1226 271 1270 Si
304 1226 419 1269 enim
445 1235 553 1269 esset
575 1226 658 1269 illis
677 1226 884 1270 membris
918 1229 1127 1286 peccandi
1158 1228 1227 1272 vel
1253 1244 1341 1273 non
1373 1245 1474 1288 pec-

78 1297 205 1342 candi
248 1296 435 1341 liberum
483 1297 711 1341 arbitrium
752 1317 759 1339 t
800 1300 1096 1358 (Quanquam
1139 1299 1193 1343 de
1236 1300 1474 1345 substantia

78 1369 181 1423 Dei,
212 1384 311 1429 quae
343 1384 443 1413 vere
480 1369 717 1413 substantia
755 1371 831 1413 Dei
862 1381 950 1424 est,
988 1386 1036 1415 ac
1076 1386 1154 1430 per
1187 1372 1271 1416 hoc
1296 1372 1476 1417 omnino

77 1439 444 1484 incommutabilis
461 1475 472 1493 ‚
498 1439 872 1500 quemadmodum
897 1442 981 1485 hoc
1006 1441 1178 1486 dicatur
1197 1477 1207 1496 ,
1239 1458 1328 1486 non
1350 1443 1475 1487 inve-

78 1511 241 1555 nitur1.
268 1514 382 1555 Deus
404 1511 519 1555 enim
543 1512 723 1556 omnino
746 1526 926 1571 peccare
955 1528 1043 1556 non
1074 1521 1237 1572 potest,
1263 1513 1373 1558 sicut
1395 1529 1475 1558 ne-

79 1596 179 1640 gare
201 1597 245 1626 se
275 1582 419 1642 ipsum
443 1597 532 1626 non
555 1591 698 1642 potest
726 1603 734 1628 :
761 1583 892 1627 homo
915 1592 1060 1627 autem
1095 1593 1238 1643 potest
1267 1600 1472 1644 peccare,

79 1662 122 1697 et
148 1655 285 1697 Deum
309 1668 488 1711 negare,
522 1652 597 1697 sed
627 1653 659 1697 si
688 1653 825 1707 nolit,
863 1670 951 1698 non
980 1654 1112 1699 facit:
1134 1657 1151 1712 )
1176 1655 1218 1699 Si
1253 1671 1355 1713 ergo
1387 1657 1477 1700 istis

79 1724 284 1767 membris
310 1723 379 1767 dei
401 1724 558 1778 vestri,
590 1723 711 1767 velut
741 1725 895 1768 animae
930 1725 1134 1769 humanae
1163 1741 1212 1769 ac
1244 1725 1472 1780 rationali,

80 1803 210 1849 esset,
235 1803 284 1839 ut
306 1793 417 1849 dixi,
445 1792 654 1853 peccandi
677 1793 745 1838 vel
767 1811 856 1839 non
878 1794 1087 1854 peccandi
1111 1794 1299 1840 liberum
1325 1797 1477 1841 volun-

82 1865 178 1909 tatis
197 1865 441 1919 arbitrium,
462 1873 578 1909 recte
593 1863 774 1909 fortasse
800 1881 879 1925 pro
898 1866 1102 1924 gravibus
1121 1867 1377 1912 criminibus
1399 1867 1476 1914 illo

81 1936 202 1996 globi
223 1935 437 1996 supplicio
465 1935 760 1996 plecterentur
780 1957 787 1981 :
818 1953 936 1981 nunc
960 1946 1103 1981 autem
1129 1937 1371 1983 libertatem
1395 1955 1475 1985 vo-

80 2007 262 2052 luntatis
276 2007 369 2052 illas
383 2007 615 2068 particulas
630 2008 847 2063 habuisse,
868 2008 1011 2052 dicere
1024 2024 1112 2052 non
1131 2011 1324 2068 potestis,
1343 2027 1475 2070 quam

80 2089 198 2124 totus
229 2080 337 2124 deus
368 2081 458 2139 ipse
493 2095 582 2124 non
612 2080 768 2124 habuit
791 2100 798 2125 ;
825 2081 926 2141 quia
955 2081 988 2124 si
1023 2096 1092 2124 eas
1123 2097 1211 2125 non
1235 2082 1409 2126 miteret
1432 2084 1474 2127 in

81 2160 326 2210 peccatum,
351 2160 469 2195 totus
492 2167 512 2194 a
539 2151 817 2195 tenebrarum
837 2162 963 2209 gente
980 2167 1184 2211 pervasus
1203 2167 1383 2211 peccare
1401 2169 1477 2198 co-

81 2230 281 2280 geretur:
307 2221 426 2281 quod
449 2221 481 2265 si
505 2222 599 2279 cogi
622 2237 711 2266 non
734 2232 923 2282 possent,
949 2223 1167 2282 peccavit,
1194 2238 1293 2267 curn
1324 2239 1393 2268 eas
1424 2240 1474 2268 eo

82 2293 196 2337 misit
218 2293 293 2336 ubi
316 2294 409 2350 cogi
432 2302 605 2352 possent
626 2314 636 2350 3
661 2303 703 2337 et
724 2292 822 2337 ideo
847 2294 980 2351 magis
994 2295 1083 2353 ipse
1100 2293 1176 2338 illo
1193 2295 1315 2339 velut
1333 2297 1475 2354 parri-

83 2363 212 2408 cidali
234 2363 360 2407 culco
392 2363 564 2422 dignus,
602 2364 678 2424 qui
707 2365 790 2409 hoc
812 2364 914 2408 fecit
937 2364 1075 2409 libero
1103 2366 1285 2425 imperio
1306 2401 1316 2420 ,
1342 2382 1473 2426 quam

82 2434 169 2478 illae
191 2450 291 2494 quae
314 2434 660 2494 obtemperando
678 2434 782 2479 illuc
801 2437 961 2490 ierunt,
983 2436 1058 2479 ubi
1077 2446 1193 2481 recte
1212 2437 1386 2481 vivendi
1405 2453 1474 2481 ar-

84 2505 260 2549 bitrium
286 2505 472 2549 liberum
495 2505 796 2565 perdiderunt.
826 2506 868 2551 Si
892 2516 1034 2551 autem
1060 2506 1112 2551 ad
1138 2508 1407 2566 peccandum
1431 2518 1473 2552 et

140 2596 147 2611 ¹
169 2600 186 2620 2
211 2589 292 2620 Tim.
314 2601 353 2625 ιι,
378 2590 426 2621 13.
