1803 3250
302 242 384 282 472
733 251 765 279 s.
802 252 1031 279 Aucus'rml
1066 251 1244 277 Emscom

301 323 431 380 piens.
455 322 614 362 Verum
631 319 922 376 siquaeramus
942 337 949 362 ;
975 317 1078 370 Quis
1100 325 1161 359 est
1179 314 1252 358 ille
1271 315 1348 374 qui
1372 329 1471 358 cum
1490 313 1687 357 informa

304 395 373 433 Dei
397 399 499 431 essct
516 424 526 440 ,
554 403 640 431 uon
667 389 858 446 rapinam
887 388 1116 431 arbitratus
1146 394 1209 428 cst
1233 400 1322 428 esse
1355 383 1534 444 aequalis
1568 384 1688 426 Deo?

301 457 599 516 Respondetur
622 458 746 501 nobis
771 472 875 501 voce
899 455 1162 515 Apostolica‚
1189 456 1386 499 Christus
1403 456 1545 498 Jesus.
1575 455 1689 510 Ergo

296 539 338 573 et
358 529 428 572 illa
451 528 650 572 divinitas
669 529 796 588 hujus
825 528 1104 572 humanitatis
1128 542 1285 571 nomeu
1315 527 1494 584 accepit.
1528 527 1635 568 Item
1657 523 1690 566 si

296 615 557 660 quaeramus,
579 599 785 652 Quisnam
807 600 860 643 sit
873 599 1014 644 factus
1033 597 1242 643 obediens
1260 612 1399 656 usque
1417 595 1470 639 ad
1486 603 1687 649 mortem,

296 680 479 714 mortem
514 680 659 714 autem
688 671 859 714 crucis?
884 670 1137 713 Rectissime
1166 667 1455 725 respondetur
1477 686 1484 709 :
1515 665 1592 709 lllc
1615 665 1691 725 qui

295 755 395 786 cum
418 742 462 784 in
485 740 625 785 forma
654 741 729 784 Dei
752 749 861 785 esset
880 775 891 794 ,
917 755 1005 783 non
1030 739 1227 797 rapinam
1250 739 1485 781 arbitratus
1514 746 1577 780 est
1599 751 1690 780 esse

295 812 473 871 aequalis
498 815 600 855 Deo.
630 814 743 867 Ergo
763 819 805 852 et
828 810 906 853 ista
936 809 1186 852 humanitas
1208 807 1323 852 illius
1346 807 1583 851 divinitatis
1609 822 1691 850 no·-

295 899 393 925 mon
416 883 595 939 accepit.
622 884 814 939 Apparet
838 888 985 922 tamen
1009 878 1124 921 idem
1149 879 1239 937 ipse
1261 878 1483 931 Christus,
1509 877 1692 935 geminae

296 954 410 1010 gigas
447 952 728 1004 substantiae,
762 949 1006 994 secundum
1040 949 1148 1007 quid
1183 948 1418 1000 obediens,
1445 947 1689 991 secundum

294 1022 400 1082 quid
425 1022 604 1081 aequalis
630 1024 740 1077 Deo,
766 1019 1009 1064 secundum
1028 1017 1135 1078 quid
1155 1019 1291 1062 Filius
1313 1019 1520 1073 hominis,
1544 1033 1694 1062 secun-

296 1092 400 1135 dum
425 1092 531 1151 quid
558 1090 693 1134 Filius
720 1091 793 1134 Dei
816 1110 824 1134 :
851 1089 1093 1134 secundum
1113 1089 1220 1148 quid
1235 1088 1350 1132 dicat
1372 1104 1380 1128 :
1413 1107 1431 1129 «
1456 1091 1580 1132 Pater
1605 1102 1695 1131 ma-

299 1181 318 1203 »
337 1164 406 1219 jor
436 1177 504 1204 me
542 1164 633 1204 est¹
657 1181 664 1204 2
687 1179 705 1201 »
745 1160 987 1204 secundum
1014 1158 1146 1218 quid,
1178 1177 1197 1199 «
1220 1161 1312 1217 Ego
1335 1167 1376 1201 et
1401 1161 1527 1202 Pater
1550 1173 1694 1201 unum

299 1251 317 1271 η
345 1235 497 1275 sum‘2:
524 1250 542 1272 »
569 1232 811 1275 secundum
840 1229 948 1290 quid
975 1244 1065 1274 non
1101 1227 1205 1273 facit
1236 1228 1509 1272 voluntatem
1535 1242 1692 1282 suam,

295 1302 369 1345 sed
393 1305 482 1360 ejus
510 1317 533 1345 a
565 1317 653 1360 quo
677 1302 830 1345 missus
853 1303 943 1344 est³
967 1319 975 1344 :
1000 1300 1242 1343 secundum
1276 1298 1385 1358 quid
1418 1299 1529 1342 sicut
1567 1302 1695 1341 Pater

296 1372 474 1416 suscitat
498 1381 691 1416 mortuos
721 1381 764 1415 et
794 1371 1009 1425 vivificat,
1044 1371 1103 1414 sic
1133 1380 1175 1414 et
1205 1370 1342 1413 Filius
1364 1385 1473 1428 quos
1503 1369 1599 1414 vult
1628 1370 1694 1413 vi-

302 1444 447 1486 vificat
463 1444 493 1484 ⁴1

362 1515 459 1554 VII.
488 1515 594 1554 Item
611 1519 857 1569 sequuntur
874 1519 917 1553 et
934 1509 1089 1554 dicunt
1106 1529 1114 1553 ε
1136 1528 1152 1549 «
1169 1512 1209 1554 Is
1225 1510 1323 1554 etin
1341 1525 1468 1554 cruce
1481 1510 1692 1569 pendens,

300 1581 526 1624 voluntate
544 1589 586 1624 et
610 1589 830 1638 praeeepto
847 1580 1006 1634 Patris,
1029 1594 1204 1623 carnem
1228 1580 1464 1624 humanam
1483 1596 1616 1640 quam
1639 1581 1693 1625 de

299 1660 445 1694 sancta
468 1650 634 1708 virgine
656 1650 791 1694 Maria
814 1650 1019 1708 suscepit,
1047 1650 1092 1693 in
1116 1665 1271 1694 manus
1289 1651 1517 1694 hominum
1535 1651 1695 1695 dereli-

301 1723 413 1782 quit,
438 1731 481 1765 ct
503 1721 776 1765 divinitatem
797 1736 920 1765 suam
943 1721 990 1764 in
1011 1736 1164 1765 manus
1183 1721 1319 1765 Patris
1342 1722 1691 1778 commendavit,

303 1792 450 1835 dicens
487 1812 494 1835 :
533 1812 551 1832 α
580 1795 731 1846 Pater,
774 1792 820 1834 in
862 1805 1016 1834 manus
1058 1800 1153 1834 tuas
1196 1792 1457 1836 commendo
1499 1793 1697 1851 spiritum

304 1882 322 1904 »
352 1878 496 1906 meum
514 1865 543 1905 ⁵.
564 1882 583 1903 »
611 1864 722 1914 Quia
744 1863 880 1907 Maria
898 1863 1160 1906 moriturum
1180 1877 1337 1921 corpus
1359 1863 1548 1922 peperit,
1582 1867 1697 1908 Deus

301 1942 448 1976 autem
475 1932 731 1976 immortalis
750 1932 1038 1976 immortalem
1066 1931 1226 1976 Filium
1246 1933 1413 1991 genuit.
1442 1936 1557 1991 Ergo
1581 1949 1696 1978 mors

301 2003 461 2047 Christi
481 2018 569 2046 non
587 2003 820 2046 diminutio
843 2012 906 2046 est
924 2002 1181 2057 divinitatis,
1208 2002 1283 2046 sed
1305 2003 1518 2062 depositio
1537 2020 1694 2064 corpo-

304 2073 374 2116 ris.
404 2073 537 2117 Sicuti
558 2074 672 2116 enim
689 2073 908 2129 generatio
930 2074 1021 2131 ejus
1043 2088 1095 2116 ex
1115 2073 1281 2132 virgine
1306 2090 1397 2118 non
1414 2073 1498 2118 fuit
1512 2090 1694 2135 corrup-

304 2144 363 2186 tio
380 2142 592 2186 dealitatis
616 2143 768 2201 ipsiUS,
787 2142 862 2186 sed
878 2143 1094 2202 susceptio
1112 2145 1303 2202 corporis
1325 2164 1333 2189 2
1355 2145 1414 2189 ita
1436 2154 1479 2189 et
1494 2146 1540 2190 in
1554 2155 1695 2191 morte

302 2213 433 2271 ipsius
452 2228 541 2256 non
563 2212 649 2256 fuit
671 2213 812 2271 passio
834 2222 878 2257 et
899 2212 1086 2257 defectio
1112 2213 1324 2258 dealitatis
1346 2215 1498 2274 ipsius,
1523 2216 1599 2260 sed
1625 2232 1693 2260 se-

305 2284 469 2342 paratio
494 2284 633 2327 carnis
655 2283 802 2342 ipsius.
830 2284 965 2329 Sicuti
988 2284 1104 2328 enim
1126 2285 1200 2344 qui
1229 2285 1540 2330 indumentum
1568 2302 1695 2332 cons-

303 2355 469 2409 cindit,
501 2354 657 2399 induto
689 2355 792 2400 facit
826 2356 1059 2416 injuriam:
1086 2355 1147 2400 ita
1176 2365 1218 2400 et
1249 2357 1326 2417 qui
1353 2373 1529 2402 carnem
1562 2360 1695 2418 ipsius

305 2426 640 2480 crucifixerunt,
665 2426 882 2472 divinitati
903 2428 1035 2486 ipsius
1059 2427 1371 2473 contumeliam
1393 2429 1689 2475 intulerunt.»

355 2535 364 2550 ¹
383 2530 472 2560 Joan.
495 2540 561 2570 xiv,
589 2529 792 2562 28.—1²1d.
814 2542 847 2571 x,
872 2530 924 2564 30.
944 2548 985 2553 —
1004 2528 1079 2563 3111.
1104 2541 1149 2572 vi,
1170 2531 1373 2566 38.-41d.
1395 2543 1428 2574 v,
1454 2541 1507 2566 21.
1522 2531 1589 2557 —5
1614 2536 1690 2567 Luc.

328 2595 383 2624 xv,
403 2584 457 2625 46.
