1803 3250
360 272 524 303 con-raa
556 270 860 302 ADVERSARIUM
893 271 1028 310 LEGIS,
1064 271 1147 299 mn.
1183 272 1215 298 1.
1399 259 1482 299 355

98 350 184 386 tem
207 340 461 385 transitoriis
484 339 695 385 mortibus
709 352 958 397 corporum,
979 352 1112 397 quam
1127 336 1314 382 flammis
1329 351 1485 398 perpe-

97 412 182 456 tuis
206 413 519 471 gehennarum.

156 485 297 527 XXX.
327 501 348 526 «
366 485 424 527 At
443 483 558 526 enim
581 489 809 541 propterea
829 478 1003 523 videtur
1035 480 1137 524 huic
1158 482 1271 524 Deus
1295 480 1421 539 Legis
1443 489 1486 524 et

98 555 434 614 Prophetarum,
455 553 531 612 qui
552 567 665 596 unus
687 560 731 595 et
751 566 878 596 verus
898 560 962 594 est
983 554 1114 606 Deus,
1136 551 1315 595 crimine
1335 551 1487 596 crude-

97 625 230 685 litatis
252 623 516 685 arguendus,
542 624 642 684 quia
659 631 836 683 propter
853 621 1086 667 levissimas
1105 638 1252 667 causas
1268 623 1334 667 vel
1356 623 1485 668 etiam

97 697 429 751 erubescendas,
449 710 629 756 poenam
645 695 795 740 mortis
812 693 882 739 vel
903 694 1137 753 corporalis
1159 694 1315 741 inflixit
1333 712 1344 747 ;
1367 693 1489 756 quod

99 768 239 813 David
271 767 485 828 populum
520 775 789 811 numerasset
802 768 843 824 ¹3
879 764 1001 826 quod
1024 764 1212 810 infantes
1230 802 1240 821 ,
1266 767 1374 810 sicut
1408 767 1487 810 iste

99 837 221 894 dicit,
245 839 323 883 filii
347 837 445 883 Heli
464 838 713 894 sacerdotis,
739 837 794 882 de
816 836 912 882 ollis
934 836 1003 882 vel
1021 837 1188 881 cacabis
1206 840 1297 882 Deo
1318 852 1490 897 praepa-

100 910 201 954 ratis
223 908 389 970 aliquid
401 910 755 967 degustassent2‘?
775 927 793 950 »
823 911 917 962 Qua
934 908 979 952 in
998 924 1042 952 re
1059 924 1148 953 non
1166 908 1341 969 disputo
1355 924 1492 969 quan-

101 990 196 1026 tum
212 990 256 1025 et
271 982 399 1041 quam
414 982 706 1040 perniciosum
723 979 920 1024 elationis
932 979 1086 1024 vitium
1109 988 1196 1023 tam
1216 989 1364 1024 sancto
1378 980 1487 1035 viro,

100 1061 150 1096 ut
173 1051 304 1096 vellet
325 1051 403 1096 Dei
419 1051 633 1110 populum
658 1063 907 1105 numerare,
934 1051 1223 1110 subrepserit,
1251 1065 1491 1110 eorumque

100 1123 314 1167 mortibus
329 1139 419 1167 non-
437 1123 626 1178 aeternis,
652 1123 825 1181 sedjam
839 1123 1018 1182 jamque
1035 1123 1227 1166 humana
1241 1121 1490 1166 conditione

100 1193 309 1246 venturis,
335 1202 378 1236 et
399 1193 596 1237 celeriter
610 1193 866 1245 transituris,
886 1191 1286 1250 fueritssagellatus‚
1303 1208 1491 1253 quorum

99 1264 243 1308 fuerat
263 1263 543 1308 multitudine
565 1263 756 1307 inflatus.
778 1266 865 1308 Nec
889 1262 986 1307 dico
1008 1262 1119 1307 filios
1144 1262 1239 1307 Heli
1258 1280 1345 1307 non
1360 1263 1491 1308 fuisse

100 1334 304 1390 infantes,
329 1343 380 1378 ut
395 1335 475 1379 iste
491 1334 702 1395 loquitur,
719 1334 911 1377 nesciens
930 1334 1037 1392 quid
1054 1333 1283 1393 loquatur3
1309 1334 1383 1378 sed
1400 1336 1493 1394 ejus

100 1407 254 1460 aetatis,
280 1422 367 1467 qua
385 1415 560 1466 possent
581 1415 626 1449 et
647 1406 876 1459 deberent,
902 1420 980 1464 pro
998 1405 1206 1464 sacrilego
1225 1421 1331 1449 ausu
1344 1421 1433 1465 quo
1449 1420 1493 1449 se

101 1478 289 1522 Domino
310 1481 401 1522 Deo
424 1478 469 1521 in
496 1476 712 1521 sacrificiis
731 1474 1052 1535 praeferebant,
1076 1476 1207 1534 digna
1231 1476 1492 1521 coercitione

100 1548 292 1592 cohiberi
314 1567 324 1594 :
348 1547 471 1609 quod
489 1547 737 1606 neglectum
766 1549 893 1595 Deusq
920 1561 1007 1589 non
1032 1546 1114 1589 sibi
1135 1547 1392 1603 consulens⁷
1417 1546 1494 1591 sed

99 1619 265 1680 populo
285 1619 355 1664 cui
376 1619 526 1676 religio
548 1617 773 1677 pietasque
794 1615 1044 1676 profuisset,
1069 1616 1185 1661 bello
1205 1618 1334 1662 etiam
1355 1617 1493 1662 vindi-

99 1690 214 1736 cavit
234 1709 243 1735 :
268 1690 346 1734 ubi
363 1690 439 1734 Dei
454 1690 652 1733 timorem
676 1696 917 1748 potueruut
938 1703 1097 1746 augere
1118 1688 1276 1734 victuri
1294 1725 1305 1745 ,
1331 1704 1408 1749 per
1424 1705 1490 1734 eo-

91 1778 198 1808 rum
215 1771 391 1816 mortes,
413 1761 489 1821 qui
509 1759 699 1815 fuerant,
726 1760 803 1803 etsi
826 1768 1113 1815 senescerent,
1140 1770 1238 1819 post
1252 1777 1342 1805 non
1359 1761 1491 1820 longa

98 1842 348 1892 temporum
368 1833 504 1891 spatia
528 1831 740 1876 morituri.
759 1831 973 1876 Mortibus
996 1832 1159 1891 quippe
1176 1848 1411 1892 corporum
1429 1832 1489 1876 le-

100 1905 241 1965 gimus
263 1905 368 1950 alios
401 1905 531 1949 etiam
564 1912 784 1959 mortum,
815 1913 993 1963 propter
1025 1919 1113 1947 non
1136 1920 1227 1960 sua,
1254 1904 1327 1949 sed
1350 1904 1487 1950 aliena

101 1978 300 2036 peccata³
324 1995 333 2020 ι
354 1976 432 2019 ubi
454 1975 588 2033 magis
604 1983 669 2018 est
686 1975 732 2017 in
753 1973 905 2018 dolore
921 1973 1062 2018 cordis
1085 1974 1210 2034 plaga
1228 1976 1486 2032 viventium,

101 2062 234 2107 quam
256 2048 301 2090 in
323 2045 587 2090 resolutione
605 2046 745 2089 carnis
763 2060 891 2104 poena
910 2045 1188 2089 morientium
1205 2067 1215 2103 ς
1241 2047 1316 2090 ubi
1333 2047 1490 2090 animae

101 2118 157 2163 de
178 2117 433 2177 corporibus
451 2125 672 2171 exeuntes,
692 2117 859 2160 habent
883 2131 1030 2160 causas
1053 2132 1150 2160 suas
1171 2116 1241 2160 vel
1263 2118 1398 2161 bonas
1421 2118 1488 2162 vel

101 2189 257 2244 malas,
282 2204 372 2234 non
403 2196 633 2248 propterea
665 2196 879 2246 gravatae,
913 2187 1015 2247 quia
1046 2196 1217 2232 exutae:
1245 2189 1489 2233 animarum

101 2275 205 2306 vero
227 2269 368 2304 morte
384 2257 494 2304 alius
521 2274 601 2318 pro
633 2257 716 2302 alio
737 2257 943 2317 plectitur
963 2273 1107 2302 nemo.
1137 2259 1221 2303 Sed
1248 2260 1331 2304 hoc
1365 2259 1485 2315 dico,

99 2339 319 2391 quantum
340 2329 553 2374 existimet
577 2329 656 2373 iste
673 2329 806 2374 fuisse
822 2337 1065 2388 peccatum,
1087 2330 1208 2388 quod
1225 2329 1271 2373 in
1290 2330 1489 2376 convivio

103 2401 290 2462 nuptiali
301 2402 505 2446 inventus
521 2411 585 2446 est
604 2401 737 2445 homo
752 2410 915 2447 vestem
933 2415 1022 2445 non
1040 2401 1206 2445 habens
1222 2401 1485 2462 nuptialem:

102 2483 212 2535 puto
232 2475 266 2518 si
285 2475 478 2519 humana
503 2473 847 2518 consideratione
876 2473 954 2516 ista
988 2473 1220 2516 metiamur
1237 2508 1248 2528 ‚
1283 2474 1386 2518 huic
1408 2473 1489 2518 ali-

102 2543 370 2607 quantulum
397 2544 596 2589 sufficere
627 2543 782 2588 debuit
808 2544 1085 2602 erubescere3
1116 2553 1159 2588 et
1179 2553 1229 2589 ut
1250 2545 1487 2604 plurimum

154 2636 165 2656 ¹
187 2640 207 2664 2
226 2633 306 2673 Reg.
324 2639 415 2673 xxiv,
435 2638 468 2664 2.
485 2646 527 2653 -
543 2635 556 2653 ²
582 2641 592 2662 1
614 2631 690 2672 Reg.
707 2640 744 2671 ιι,
765 2628 814 2671 ι4.
829 2646 870 2653 --·
886 2627 900 2651 3
917 2629 961 2661 Id.
984 2634 1031 2669 tv,
1055 2629 1104 2661 18.

1237 2683 1304 2724 23,
