1803 3250
310 249 365 280 An
397 250 587 279 onoquM
618 248 781 280 CONTRA
813 252 1013 280 misem„
1049 252 1101 279 m
1132 253 1308 280 omcmv.
1414 239 1494 281 441

122 321 212 381 ejus
233 327 324 364 arte
344 326 622 377 expetuntur,
651 318 830 363 omnino
848 333 934 362 non
959 320 1131 378 poterit.
1158 320 1270 363 Cum
1291 334 1394 378 ergo
1408 334 1500 363 res—

122 390 357 451 pondetur,
373 405 423 434 ex
437 388 574 434 nihilo
592 409 600 435 :
620 390 727 450 quid
741 392 1041 448 respondetur,
1063 390 1142 434 nisi
1160 389 1323 434 nullam
1343 390 1380 434 ei
1396 391 1501 434 sub-

115 464 274 523 jectam
289 461 419 507 fuisse
435 462 678 516 materiam,
700 476 830 521 quam
852 461 942 520 ipse
964 477 1052 506 non
1070 461 1246 516 fecerat,
1262 471 1311 506 ut
1322 462 1503 506 haberet

121 534 239 578 unde
256 533 432 588 faceret,
459 532 493 576 si
517 531 625 592 quid
647 531 791 586 vellet,
817 541 860 575 et
882 548 1012 592 quam
1036 532 1114 576 nisi
1137 533 1337 588 haberet,
1364 533 1503 577 facere

121 619 211 649 non
232 603 431 648 valeret?
452 602 652 648 Materies
674 603 837 662 quippe
857 602 1035 656 mundi,
1068 618 1166 662 quae
1188 605 1232 646 in
1255 603 1383 647 rebus
1402 619 1503 647 mu-

120 673 326 718 tabilibus
348 682 590 733 utcumque
613 672 899 732 dignoscitur,
927 671 982 716 ab
1005 673 1098 731 ipso
1120 674 1355 718 constituta
1377 683 1460 728 est,
1482 689 1504 718 a

120 758 209 803 quo
231 744 491 788 constitutus
514 753 578 788 est
594 742 799 787 mundus.
825 745 1101 803 Quapropter
1120 744 1198 787 etsi
1223 742 1326 787 fecit
1343 742 1507 803 aliquid

120 818 233 860 Deus
249 824 325 859 aut
343 814 461 869 facit,
486 829 536 858 ex
556 813 637 858 alia
659 829 938 875 quacumque
957 830 1026 872 re3
1047 830 1136 858 non
1160 823 1305 858 tamen
1323 829 1373 857 ex
1396 829 1445 858 ea
1463 830 1507 857 re

120 884 223 929 fecit
239 894 315 929 aut
331 884 450 940 facit,
471 901 602 944 quam
616 885 707 944 ipse
726 900 814 929 non
832 883 996 929 fecerit.
1018 885 1313 939 Quamobrem
1333 899 1509 944 seques-

119 965 230 1000 trata
253 955 482 1015 paululum
506 956 660 1000 animae
683 964 835 999 natura
850 990 860 1010 ‚
892 955 926 999 si
952 954 1144 999 fatentur
1174 958 1312 999 Deum
1342 954 1508 1015 aliquid

120 1027 268 1071 fecisse
290 1027 345 1071 de
368 1026 505 1071 nihilo
524 1062 535 1081 ,
568 1028 824 1082 attendant,
851 1036 893 1070 et
914 1026 1117 1081 videant,
1150 1025 1368 1087 quidquid
1398 1025 1509 1070 illud

120 1107 199 1153 est,
225 1113 324 1142 eum
348 1098 574 1142 voluntate
595 1097 766 1154 secisse,
790 1113 880 1141 non
895 1098 1011 1140 enim
1029 1097 1195 1157 aliquid
1210 1096 1380 1141 fecisset
1396 1098 1509 1141 invi-

119 1177 188 1212 tus
211 1187 219 1212 ε
246 1183 326 1212 nec
348 1177 495 1212 tamen
518 1168 616 1212 ideo
638 1168 835 1212 eamdem
859 1167 1129 1212 voluntatem
1145 1168 1254 1212 nihil
1277 1183 1381 1223 esse,
1408 1168 1510 1227 quia

119 1237 344 1282 voluntate
367 1239 422 1281 ab
441 1237 518 1281 illo
540 1237 705 1298 aliquid
720 1253 770 1281 ex
790 1238 926 1282 nihilo
949 1237 1112 1282 factum
1134 1247 1211 1282 est.
1230 1239 1319 1282 Cur
1336 1253 1438 1296 ergo
1456 1237 1510 1281 de

121 1308 265 1351 anima
285 1307 442 1351 timent
463 1306 621 1361 dicere,
647 1308 767 1367 quod
792 1307 845 1351 de
868 1308 958 1352 aliis
982 1308 1250 1367 quibuslibet
1272 1309 1401 1352 rebus
1422 1323 1511 1351 non

122 1379 330 1422 dubitant
342 1378 512 1422 dicere?
525 1381 613 1422 Aut
630 1378 664 1422 si
677 1380 863 1422 animam
880 1378 1187 1422 tantummodo
1200 1378 1423 1422 voluntate
1436 1378 1511 1421 Dei

122 1450 355 1508 perhibent
378 1449 552 1504 factam,
576 1458 731 1493 eaetera
751 1464 852 1492 eum
874 1465 963 1493 non
986 1449 1212 1493 voluntate
1234 1448 1383 1492 fecisse
1407 1464 1513 1492 con-

123 1518 332 1572 tendunt,
358 1518 465 1578 quid
490 1518 736 1573 absurdius,
757 1518 864 1577 quid
884 1519 1075 1562 insanius
1096 1518 1180 1562 dici
1197 1520 1368 1577 potest?
1383 1518 1512 1571 Quod

120 1591 153 1633 si
188 1590 333 1634 omnia
368 1606 468 1649 quae
500 1590 634 1643 fecit,
660 1589 888 1633 voluntate
919 1591 1071 1649 utique
1106 1590 1237 1648 fecit,
1262 1606 1341 1635 nec
1366 1601 1512 1634 tamen

122 1676 224 1705 cum
245 1661 329 1705 hoc
349 1660 534 1705 dicimus
556 1660 754 1705 eamdem
769 1661 1041 1706 voluntatem
1061 1661 1170 1705 nihil
1187 1677 1277 1706 esse
1300 1661 1510 1707 dicimus:

124 1732 207 1775 hoc
227 1740 269 1775 et
291 1730 346 1774 de
368 1731 512 1775 anima
536 1731 763 1789 accipiant.

183 1804 266 1845 ΙΙΙ.
302 1803 415 1845 Cum
432 1801 548 1845 enim
562 1801 736 1857 dicitur,
759 1805 872 1846 Deus
887 1817 936 1846 ex
955 1803 1092 1848 nihilo
1116 1802 1218 1847 fecit
1236 1825 1246 1859 3
1272 1804 1381 1847 nihil
1396 1804 1514 1848 aliud

121 1871 299 1926 dicitur,
325 1871 422 1926 nisi,
448 1887 539 1916 non
561 1881 652 1915 erat
674 1871 793 1915 unde
814 1872 992 1923 faceret⁷
1021 1883 1064 1916 et
1084 1882 1231 1917 tamen
1250 1874 1352 1934 quia
1374 1874 1515 1918 voluit

121 1941 238 1986 fecit.
260 1944 407 2002 Usque
429 1941 538 1987 adeo
559 1942 691 2000 igitur
714 1944 758 1986 in
776 1958 827 1987 eo
849 1944 969 2002 quod
988 1959 1040 1987 ex
1058 1944 1195 1988 nihilo
1209 1943 1328 2001 fecit,
1353 1945 1514 1988 volun-

122 2023 185 2058 tas
198 2029 288 2058 non
305 2013 415 2058 nihil
434 2014 609 2067 dicitur,
633 2024 681 2058 ut
699 2015 789 2072 ipsa
804 2016 1023 2074 praecipue
1040 2015 1387 2060 commendetur.
1404 2018 1513 2060 Nam

122 2086 193 2129 cui
215 2085 376 2129 dicitur
398 2102 407 2128 :
432 2101 451 2125 «
474 2083 630 2128 Subest
652 2084 767 2127 enim
793 2085 873 2127 tibi
896 2100 995 2128 cum
1028 2084 1146 2129 voles
1168 2088 1315 2143 posse¹
1340 2106 1347 2130 :
1369 2105 1388 2127 »
1426 2087 1515 2130 sive

122 2156 235 2200 adsit
248 2154 367 2199 unde
387 2156 484 2209 fiat,
511 2154 598 2199 sive
615 2170 705 2199 non
723 2154 848 2209 adsit,
867 2164 931 2199 sat
945 2164 1007 2199 est
1021 2155 1240 2211 voluntas,
1256 2157 1332 2200 ubi
1347 2173 1515 2202 summa

122 2237 186 2272 est
203 2235 406 2286 potestas.
429 2227 661 2280 Quomodo
684 2242 787 2285 ergo
804 2227 849 2269 in
873 2242 924 2270 eo
947 2228 1069 2286 quod
1086 2228 1140 2271 de
1163 2227 1301 2272 nihilo
1325 2238 1511 2283 creatur,

125 2299 326 2343 voluntas
349 2298 531 2342 creantis
552 2297 662 2342 nihil
685 2314 773 2342 esse
791 2299 1048 2357 perhibetur
1066 2319 1076 2356 3
1102 2315 1201 2343 cum
1219 2309 1446 2359 propterea
1462 2299 1516 2343 de

125 2368 263 2412 nihilo
292 2368 426 2412 creari
452 2367 617 2428 aliquid
643 2369 796 2427 possit,
823 2369 923 2428 quia
952 2368 1154 2413 voluntas
1177 2370 1363 2414 creantis
1386 2371 1513 2414 etiam

126 2440 218 2483 sine
242 2439 420 2483 materia
444 2439 525 2482 sibi
557 2439 733 2484 suflicit.
765 2439 893 2492 Quod
917 2440 951 2483 si
980 2438 1092 2484 forte
1109 2475 1120 2494 ,
1145 2456 1233 2485 non
1256 2440 1394 2485 solum
1420 2442 1512 2484 ani-

123 2504 260 2564 mam,
275 2509 351 2554 sed
369 2509 535 2554 nullam
550 2511 729 2556 omnino
748 2520 990 2556 creaturam
1006 2510 1161 2557 volunt
1176 2510 1301 2557 fateri
1316 2528 1365 2556 cx
1381 2511 1517 2557 nihilo

177 2603 187 2618 ¹
207 2596 282 2638 Sap.
303 2606 360 2638 xli,
383 2598 433 2627 18.
