1803 3250
317 216 372 255 76
739 224 771 252 s.
808 222 1037 255 AUGUSTIM
1071 225 1252 254 zmscom

317 309 467 339 verum
489 302 532 337 et
555 293 738 347 bonum,
764 302 946 338 mortem
962 309 1166 353 pecorum
1186 292 1441 349 alienorum,
1466 294 1702 354 perniciem

315 365 702 426 qualiumcumque
717 365 1018 419 animantium,
1035 375 1077 409 et
1090 380 1216 424 grave
1228 363 1437 409 damnum
1452 365 1697 422 hominum,

315 435 529 481 desiderio
551 437 801 481 daemonum
826 437 1096 482 concessisse.
1123 437 1228 490 Quis
1258 445 1402 481 autem
1427 435 1702 482 dementissi-

314 523 409 552 mus
431 508 612 564 dixerit,
636 507 757 568 quod
779 524 850 553 cos
872 510 926 553 ab
949 509 1200 554 hominibus
1219 524 1309 553 non
1329 509 1539 568 potuisset
1553 508 1704 553 exclu-

314 580 431 635 dere,
449 580 577 624 etiam
592 580 625 624 si
639 595 789 624 eorum
804 581 942 625 noxiae
955 580 1170 625 voluntati
1185 595 1264 624 nec
1277 595 1510 640 porcorum
1523 580 1700 624 exitium

314 660 516 712 praestare
546 651 749 697 voluisset
775 654 793 695 ἱ)
825 655 957 697 Porro
988 653 1021 696 si
1055 652 1286 712 spirituum
1321 651 1627 696 damnatorum
1660 661 1704 696 ct

314 723 401 782 igni
420 732 583 767 {eterno
596 723 684 782 jam
708 722 1038 777 destinatorum,
1061 723 1254 784 quamvis
1271 737 1383 767 saeva
1401 730 1443 766 et
1457 722 1608 783 iniqua
1622 737 1703 767 cu-

312 794 469 854 piditas
491 809 512 837 a
537 795 740 838 Creatore
763 803 894 854 atquc
924 794 1173 838 ordinatore
1195 794 1393 838 omnium
1417 802 1673 837 naturarum
1689 828 1701 849 ‚

312 864 484 909 occulto
507 864 699 924 quidem,
726 863 801 908 sed
824 864 987 924 ubique
1004 865 1122 923 justo
1145 864 1457 915 moderamine,
1477 864 1523 908 in
1546 863 1591 908 id
1612 880 1702 925 quo

311 951 354 979 se
369 935 666 990 inclinaverat,
684 935 870 979 relaxata
889 944 951 979 est
968 956 978 992 3
1003 934 1109 995 qnid
1129 933 1366 978 absurdum
1384 943 1463 989 est,
1483 935 1515 978 si
1534 936 1704 995 AEgyp-

314 1007 356 1049 tii
380 1005 434 1049 ab
459 1005 674 1061 Hebraeis,
700 1006 896 1050 homines
913 1005 1062 1066 inique
1080 1005 1355 1049 dominantes
1373 1004 1428 1048 ab
1450 1004 1703 1050 hominibus

311 1076 477 1130 liberis,
509 1092 699 1137 quorum
721 1077 850 1121 etiam
874 1075 1084 1121 mercedis
1113 1092 1191 1136 pro
1226 1091 1376 1120 eorum
1408 1084 1496 1120 tam
1519 1074 1639 1121 duris
1661 1085 1706 1122 et

311 1147 479 1207 injustis
493 1147 717 1192 laboribus
738 1146 911 1192 fuerant
928 1147 1163 1203 debitores,
1183 1148 1312 1191 rebus
1329 1147 1526 1203 terrenis,
1544 1147 1706 1208 quibus

311 1218 438 1262 etiam
455 1219 539 1262 ritu
553 1217 760 1277 sacrilego
774 1219 818 1262 in
831 1218 1033 1278 injuriam
1052 1219 1266 1264 Creatoris
1281 1218 1534 1274 utebantur,
1546 1219 1705 1278 privari

310 1292 589 1334 meruerunt?
624 1289 752 1343 Quod
778 1299 924 1334 tamen
959 1290 992 1334 si
1016 1294 1187 1348 Moyses
1215 1306 1291 1334 sua
1316 1299 1470 1350 sponte
1492 1290 1701 1347 jussisset,

311 1370 384 1405 aut
408 1362 490 1406 hoc
514 1361 686 1405 Hebraei
702 1377 777 1405 sua
790 1370 944 1421 sponte
963 1361 1178 1416 fecissent,
1204 1360 1400 1421 profecto
1421 1370 1699 1420 peccassent:

309 1448 559 1493 quanquam
579 1432 657 1488 illi,
670 1447 757 1476 non
775 1431 952 1493 quidem
969 1433 1051 1477 hoc
1071 1431 1286 1487 faciendo,
1303 1431 1424 1493 quod
1438 1432 1506 1477 vel
1521 1433 1706 1492 jusserat

309 1503 377 1547 vel
392 1503 643 1563 permiserat
659 1506 786 1558 Deus,
805 1501 879 1546 sed
896 1512 1040 1547 tamen
1058 1503 1157 1548 talia
1175 1503 1352 1549 fortasse
1371 1503 1589 1562 cupiendo
1602 1518 1706 1563 pec-

309 1583 532 1618 caverunt.
557 1572 683 1627 Quod
697 1583 842 1618 autem
859 1574 941 1618 hoc
958 1574 1099 1618 facere
1113 1573 1260 1618 divina
1277 1574 1598 1633 dispensatione
1610 1590 1706 1634 per-

311 1646 557 1700 missisunt,
579 1644 692 1689 illius
715 1644 880 1705 judicio
899 1646 1017 1704 justo
1037 1645 1243 1706 bonoque
1269 1645 1464 1705 permissi
1485 1655 1603 1700 sunt,
1628 1646 1705 1706 qui

313 1717 434 1761 novit
454 1726 496 1761 ct
514 1717 657 1776 poenis
679 1716 748 1760 vel
771 1720 969 1761 coercere
990 1716 1228 1776 improbos,
1255 1715 1324 1761 vel
1344 1715 1518 1760 erudire
1534 1716 1706 1777 subjec—

311 1797 403 1838 tos;
430 1796 472 1831 et
500 1796 717 1846 praecepta
748 1786 958 1832 validiora
990 1786 1092 1831 dare
1118 1787 1361 1831 sanioribus
1378 1822 1389 1842 ,
1421 1796 1464 1832 et
1491 1786 1705 1847 quosdam

309 1857 587 1902 medicinales
621 1858 779 1917 gradus
811 1858 1123 1902 infirmioribus
1151 1856 1367 1902 ordinare.
1398 1860 1571 1916 Moyses
1601 1874 1705 1905 vero

311 1945 390 1973 nec
420 1928 670 1989 cupiditatis
689 1930 936 1989 arguendus
955 1939 1019 1974 est
1038 1930 1082 1973 in
1095 1929 1178 1973 illis
1201 1929 1329 1974 rebus
1344 1928 1610 1985 desideratis,
1626 1945 1707 1975 nec

309 2001 595 2045 contumaciae
610 2001 654 2044 in
672 2001 825 2050 divinis
844 2001 1035 2059 imperiis
1052 2001 1405 2061 quibuscumque
1423 2001 1700 2061 contemptis.

375 2074 577 2117 LXXIII.
606 2071 816 2125 Quaedam
830 2072 945 2116 enim
962 2070 1090 2126 facta,
1109 2073 1174 2116 lex
1192 2072 1264 2116 illa
1283 2081 1445 2118 aeterna
1466 2088 1566 2133 quae
1583 2071 1705 2117 ordi-

311 2159 410 2187 nem
449 2143 692 2188 naturalem
728 2144 971 2189 conservari
999 2144 1128 2203 jubet
1144 2179 1154 2199 ,
1188 2144 1433 2204 perturbari
1466 2153 1609 2200 vetat,
1646 2145 1705 2190 ita

311 2215 454 2260 medio
470 2215 662 2277 quodam
684 2215 781 2261 loco
796 2217 940 2276 posuit
959 2217 1227 2272 hominibus,
1245 2226 1295 2261 ut
1308 2217 1352 2260 in
1368 2217 1427 2261 eis
1443 2217 1706 2278 usurpandis

311 2289 466 2332 merito
489 2287 833 2347 reprehendatur
856 2288 1051 2344 audacia,
1077 2289 1121 2332 in
1144 2288 1405 2349 exequendis
1429 2299 1575 2334 autem
1599 2290 1706 2333 obe-

311 2359 471 2402 dientia
485 2359 584 2417 jure
606 2358 823 2403 laudetur.
851 2362 1038 2404 Tantum
1061 2360 1240 2404 interest
1256 2361 1302 2404 in
1323 2361 1478 2404 ordine
1495 2360 1700 2417 naturali,

310 2429 418 2489 quid
441 2444 464 2472 a
486 2444 574 2489 quo
597 2439 771 2488 agatur,
797 2439 840 2474 et
861 2430 941 2474 sub
963 2446 1051 2490 quo
1076 2431 1261 2490 quisque
1284 2439 1396 2488 agat.
1425 2430 1646 2475 Abraham
1669 2433 1701 2476 si

310 2500 447 2544 filium
469 2509 624 2559 sponte
645 2501 889 2547 immolaret
911 2537 922 2556 ,
946 2501 1052 2562 quid
1074 2501 1153 2547 nisi
1170 2500 1390 2547 horribilis
1407 2510 1450 2547 et
1472 2501 1700 2548 insanus¹‘?

360 2598 369 2615 ¹
390 2593 470 2625 Gen.
486 2602 563 2633 xxn,
587 2603 635 2626 io.
