1803 3250
465 187 628 217 CONTRA
663 188 876 225 FAUSTUM‚
915 191 996 216 LlB.
1035 191 1143 217 xxii.
1444 182 1495 217 97

115 253 218 308 culi,
244 262 287 297 et
308 252 487 298 domum
510 255 672 299 luteam
694 253 875 312 spiritali
893 254 1260 314 contemplatione
1280 263 1499 301 transcen-

115 322 291 368 dentem
323 333 454 385 atque
483 324 751 381 calcantem,
799 332 842 367 et
877 324 1080 369 inchoata
1110 341 1211 370 cum
1243 324 1315 370 illa
1349 328 1499 386 primae

114 396 414 440 conventionis
433 395 599 451 notitia,
625 404 724 455 post
744 395 800 438 ab
823 410 872 439 ea
894 396 1068 454 penitus
1090 406 1336 455 separatum
1353 399 1501 444 diabo-

112 463 206 509 lum
236 465 411 520 occidit,
441 480 625 525 eamque
652 465 732 509 sibi
767 474 979 524 perpetuo
1009 466 1232 509 connubio
1264 467 1496 525 copulavit.

111 534 343 580 Oderimus
367 550 468 594 ergo
496 545 742 595 peccatum,
768 535 843 579 sed
866 535 1140 595 prophetiam
1163 551 1252 580 non
1275 538 1501 596 extingua-

112 620 238 649 mus:
261 621 454 650 amemus
470 604 595 650 illum
620 605 756 651 David
773 615 988 666 quantum
1007 605 1219 650 amandus
1237 616 1316 662 est,
1337 609 1413 667 qui
1426 625 1502 654 nos

113 692 138 720 a
159 675 336 721 diabolo
369 691 447 736 per
475 676 814 722 misericordiam
835 676 1057 734 liberavit,
1093 691 1287 721 amemus
1310 686 1354 722 et
1374 678 1502 724 istum

113 745 267 802 David,
293 748 370 807 qui
393 756 482 791 tam
505 763 634 806 grave
657 747 704 792 in
725 762 768 792 se
790 747 950 793 vulnus
973 747 1213 807 iniquitatis
1235 749 1504 807 poenitentiae

112 816 360 862 humilitate
376 818 558 863 sanavit.

171 890 461 934 LXXXVIII.
497 891 595 934 Jam
608 887 663 933 de
680 888 911 934 Salomone
925 886 1032 947 quid
1049 888 1209 945 dicam,
1228 905 1360 949 quem
1379 892 1506 937 vehe-

111 967 280 1003 menter
293 959 436 1017 arguit
451 968 599 1004 sancta
618 958 840 1017 Scriptura
858 966 991 1018 atque
1006 958 1288 1016 condemnat,
1308 961 1507 1021 nihilque

110 1027 165 1072 de
197 1029 456 1088 poenitentia
489 1031 581 1086 ejus
612 1026 680 1072 vel
710 1027 757 1071 in
791 1043 891 1072 eum
922 1026 1194 1086 indulgentia
1222 1030 1299 1073 Dei
1327 1033 1507 1077 omnino

110 1100 454 1144 commemorat?
482 1100 570 1144 Nec
595 1098 702 1142 mihi
724 1113 900 1158 prorsus
922 1099 1134 1155 occurrit,
1161 1100 1270 1159 quid
1289 1100 1440 1146 saltem
1464 1103 1508 1146 in

109 1169 314 1229 allegoria
346 1169 452 1214 boni
484 1169 697 1228 significet
730 1170 822 1214 haec
856 1170 947 1229 ejus
980 1170 1128 1214 flenda
1160 1171 1400 1228 subversio,
1427 1172 1507 1217 nisi

108 1239 222 1285 forte
242 1241 339 1300 quis
360 1239 477 1285 dicat
494 1238 697 1283 mulieres
715 1239 995 1299 alienigenaS,
1014 1256 1201 1300 quarum
1224 1255 1371 1285 amore
1390 1258 1507 1288 exar-

108 1320 237 1366 serat,
258 1311 497 1370 significare
518 1309 731 1355 Ecclesias
754 1309 912 1354 electas
935 1308 990 1353 de
1014 1311 1232 1369 gentibus.
1256 1314 1404 1357 Posset
1420 1314 1504 1358 hoc

109 1379 288 1426 fortasse
310 1397 400 1427 non
423 1380 612 1426 absurde
635 1379 838 1439 intelligi,
864 1381 898 1424 si
919 1379 1004 1424 illae
1025 1390 1204 1441 propter
1227 1382 1505 1428 Salomonem

108 1452 358 1498 desererent
386 1451 490 1497 deos
521 1467 637 1507 suos⁷
672 1460 716 1496 et
737 1450 930 1497 colerent
955 1455 1093 1496 Deum
1126 1454 1216 1513 ejus
1239 1473 1246 1499 :
1272 1469 1374 1498 cum
1400 1470 1503 1500 vero

107 1523 198 1582 ipse
219 1531 397 1582 propter
417 1522 512 1566 illas
534 1520 722 1567 offendit
745 1524 884 1566 Deum
906 1538 1051 1578 suum,
1077 1532 1120 1567 et
1141 1523 1278 1568 coluit
1300 1526 1404 1570 deos
1426 1541 1500 1570 ea-

108 1609 223 1649 rum,
243 1609 334 1638 non
351 1602 416 1637 est
431 1592 540 1653 quid
560 1591 663 1637 inde
685 1593 790 1637 boni
811 1594 1054 1653 conjectare
1076 1594 1303 1653 possimus.
1325 1598 1414 1641 Nec
1433 1605 1500 1640 ta-

107 1679 210 1708 men
231 1663 340 1708 nihil
357 1664 545 1708 arbitror
561 1662 829 1722 significare,
854 1663 929 1707 sed
947 1664 1127 1719 malum,
1153 1665 1265 1709 sicut
1287 1665 1341 1709 de
1364 1682 1499 1711 uxore

107 1734 366 1796 filiabusque
387 1735 501 1780 Loth
519 1734 719 1778 diximus.
743 1737 938 1793 Apparet
959 1735 1075 1779 enim
1098 1736 1143 1778 in
1168 1751 1348 1795 persona
1370 1738 1500 1797 hujus

110 1805 351 1851 Salomonis
385 1815 427 1850 et
462 1805 569 1850 mira
597 1804 867 1860 excellentia,
903 1813 946 1848 et
979 1806 1086 1849 mira
1103 1806 1342 1851 subversio.
1369 1807 1499 1860 Quod

108 1877 240 1936 igitur
258 1876 306 1921 in
326 1875 402 1921 illo
424 1875 600 1921 diversis
622 1875 893 1934 temporibus
917 1875 1082 1932 extitit,
1108 1877 1226 1935 prius
1249 1877 1434 1933 bonurn,
1458 1888 1501 1923 et

108 1947 320 2007 posterius
336 1945 518 2002 malum,
546 1947 630 1991 hoc
650 1946 696 1990 in
714 1945 906 1991 Ecclesia
928 1946 973 1990 in
996 1946 1077 1991 isto
1101 1946 1245 1992 adhuc
1263 1948 1424 1994 saeculo
1443 1950 1501 1993 si-

107 2017 202 2063 mul
224 2034 314 2063 uno
331 2027 527 2078 tempore
549 2016 808 2063 ostenditur.
836 2020 945 2063 Nam
969 2018 1087 2062 bono
1105 2017 1235 2074 illius,
1260 2019 1398 2065 bonos
1420 2023 1502 2066 Ec-

109 2089 270 2148 clesiae3
286 2089 402 2135 malo
415 2099 560 2134 autem
573 2088 704 2144 illius,
719 2088 854 2133 malos
871 2087 1075 2133 Ecclesiae
1089 2089 1352 2148 significatos
1367 2101 1497 2151 puto:

110 2171 318 2222 tanquam
336 2161 383 2204 in
403 2160 571 2205 unitate
589 2161 718 2208 unius
740 2176 866 2215 areae,
891 2160 1003 2204 sicut
1023 2161 1069 2204 in
1092 2159 1167 2204 illo
1191 2177 1280 2206 uno
1302 2162 1495 2219 homine,

108 2233 247 2278 bonos
264 2232 310 2275 in
330 2233 487 2290 granis,
508 2230 644 2275 malos
661 2231 706 2276 in
723 2230 894 2291 palea²3
914 2240 964 2275 ut
985 2231 1031 2274 in
1046 2231 1213 2275 unitate
1230 2233 1358 2276 unius
1380 2249 1499 2292 sege-

110 2303 181 2359 tis,
205 2303 344 2347 bonos
366 2302 411 2345 in
436 2300 595 2355 tritico,
616 2300 752 2345 malos
775 2302 820 2344 in
845 2302 1056 2345 zizaniis2.
1085 2302 1128 2346 Si
1150 2302 1259 2362 quid
1281 2303 1383 2348 hinc
1398 2320 1501 2350 sane

110 2376 176 2420 his
208 2390 308 2435 quae
340 2372 394 2416 de
430 2371 504 2416 illo
533 2372 692 2432 scripta
713 2380 816 2416 sunt
833 2370 1084 2431 diligentius
1107 2376 1394 2432 pertractatis,
1414 2378 1501 2422 sive

112 2446 236 2501 mihi,
260 2446 347 2490 sive
370 2443 638 2489 doctioribus
657 2452 789 2504 atque
806 2443 1073 2500 melioribUS,
1099 2443 1218 2490 aliud
1235 2447 1502 2506 probabilius

157 2531 170 2552 ¹
191 2530 310 2563 Mattb.
330 2541 377 2569 111,
400 2539 450 2563 12.
468 2547 497 2554 ·-
523 2537 534 2553 ²
555 2531 602 2563 Id.
621 2542 689 2572 xm,
711 2531 763 2563 30.

253 2595 442 2626 CXXXVI.
1294 2590 1318 2625 7
