1803 3250
349 181 401 218 96
773 192 805 217 s.
842 189 1072 220 Aucus'nm
1106 193 1285 221 muscom

348 263 502 314 puteus
524 255 731 312 septimus
749 273 757 298 :
784 256 1027 315 quamlibet
1049 266 1194 301 autem
1218 257 1374 301 harum
1397 256 1586 300 nominis
1608 257 1737 316 hujus

345 326 750 383 interpretationum
779 326 824 370 in
853 326 898 371 id
920 329 1040 388 quod
1062 329 1205 372 dicere
1230 326 1520 382 intendimus,
1546 343 1738 372 assuma-

342 410 455 445 mus,
481 396 580 438 satis
604 396 821 456 congruit.
845 399 953 443 Nam
972 399 1075 442 etin
1088 399 1278 444 Canticis
1292 398 1565 443 canticorum
1581 413 1739 457 sponsa

341 465 413 509 illa
431 464 619 511 Ecclesia
641 475 721 522 est,
745 483 845 527 quae
866 478 1048 513 vocatur
1064 473 1224 514 Puteus
1242 486 1367 530 aquae
1385 469 1518 513 vivae¹
1541 487 1549 513 :
1576 477 1619 512 et
1636 468 1739 512 huic

341 545 473 594 puteo
487 538 717 596 septenarii
733 539 904 583 numeri
917 540 1135 584 nomenin
1154 541 1339 599 Spiritus
1359 540 1499 584 sancti
1517 538 1738 597 significa-

344 607 460 651 tione
477 609 760 668 conjungitur
776 630 787 666 3
812 619 989 669 propter
1010 611 1222 655 rationem
1240 614 1534 665 Pentecostes,
1562 624 1652 669 quo
1670 608 1740 652 die

339 678 395 721 dc
409 678 522 723 coelo
535 679 691 724 missus
707 681 891 739 Spiritus
907 690 1080 725 sanctus
1096 682 1257 725 venit'2.
1277 683 1337 724 De
1351 681 1607 739 septimanis
1623 679 1738 723 enim

338 758 537 794 constare
558 749 762 794 eumdem
787 750 945 795 festum
967 751 1099 806 diem,
1134 751 1284 794 Tobiae
1307 766 1485 810 quoque
1517 750 1741 809 Scriptura

341 823 562 865 testatur³.
591 821 660 865 Ad
677 822 967 881 quadraginta
991 836 1150 865 novem
1174 829 1337 877 autem,
1359 820 1480 881 quod
1498 829 1562 865 est
1583 822 1741 879 septies

336 902 520 951 septem,
547 908 686 937 unum
711 892 903 944 additur,
928 908 1018 952 quo
1044 893 1185 936 unitas
1205 892 1556 937 commendatur.
1586 895 1638 936 ln
1660 893 1741 936 hac

337 963 504 1006 ratione
526 963 632 1007 vivit
654 962 891 1021 apostolica
919 961 994 1005 illa
1016 962 1231 1005 sententia
1250 981 1258 1006 ;
1285 981 1304 1002 «
1327 962 1596 1006 Sufferentes
1626 962 1742 1006 invi-

339 1050 358 1073 »
394 1047 489 1076 cem
512 1033 557 1076 in
580 1032 836 1088 dilectione,
868 1032 1095 1076 studentes
1123 1047 1292 1077 servare
1325 1033 1540 1077 unitatem
1563 1032 1740 1093 spiritus

338 1122 358 1145 »
394 1104 439 1148 in
456 1104 633 1149 vinculo
652 1105 810 1164 pacis⁴.
834 1123 853 1145 »
877 1107 1001 1149 Dono
1017 1105 1166 1164 itaque
1180 1103 1381 1164 spiritali,
1399 1105 1482 1150 hoc
1505 1114 1569 1149 est
1593 1114 1740 1164 septe-

334 1175 472 1230 nario,
501 1175 615 1220 facta
637 1185 701 1220 cst
723 1175 916 1220 Ecclesia
940 1185 1096 1235 puteus
1120 1177 1355 1221 satietatis:
1381 1178 1484 1237 quia
1507 1177 1651 1222 factus
1673 1187 1740 1222 est

333 1246 379 1290 in
411 1262 461 1290 ea
495 1246 594 1292 fons
623 1263 749 1307 aquae
778 1246 969 1291 salientis
1001 1248 1045 1291 in
1066 1249 1200 1293 vitam
1222 1251 1475 1304 aeternam⁵‚
1505 1264 1640 1309 quam
1663 1249 1741 1309 qui

333 1318 552 1374 habuerit,
588 1334 679 1364 non
709 1319 824 1364 sitiet
856 1319 899 1362 in
932 1328 1161 1364 oeternum.
1193 1321 1312 1364 Urias
1350 1335 1452 1365 vero
1487 1320 1564 1379 qui
1596 1319 1741 1365 fuerat

334 1393 514 1435 maritus
537 1391 646 1450 ejus,
674 1389 782 1450 quid
806 1390 926 1434 aliud
954 1406 1088 1451 quam
1117 1389 1343 1435 diabolum
1366 1391 1556 1436 nominis
1577 1392 1645 1434 sui
1668 1391 1739 1434 in-

336 1461 647 1521 terpretatione
683 1461 899 1520 significat
920 1463 938 1504 Ρ
980 1463 1118 1522 Cujus
1149 1471 1274 1506 erant
1309 1462 1494 1522 pessimo
1532 1463 1740 1523 conjugio

333 1531 513 1591 deligati
545 1547 695 1577 omnes
727 1547 838 1592 quos
869 1533 1004 1590 gratia
1038 1533 1113 1576 Dei
1141 1532 1314 1587 liberat,
1348 1542 1398 1577 ut
1430 1532 1623 1578 Ecclesia
1646 1532 1738 1576 sine

332 1602 504 1647 macula
525 1612 568 1647 et
585 1619 691 1662 ruga
705 1602 916 1648 salvatori
928 1603 1105 1662 proprio
1115 1602 1347 1662 copuletur
1357 1606 1389 1646 ⁶.
1408 1604 1530 1647 Urias
1544 1618 1737 1662 namque

331 1675 642 1735 interpretatur
658 1678 752 1719 Lux
769 1690 865 1719 mea
877 1675 975 1719 Dei:
992 1675 1216 1720 Chaetteus
1230 1693 1239 1719 ε
1255 1675 1460 1719 Abscisus
1472 1683 1636 1731 autem,
1648 1675 1737 1720 sive

331 1745 452 1805 quod
476 1746 520 1790 in
542 1746 724 1790 veritate
742 1761 833 1790 non
854 1745 1014 1800 stetit⁷,
1030 1746 1107 1789 secl
1125 1761 1148 1790 a
1163 1745 1263 1789 luce
1277 1761 1354 1790 sua
1371 1750 1578 1805 superna,
1603 1761 1735 1806 quam

329 1816 385 1860 de
409 1820 499 1862 Deo
519 1817 728 1871 habebat,
753 1815 971 1875 superbiae
995 1817 1149 1860 merito
1167 1816 1359 1861 abscisus
1387 1825 1476 1874 est,
1502 1817 1591 1861 sive
1614 1815 1737 1877 quod

329 1886 529 1933 cadendo
560 1888 670 1932 veris
703 1887 868 1932 viribus
899 1885 1094 1947 perditis,
1129 1887 1409 1947 transfigurat
1437 1902 1482 1932 se
1511 1897 1660 1932 tamen
1690 1889 1736 1932 in

324 1959 548 2019 Angelum
569 1959 678 2005 lucis
693 1962 726 2014 8,
755 1958 920 2004 audens
943 1959 1088 2003 adhuc
1111 1957 1255 2003 dicere
1277 1978 1285 2003 ε
1314 1962 1411 2003 Lux
1433 1974 1530 2003 mea
1552 1958 1629 2003 Dei
1652 1967 1732 2003 est.

325 2033 442 2088 Ergo
468 2032 548 2076 iste
578 2030 760 2091 quidem
790 2029 929 2075 David
962 2030 1149 2089 graviter
1177 2030 1473 2090 scelerateque
1507 2031 1732 2089 peccavit,

321 2103 446 2160 quod
468 2103 610 2147 scelus
628 2104 719 2162 ejus
741 2102 872 2146 etiam
895 2117 971 2161 per
996 2102 1258 2160 Prophetam
1281 2104 1397 2145 Deus
1422 2102 1566 2160 arguit
1587 2102 1733 2145 incre-

324 2175 487 2229 pand0,
508 2184 553 2220 et
569 2175 662 2235 ipse
680 2173 821 2219 abluit
844 2172 1126 2233 poenitendo9
1149 2192 1157 2217 2
1183 2182 1488 2218 verumtamen
1516 2172 1588 2216 ille
1611 2173 1733 2217 Desi-

321 2241 529 2291 derabilis
566 2246 773 2293 omnibus
807 2246 1027 2304 gentibus,
1074 2245 1293 2289 adamavit
1330 2244 1571 2289 Ecclesiam
1604 2260 1734 2305 super

324 2321 489 2360 tectum
505 2334 548 2363 se
562 2320 806 2374 lavantem,
831 2317 879 2362 id.
900 2327 980 2373 est,
1007 2316 1295 2361 mundantem
1318 2331 1362 2360 se
1382 2332 1406 2361 a
1427 2316 1629 2360 sordibus
1651 2331 1734 2357 sae-

373 2434 378 2448 ¹
402 2430 494 2461 Cant.
514 2442 560 2469 iv,
590 2433 644 2467 15..
664 2449 708 2455 —
726 2439 739 2455 2
759 2434 833 2465 Act.
853 2443 887 2470 ιι,
911 2444 938 2465 1.
958 2448 994 2454 --
1013 2430 1026 2453 3
1040 2431 1267 2467 Tobia3‚j11xt‹1
1285 2428 1382 2457 LXX.
1400 2444 1440 2449 —
1459 2425 1474 2455 4
1494 2426 1608 2469 Ephcs.
1637 2438 1680 2469 iv,
1699 2436 1731 2460 9.

321 2498 362 2504 -—
376 2480 391 2505 ⁵
411 2484 503 2516 Joan.
521 2495 567 2522 iv,
591 2485 648 2527 14„
668 2501 711 2508 -
725 2486 741 2508 <3
760 2488 877 2524 Ephe».
903 2497 935 2526 v,
953 2492 1008 2525 27·
1024 2498 1064 2505 -
1081 2489 1093 2515 7
1115 2484 1205 2515 Joan.
1227 2481 1425 2524 vu1‚415.u-·
1441 2480 1456 2505 8
1476 2491 1496 2516 2
1515 2485 1586 2517 Cor.
1607 2494 1654 2525 xi,
1677 2483 1729 2526 14.

321 2554 362 2562 —-
375 2546 391 2571 9
408 2547 427 2572 2
452 2541 531 2582 Reg·
552 2551 595 2574 xi.
