1803 3250
434 217 599 246 CONTRA
631 214 846 252 FAUSTUM,
881 217 963 244 Lm.
1000 218 1111 245 xxu.
1411 210 1466 247 23

82 293 171 329 tam
198 283 342 328 lucem
370 284 581 327 mersisset
613 282 658 325 in
694 281 894 325 tenebras
917 281 936 322 ἲ
964 284 1138 335 Quanto
1163 282 1316 328 melius
1337 299 1465 329 exor-

81 364 171 400 tam
191 354 272 399 sibi
295 370 453 400 novam
474 354 618 398 lucem
640 353 696 397 ad
717 350 928 410 fugandas
951 354 1149 398 tenebras
1169 355 1349 400 miratus
1368 354 1465 400 lau-

80 424 225 481 daret,
251 440 383 486 quam
410 425 621 469 irruentes
652 423 734 467 sibi
757 432 923 467 veteres
945 424 1145 469 tenebras
1169 426 1250 470 nisi
1269 442 1344 472 sua
1366 426 1466 473 luce

79 496 410 551 contenebrata,
434 494 595 541 evitare
611 509 701 538 non
718 494 891 552 posset?
915 492 1088 550 Infelix,
1109 495 1143 538 si
1158 498 1464 557 perturbatus3

78 567 281 622 crudelis,
305 567 342 612 si
363 581 538 612 securus
558 567 643 611 hoc
670 564 789 610 fecit.
815 564 971 611 Melius
993 566 1109 610 enim
1131 576 1248 611 certe
1266 584 1289 612 a
1306 583 1350 612 se
1371 568 1463 613 fac-

78 647 165 683 tam
188 637 330 683 lucem
350 637 518 683 videret
531 672 542 693 ,
565 646 608 682 et
629 636 861 681 miraretur
879 637 1043 682 bonam
1059 672 1070 692 ,
1094 652 1227 697 quam
1242 654 1266 682 a
1280 654 1324 682 se
1345 641 1467 697 geni-

78 718 166 753 tam
187 707 348 752 faceret
370 707 530 752 malam
552 727 561 753 ε
586 723 686 769 quae
717 708 777 752 sic
804 707 861 751 ab
888 722 940 752 eo
967 707 1129 767 repulit
1159 709 1360 753 tenebras
1380 710 1466 753 ini-

77 779 225 834 micas,
249 788 300 824 ut
321 779 362 824 ei
381 779 504 824 fieret
525 779 714 824 inimica.
749 781 841 824 Hoc
862 778 980 823 enim
1007 778 1149 839 culpae
1175 779 1467 840 imputabitur

76 850 333 896 damnandis
349 851 395 895 in
418 851 549 910 globo
566 850 649 896 illis
674 850 882 911 reliquiis,
907 850 1030 912 quod
1051 867 1195 896 errare
1215 867 1260 896 se
1277 868 1301 897 a
1323 852 1467 912 priore

74 920 221 966 lucida
248 936 326 966 sua
348 930 502 966 natura
532 937 667 981 passae
696 931 822 977 sunt,
855 930 899 966 et
918 922 1107 967 inimicae
1133 922 1291 966 lumini
1318 933 1469 969 sancto

75 993 337 1038 extiterunt:
360 992 482 1053 quod
504 1002 739 1053 antequam
758 992 816 1036 eis
839 992 1054 1038 accideret
1077 1008 1128 1037 ex
1147 994 1409 1049 aeternitate,
1434 995 1468 1038 si

74 1063 328 1108 nesciebant
350 1064 434 1108 hoc
461 1064 544 1107 sibi
574 1063 777 1108 futurum
795 1098 807 1118 ,
845 1073 1029 1108 aeternas
1058 1064 1317 1122 ignorantiae
1342 1074 1469 1110 tene-

74 1134 196 1192 bras3
224 1134 259 1177 si
275 1142 423 1178 autem
445 1133 656 1187 sciebant,
682 1142 864 1177 aeternas
897 1133 1062 1178 timoris
1093 1134 1304 1178 tenebras·
1325 1136 1467 1194 patie-

73 1204 247 1250 bantur.
284 1207 397 1250 Ecce
432 1220 532 1249 vere
565 1220 663 1264 pars
696 1214 741 1248 et
774 1205 1015 1249 substantia
1045 1205 1114 1249 dei
1150 1206 1280 1250 vestri
1312 1206 1357 1250 in
1379 1207 1466 1251 suis

74 1278 263 1322 tenebris
284 1292 335 1321 ex
356 1277 597 1321 aeternitate
618 1285 786 1321 versata
815 1284 879 1320 est
902 1295 911 1320 ε
938 1292 1018 1321 nec
1043 1286 1189 1335 postea
1216 1276 1361 1321 lucem
1383 1293 1466 1323 no-

72 1364 172 1394 vam
194 1349 347 1393 mirata
376 1357 462 1404 est,
496 1348 572 1392 sed
604 1347 707 1392 alias
738 1347 939 1392 tenebras
965 1347 1142 1402 alienas,
1168 1364 1276 1408 quas
1295 1364 1466 1408 semper

73 1418 271 1473 timebat,
295 1419 496 1463 incurrit.
523 1421 656 1462 Porro
678 1419 769 1477 ipse
793 1420 922 1472 Deus,
945 1418 1068 1478 cujus
1090 1417 1164 1462 illa
1186 1433 1283 1477 pars
1300 1428 1407 1474 erat,
1433 1421 1465 1463 si

73 1490 214 1534 eidem
238 1489 350 1549 parti
371 1505 461 1534 suae
488 1490 686 1534 futurum
713 1498 884 1534 tantum
907 1488 1072 1532 malum
1096 1489 1303 1544 timebat,
1334 1491 1464 1535 etiam

72 1561 215 1620 ipsum
224 1569 544 1619 occupaverant
556 1559 721 1604 timoris
733 1559 947 1604 tenebrae:
963 1559 997 1603 si
1008 1568 1152 1604 autem
1163 1560 1246 1604 hoc
1261 1559 1459 1605 futurum

72 1631 314 1686 nesciebat,
346 1630 602 1689 ignorantiae
631 1630 820 1674 tenebris
848 1631 1095 1675 caecabatur
1117 1649 1126 1676 ι
1153 1631 1187 1675 si
1210 1641 1355 1676 autem
1382 1632 1466 1676 hoc

73 1701 186 1762 parti
207 1716 297 1745 suae
319 1700 522 1746 futurum
545 1701 724 1755 sciebat,
750 1710 792 1745 et
814 1716 904 1745 non
923 1701 1133 1756 timebat,
1167 1703 1333 1761 pejores
1363 1712 1468 1747 sunt

73 1771 264 1817 tenebrae
286 1780 418 1815 tantae
435 1771 720 1826 crudelitatis,
741 1786 871 1831 quam
889 1771 958 1816 vel
972 1771 1229 1830 ignorantiae
1245 1772 1313 1816 vel
1329 1772 1462 1818 timo·

74 1844 129 1887 ris
156 1862 165 1888 :
190 1857 334 1903 neque
356 1842 472 1886 enim
494 1842 686 1886 habebat
706 1842 812 1886 deus
825 1851 982 1897 vester,
1000 1842 1122 1903 quod
1140 1843 1186 1886 in
1205 1843 1297 1903 ipsa
1313 1859 1460 1900 carne,

71 1929 204 1975 quam
226 1929 316 1958 non
337 1929 360 1958 a
386 1917 490 1968 Deo,
515 1912 590 1958 sed
613 1914 668 1958 ab
698 1912 811 1970 Hyle
832 1912 990 1958 tactam
1011 1913 1334 1959 dementissime
1366 1930 1463 1959 cre-

72 1986 188 2040 ditis,
214 1986 273 2030 sic
294 1984 444 2030 laudat
465 1984 699 2045 Apostolus
717 2004 726 2030 ε
751 2004 770 2028 «
795 1985 838 2030 Si
856 1985 1019 2045 patitur
1034 2001 1174 2030 unum
1196 1986 1461 2041 membrum,

75 2076 95 2099 »
121 2057 447 2117 compatiuntur
469 2058 616 2102 omnia
638 2058 835 2102 membra
852 2059 923 2102 1.»
948 2057 1032 2103 Sed
1058 2073 1148 2102 non
1178 2074 1462 2103 accusamus:

71 2128 342 2188 praesciebat,
366 2128 564 2183 timebat,
589 2127 782 2184 dolebat,
806 2127 881 2172 sed
899 2127 1008 2188 quid
1028 2127 1190 2173 faceret
1215 2145 1305 2173 non
1326 2129 1464 2173 habe-

72 2200 161 2244 bat.
187 2202 239 2244 In
260 2199 327 2244 his
348 2214 450 2258 ergo
474 2215 563 2243 suae
579 2200 763 2244 miseriae
782 2199 973 2244 tenebris
992 2215 1043 2243 ex
1058 2200 1302 2244 aeternitate
1316 2216 1464 2244 versa-

72 2280 143 2316 tus
164 2280 243 2325 est,
268 2286 349 2315 nec
373 2280 520 2331 postea
542 2287 697 2316 novam
721 2271 863 2315 lucem
885 2287 982 2330 quae
997 2272 1051 2315 ab
1073 2271 1149 2316 illo
1169 2272 1367 2316 tenebras
1390 2271 1464 2316 fu·

73 2351 209 2401 garet,
226 2342 406 2386 miratus
419 2352 509 2401 est3
533 2342 607 2387 sed
630 2343 732 2387 alias
752 2343 970 2396 tenebras,
993 2358 1100 2401 quas
1114 2359 1283 2403 semper
1300 2343 1457 2398 timuit,

71 2427 231 2470 magno
253 2411 368 2456 malo
396 2428 486 2456 suae
508 2412 617 2456 lucis
643 2424 846 2470 expertus
867 2423 945 2457 est.
973 2417 1146 2465 Quanto
1169 2414 1346 2467 melius,
1374 2430 1460 2457 non

73 2481 213 2526 dicam
234 2491 500 2541 praeceptum
524 2483 647 2526 daret
667 2485 774 2526 sicut
794 2486 929 2533 Deus,
951 2483 1024 2527 sed
1042 2493 1309 2542 praeceptum
1345 2485 1458 2527 acri-

123 2574 130 2588 “
158 2579 168 2598 ι
187 2569 259 2599 Cor.
282 2578 335 2602 xu,
359 2568 409 2598 26.
