1803 3250
283 231 367 273 342
720 238 754 269 s.
790 237 1022 270 Ausus-rim
1054 242 1234 271 nemeen

281 308 501 363 tionibus;
525 306 627 365 quia
650 305 740 365 ipsa
761 321 937 366 prorsus
959 307 1107 367 ignota
1130 316 1193 351 est
1214 307 1420 352 humanis
1443 309 1668 367 sensibus,

275 390 317 425 et
341 380 413 423 vix
436 387 677 438 utcumque
699 378 971 437 intelligitur,
989 395 1090 425 cum
1111 396 1175 424 res
1199 381 1243 424 in
1262 379 1454 424 deterius
1471 396 1671 426 commu·

280 461 457 505 tantur3
486 458 695 509 tanquam
719 449 756 494 ei
784 451 1050 511 propinquet
1073 451 1268 512 quidque
1300 449 1566 508 deformius,
1592 468 1672 498 nec

276 522 506 584 preveniat
531 531 674 566 tamen
700 523 755 566 ad
779 521 895 566 illam
925 522 1239 567 informitatem
1267 522 1674 585 quantulacumque

275 594 344 640 vel
369 592 548 637 visibilis
583 603 811 638 romanens
847 591 916 638 vel
945 593 1226 653 intelligibilis
1256 594 1416 653 species
1447 614 1456 639 z
1487 594 1576 638 sive
1596 611 1675 654 per

274 665 438 712 coelum
470 674 514 709 et
538 673 695 709 terram
725 666 987 724 generaliter
1014 667 1134 725 prius
1160 666 1377 710 insinuata
1397 666 1451 710 sit
1472 666 1674 725 spiritalis

273 735 598 798 corporalisque
619 747 774 780 natura
801 756 810 781 ε
837 737 927 780 sive
955 736 1120 797 aliquid
1147 736 1290 791 aliud,
1316 737 1437 797 quod
1459 737 1531 782 liic
1558 737 1675 784 salva

275 808 375 854 fidei
401 808 547 867 regula
573 807 754 865 intelligi
779 815 922 867 potest
941 826 955 852 :⁴
979 810 1113 852 Deum
1142 816 1286 851 tamen
1309 822 1462 853 verum
1490 818 1533 854 et
1550 825 1673 854 sum-

274 895 397 926 mum
420 888 464 924 et
494 880 658 923 bonum
685 877 835 922 fecisse
855 888 1013 922 cuncta
1035 894 1135 939 quae
1153 879 1388 934 cernimus,
1409 889 1564 940 etquae
1582 896 1673 925 me-

272 952 379 997 liora
406 967 493 995 non
517 949 751 1004 cernimus,
780 949 978 1009 quamvis
1006 950 1164 994 modus
1185 967 1275 1011 quo
1302 966 1352 995 ea
1374 949 1526 996 fecerit
1546 967 1672 997 com-⁴

277 1021 490 1084 prehendi
510 1023 700 1066 humana
721 1032 866 1066 mente
883 1037 971 1066 non
992 1023 1147 1082 possit,
1173 1021 1378 1067 dubitare
1397 1023 1462 1067 fas
1480 1039 1571 1068 non
1591 1034 1670 1070 est.

277 1095 361 1142 Sed
384 1109 484 1140 cum
508 1095 598 1139 istis
618 1094 802 1138 indoctis
817 1093 1239 1153 blasphematoribus
1256 1095 1513 1140 Litterarum
1531 1111 1675 1141 sacra-

276 1182 372 1212 rum
397 1182 484 1211 non
516 1183 565 1210 ea
595 1165 814 1210 rationum
843 1166 1086 1210 subtilitate
1114 1165 1332 1224 agendum
1367 1176 1457 1218 est,
1489 1184 1575 1227 qua
1596 1169 1674 1214 ista

272 1238 508 1300 quaerenda
531 1248 631 1283 sunt
653 1248 698 1282 et
719 1238 831 1282 inter
852 1238 1054 1297 pacificos
1079 1238 1151 1281 Dei
1173 1237 1281 1280 filios
1305 1237 1588 1297 disputanda.

333 1312 452 1355 XIV.
491 1309 574 1355 Sed
597 1311 628 1354 si
649 1318 774 1370 putat
798 1310 878 1353 iste
901 1307 1107 1353 adversus
1125 1307 1262 1352 libros
1280 1309 1408 1367 Legis
1423 1318 1464 1352 et
1483 1310 1678 1369 Prophe—

279 1397 418 1426 tarum
444 1397 488 1426 se
511 1397 657 1437 nosse,
683 1380 803 1442 quod
827 1381 932 1424 dicit
957 1396 1002 1424 se
1025 1380 1156 1433 scire,
1187 1394 1410 1423 summum
1444 1382 1579 1424 Deum
1605 1381 1675 1426 in·-

281 1453 619 1513 eomparabilem
643 1452 920 1511 splendorem
944 1450 1396 1509 incomprehensibilis
1423 1466 1513 1495 esse
1538 1450 1674 1499 lucis:

281 1525 421 1586 primo
443 1523 592 1569 audire
606 1524 661 1568 ab
678 1540 728 1568 eo
748 1522 920 1578 vellem,
938 1521 1181 1583 cujuslueis
1199 1522 1414 1566 existimet
1431 1538 1521 1567 esse
1534 1523 1680 1584 splen-³

279 1597 430 1642 dorem
460 1612 682 1641 summum
715 1600 874 1654 Denm3
909 1605 1059 1639 utrum
1085 1605 1129 1639 et
1158 1595 1248 1655 ipsa
1278 1594 1352 1638 lux
1385 1598 1498 1638 Deus
1521 1596 1603 1652 sit,
1635 1606 1679 1642 et

280 1680 429 1715 utrum
456 1673 624 1714 Patrem
649 1668 862 1726 intelligat
884 1667 1027 1713 lucem
1045 1703 1055 1723 ‚
1081 1669 1262 1729 ejusque
1283 1666 1560 1727 splendorem
1576 1670 1679 1714 tini-

281 1741 476 1802 genitum
514 1742 698 1794 Filium,
739 1756 871 1801 quem
911 1750 1057 1785 tamen
1090 1738 1314 1784 confessus
1349 1749 1412 1784 est
1451 1755 1675 1786 summum

282 1817 436 1860 Deum.
462 1815 593 1866 Quod
615 1813 647 1857 si
666 1812 722 1857 ita
738 1812 890 1867 sentit,
908 1813 1105 1872 approbo
1117 1822 1160 1856 et
1171 1810 1321 1856 laudo.
1343 1809 1428 1856 Sed
1441 1811 1562 1872 quod
1577 1824 1679 1858 eum

281 1900 411 1947 quem
435 1884 573 1929 credit
599 1899 688 1928 esse
709 1884 859 1928 lumen
888 1883 943 1927 de
965 1883 1133 1926 lumine
1149 1917 1160 1937 ,
1194 1882 1263 1928 vel
1291 1882 1681 1942 incomparabilem

282 1956 557 2017 splendorem
582 1955 1032 2015 incomprehensibilis
1056 1953 1181 2010 lucis,
1208 1969 1296 1999 non
1321 1954 1460 1999 credit
1476 1970 1566 1999 esse
1585 1956 1681 2016 opi-⁶

285 2030 408 2074 ficem
429 2029 598 2083 mundi,
617 2028 819 2087 improbo
833 2036 874 2071 et
890 2027 1022 2086 culpo
1043 2046 1052 2072 t
1074 2043 1174 2072 cum
1195 2026 1255 2070 ibi
1279 2027 1424 2086 legat:
1449 2027 1681 2073 «Mundus

288 2120 308 2143 »
335 2117 412 2161 per
431 2116 535 2144 eum
567 2100 704 2145 tactus
741 2109 825 2158 est3
847 2119 865 2141 »
892 2100 968 2144 ubi
997 2099 1101 2158 legit
1131 2118 1138 2144 z
1176 2101 1316 2143 «Erat
1345 2099 1496 2143 lumen
1526 2113 1680 2145 verum

293 2193 310 2214 υ
335 2172 455 2233 qnod
490 2170 706 2215 illuminat
735 2184 908 2215 omnem
944 2171 1164 2215 hominem
1200 2171 1449 2225 venientem
1481 2171 1527 2214 in
1561 2172 1681 2216 hune

291 2260 311 2285 υ
342 2243 601 2288 mundum¹.
628 2263 645 2284 »
675 2243 880 2302 Improbo
901 2243 1060 2297 eiiam,
1088 2243 1122 2286 si
1151 2242 1312 2296 nescit,
1343 2242 1569 2302 magisque
1596 2243 1681 2286 im-

290 2315 428 2374 probo
452 2326 583 2375 atque
607 2315 812 2366 detestor,
836 2314 870 2358 si
893 2314 987 2368 scit,
1007 2323 1050 2357 et
1072 2313 1301 2357 insidiatur
1319 2323 1366 2356 ut
1382 2312 1570 2374 decipiat
1591 2323 1682 2359 nes*⁴

291 2387 453 2430 cientes
470 2386 513 2428 in
533 2386 749 2429 veteribus
765 2386 882 2445 prius
898 2384 1055 2429 divinis
1073 2385 1245 2428 Litteris
1255 2385 1463 2444 scriptum
1488 2403 1497 2429 :
1523 2386 1684 2429 «Acce-

296 2478 313 2498 »
336 2457 424 2501 dite
441 2456 630 2511 adeum,
647 2467 689 2501 et
706 2457 1084 2501 illuminamini2.»
1103 2459 1177 2509 Et,
1199 2460 1497 2516 «Praeceptum
1511 2456 1684 2500 Domini

297 2548 315 2569 »
342 2528 533 2573 lucidum
568 2529 820 2573 illuminans
853 2528 1042 2573 oculosss.
1063 2545 1083 2569 »
1119 2528 1203 2583 Et,
1240 2545 1259 2569 α
1279 2527 1482 2572 lllumina
1510 2525 1685 2572 occulos

347 2632 350 2636 Δ
383 2618 455 2645 lofin
489 2626 511 2647 i,
535 2626 555 2656 9
574 2619 601 2644 ot
632 2626 676 2646 io.
692 2631 730 2636 «-
748 2621 758 2635 ²
782 2614 859 2645 psal.
883 2624 995 2651 xxxiii,
1010 2613 1041 2645 (3.
1060 2631 1097 2635 -
1113 2611 1125 2635 3
1144 2613 1189 2643 Id.
1208 2623 1346 2655 xvii1,9.
