1803 3250
332 238 414 277 444
752 246 786 274 s.
823 247 1053 276 ΑυαυεΤῐΝι
1087 248 1267 276 zmscom

331 332 415 360 non
441 315 519 358 nisi
542 322 771 357 aeternum.
793 315 1000 367 Quamvis
1013 312 1191 374 quidam
1206 313 1427 358 interdum
1443 315 1574 359 etiam
1592 326 1717 361 aeter-

330 386 424 430 nale
446 384 636 428 audeant
658 384 818 439 dicere,
845 400 899 429 ne
924 387 1089 430 Latinae
1108 383 1269 443 linguae
1291 384 1437 430 deesse
1450 386 1652 431 videatur
1665 389 1718 433 ab

327 458 479 500 eodem
505 456 682 500 nomine
704 456 931 501 derivatio.

388 529 418 569 V
427 530 459 570 Ι.
497 528 551 570 Et
566 526 747 570 fortasse
760 526 939 587 quidem
953 526 1196 571 secundum
1213 540 1379 571 morem
1397 527 1719 587 Scripturarum

326 598 547 642 inveniant
566 598 634 642 isti
657 598 822 658 aliquid
847 600 978 643 etiam
1001 606 1131 639 αἰωνίων
1153 598 1338 654 dictum,
1365 598 1487 659 quod
1512 600 1603 643 sine
1633 600 1721 644 fine

327 685 415 714 non
439 670 509 724 sit,
535 669 645 713 sicut
668 672 781 713 Deus
803 670 848 713 in
867 670 987 714 libris
1006 670 1171 713 Veteris
1190 670 1454 714 Testamenti
1472 671 1641 714 assidue
1654 670 1718 715 di-

325 741 382 785 cit
405 760 413 785 :
443 760 462 782 «
487 742 580 785 Hoc
600 740 724 785 vobis
747 741 828 784 erit
849 740 1092 799 legitimum
1116 742 1378 795 aeternum¹‚
1400 759 1420 782 »
1453 742 1575 801 quod
1600 743 1725 786 Grae-

325 828 400 856 cus
419 812 552 856 habet
574 820 695 852 ‹zeum-2
713 830 719 851 :
737 826 836 855 cum
856 809 910 854 de
927 809 1085 854 talibus
1098 811 1377 856 sacramentis
1392 826 1444 856 eo
1463 811 1594 856 modo
1611 828 1726 873 saepe

327 884 605 942 praeciperet,
637 898 736 942 quae
770 882 903 926 finem
932 880 1110 926 fuerant
1139 883 1345 928 habitura
1370 902 1378 928 :
1404 899 1660 944 quanquam
1691 885 1724 930 si

324 954 576 1013 diligentius
599 954 714 998 dicta
737 952 1058 1013 intelligantur,
1085 969 1136 997 ea
1158 953 1339 998 fortasse
1361 971 1462 1015 quae
1481 955 1565 999 illis
1584 970 1725 1000 sacra-

327 1026 481 1069 mentis
494 1024 867 1082 significabantur,
886 1024 1020 1068 finem
1036 1038 1127 1068 non
1138 1034 1262 1069 erant
1274 1025 1495 1069 habitura.
1509 1027 1575 1070 Ita
1590 1026 1723 1082 enim,

326 1112 380 1140 ne
402 1096 576 1155 longius
596 1096 747 1140 abeam
764 1131 775 1150 ‚
801 1094 986 1139 dicimus
1014 1104 1229 1140 aeternum
1253 1098 1395 1140 Deum
1413 1132 1424 1152 ,
1455 1112 1547 1141 non
1574 1097 1729 1157 utique

327 1168 426 1211 istas
445 1166 553 1210 duas
575 1166 847 1211 brevissimas
873 1166 1081 1224 syllabas,
1105 1167 1181 1210 sed
1205 1167 1325 1226 quod
1346 1167 1406 1211 eis
1439 1168 1725 1227 significatur.
1760 1201 1764 1203 -

327 1241 383 1282 Et
406 1238 513 1282 dixit
535 1238 768 1297 Apostolus
782 1247 944 1282 aeterna
963 1247 1160 1298 tempora
1174 1238 1319 1298 priora
1338 1246 1381 1282 et
1394 1239 1591 1298 antiqua,
1606 1240 1728 1298 quod

329 1311 371 1352 ln
396 1312 548 1354 Gl'aeCO
569 1310 726 1368 legitur
748 1318 805 1363 πρὸ
826 1318 942 1362 χρόνων
964 1317 1108 1350 αἶώνίων.
1137 1308 1205 1353 Ad
1229 1310 1376 1353 Titum
1394 1309 1513 1353 enim
1535 1309 1729 1354 scribens

327 1382 386 1424 ait
409 1400 416 1425 :
447 1400 467 1423 (ι
488 1383 616 1440 Spem
639 1380 739 1423 vitae
752 1389 928 1424 aeternae
947 1395 1079 1439 quam
1092 1380 1291 1439 promisit
1306 1394 1396 1423 non
1411 1379 1599 1423 mendax
1615 1382 1729 1424 Deus

329 1470 347 1491 υ
370 1459 469 1494 ante
488 1460 684 1509 tempora
705 1459 867 1493 aeterna
880 1452 912 1493 ².
935 1468 954 1491 »
981 1452 1095 1494 Cum
1110 1458 1257 1494 autem
1274 1458 1510 1494 retrorsum
1530 1458 1727 1509 tempora

325 1538 344 1562 :i
368 1520 681 1564 constitutione
696 1518 850 1563 mundi
866 1520 1026 1563 habere
1039 1519 1278 1564 videantur
1293 1520 1487 1576 initium,
1503 1521 1730 1579 quomodo

321 1601 423 1635 sunt
451 1600 629 1645 aeterna,
658 1591 735 1633 nisi
760 1590 862 1649 quia
885 1599 1048 1634 aeterna
1077 1589 1186 1635 dixit
1208 1606 1308 1650 quae
1333 1600 1434 1635 ante
1456 1606 1500 1635 se
1523 1606 1613 1635 non
1647 1592 1728 1636 ha·

329 1664 433 1706 bent
450 1661 591 1706 ullum
616 1662 822 1720 tempus?

386 1735 484 1777 VII.
515 1732 596 1777 Sed
617 1731 813 1791 quisquis
834 1731 1077 1791 prudenter
1099 1730 1288 1776 advertit
1310 1730 1433 1792 quod
1447 1730 1618 1777 dictum
1641 1743 1727 1780 est:

330 1824 349 1846 «
374 1808 436 1848 Ite
459 1805 666 1861 inignem
688 1804 950 1857 aeternum3‚
973 1820 992 1844 »
1019 1802 1129 1847 illud
1152 1818 1241 1847 esse
1266 1802 1436 1848 dictum
1454 1804 1577 1864 quod
1598 1804 1734 1849 habet

328 1877 476 1929 finem,
503 1890 526 1919 a
549 1874 767 1919 contrario
785 1874 946 1933 probat
968 1889 1019 1918 eo
1036 1875 1130 1933 ipso
1158 1873 1256 1920 loco
1279 1875 1545 1934 Evangelico
1566 1876 1622 1920 de
1644 1878 1733 1921 vita

327 1955 489 1989 aeterna
511 1960 645 2004 quam
660 1945 766 2004 justi
789 1944 1012 2004 accepturi
1034 1954 1138 1989 sunt
1158 1963 1166 1988 :
1189 1960 1280 1990 non
1302 1946 1417 1990 enim
1435 1955 1479 1989 et
1495 1946 1586 2004 ipsa
1599 1947 1734 1991 habet

329 2018 476 2060 finem.
511 2019 575 2060 Ita
599 2017 717 2060 enim
749 2016 994 2061 conclusit:
1027 2016 1205 2060 «Ibunt
1234 2015 1297 2059 illi
1332 2017 1378 2060 in
1408 2017 1734 2062 ambustionem

331 2106 351 2128 »
377 2096 601 2141 aeternam,
622 2087 730 2146 justi
752 2095 900 2129 autem
922 2087 967 2130 in
985 2087 1117 2130 vitam
1139 2087 1395 2130 aeternam4.
1420 2105 1440 2127 »
1469 2090 1521 2131 In
1544 2096 1733 2148 utroque

329 2160 492 2204 Grecus
516 2166 634 2199 aeos-mv
652 2158 802 2202 habet.
831 2158 872 2203 Si
894 2158 1187 2203 misericordia
1211 2173 1291 2204 nos
1308 2168 1517 2219 provocat
1533 2159 1729 2216 credere,

331 2246 419 2275 non
437 2230 638 2275 futurum
654 2230 889 2289 impiorum
904 2229 995 2274 sine
1008 2230 1095 2273 fine
1110 2230 1376 2289 supplicium
1394 2251 1405 2288 3
1430 2229 1539 2290 quid
1555 2231 1611 2274 de
1625 2247 1734 2291 prae-

333 2303 419 2346 mio
444 2303 662 2361 justorum
692 2300 901 2346 credituri
934 2315 1111 2356 sumus,
1143 2316 1245 2346 cum
1276 2302 1322 2345 in
1356 2309 1544 2361 utraque
1577 2312 1729 2362 parte,

332 2372 487 2417 eodem
507 2372 622 2428 loco,
648 2372 799 2417 eadem
817 2371 1030 2416 sententia
1047 2407 1058 2427 ‚
1084 2371 1238 2417 eodem
1263 2372 1400 2417 verbo
1421 2373 1733 2432 pronuntietur

333 2446 583 2488 aeternitas?
605 2447 674 2489 An
691 2445 851 2489 iterum
868 2443 999 2488 etiam
1017 2443 1155 2503 justos
1173 2458 1225 2488 ex
1242 2442 1316 2488 illa
1337 2443 1679 2490 sanctificatione
1691 2454 1734 2490 et

384 2554 393 2569 ¹
411 2547 509 2579 Exod.
529 2557 640 2589 xxviii,
663 2545 720 2589 433
738 2547 845 2579 Levit.
865 2557 932 2588 xvi,
954 2545 1010 2589 34,
1029 2551 1063 2579 et
1079 2558 1156 2589 xvn,
1172 2558 1190 2591 7
1203 2557 1211 2589 ς
1223 2548 1315 2580 Num.
1336 2557 1370 2589 x,
1389 2546 1424 2589 8,
1436 2551 1470 2580 et
1482 2557 1576 2590 xvm,
1594 2547 1615 2580 8
1628 2551 1661 2581 et
1677 2548 1730 2582 23.

339 2621 379 2625 -
396 2609 409 2625 ²
429 2612 449 2636 2
479 2603 561 2636 Tim.
583 2615 628 2644 lv,
652 2614 669 2647 7
687 2614 696 2644 ς
721 2602 787 2637 Tit.
806 2614 830 2644 ι,
849 2614 869 2639 2
886 2625 896 2636 .
915 2621 958 2629 —-
973 2600 987 2627 3
1004 2602 1124 2636 Matth.
1143 2614 1218 2646 xxv,
1236 2602 1291 2646 41.
1312 2601 1558 2645 -41bid.46.
