1803 3250
572 218 626 245 nn
657 213 829 245 NATURA
862 217 975 244 nom.
1382 207 1464 243 273

84 297 174 329 non
193 283 445 342 extinguere
463 300 472 328 ε
496 281 604 327 lucis
627 289 772 327 autem
789 289 945 324 natura
964 281 1008 323 in
1030 279 1145 324 bello
1169 280 1366 324 tenebras
1388 297 1464 325 ex-

83 354 282 414 tinguere
298 353 459 412 voluit3
484 369 553 397 eas
570 367 673 411 ergo
687 351 800 395 victa
820 349 982 394 dilexit.
1002 350 1131 403 Quod
1145 350 1274 395 vultis
1295 350 1438 410 eligite
1456 372 1464 397 ;

82 434 232 470 utrum
259 426 513 470 necessitate
536 422 760 483 compulsa
782 431 832 466 ut
854 420 1050 479 diligeret
1074 422 1289 477 tenebras,
1315 439 1370 466 an
1392 439 1469 468 vo-

79 495 250 541 luntate
281 495 484 541 seducta?
509 495 551 540 Si
583 493 849 547 necessitate,
874 507 1009 552 quare
1032 492 1297 539 damnatur?
1323 495 1365 539 Si
1391 511 1467 540 vo-

80 566 265 624 luntate,
296 582 430 627 quare
457 566 535 610 Dei
565 574 719 610 natura
736 565 781 608 in
799 573 918 608 tanta
933 564 1161 624 iniquitate
1176 565 1468 623 deprehendi-

81 641 177 682 tur?
201 638 244 683 Si
265 637 515 682 necessitate
534 636 610 681 Dei
628 645 781 680 natura
799 644 947 679 coacta
969 644 1032 678 est
1052 634 1232 693 diligere
1251 636 1465 692 tenebras,

80 708 194 754 victa
223 717 288 757 est
319 723 438 767 ergo,
469 722 559 752 non
592 706 722 751 vicit:
747 706 780 750 si
798 705 1040 759 voluntate,
1078 704 1186 764 quid
1211 707 1298 765 jam
1326 707 1468 751 miseri

81 778 286 824 dubitant
300 777 507 838 peccandi
524 776 793 822 voluntatem
814 776 1006 820 tribuere
1025 785 1192 820 naturae
1211 792 1341 836 quam
1358 780 1471 821 Deus

81 865 133 894 ex
144 849 283 894 nihilo
301 848 420 904 fecit,
440 865 495 893 ne
513 850 710 893 tribuant
724 865 817 893 eam
835 848 923 892 luci
939 864 1070 908 quam
1090 848 1268 908 genuit?

138 923 300 965 XLIII.
335 920 468 976 Quid,
490 920 524 964 si
541 920 668 964 etiam
694 918 985 973 ostendimus,‘
1000 928 1101 963 ante
1119 920 1471 964 commixtionem

80 991 198 1047 mali,
220 1006 350 1051 quam
369 990 566 1036 fabulose
584 991 816 1036 confictam
832 990 1153 1034 dementissime
1172 989 1469 1046 crediderunt,

80 1062 126 1105 in
158 1063 248 1120 ipsa
276 1061 385 1106 lucis
421 1072 590 1117 natura,
631 1077 760 1122 quam
797 1060 967 1115 dicunt,
997 1076 1153 1119 magna
1187 1060 1301 1104 mala
1324 1061 1470 1116 tuisse,

79 1132 188 1192 quid
201 1131 256 1175 ad
273 1132 372 1176 istas
391 1132 680 1192 blasphemias
704 1131 805 1175 addi
828 1147 949 1191 posse
967 1130 1216 1175 videbitur?
1241 1131 1335 1175 Illic
1357 1133 1474 1176 enim

79 1203 167 1248 fuit
189 1211 422 1263 antequam
446 1213 728 1262 pugnaretur,
756 1201 865 1246 dura
884 1211 927 1246 et
943 1202 1206 1247 inevitabilis
1246 1203 1474 1262 pugnandi

80 1275 308 1318 necessitas
328 1293 336 1318 :
371 1288 471 1318 ecce
516 1275 609 1334 jam
648 1288 855 1332 magnum
886 1273 1051 1317 malum
1086 1284 1320 1334 antequam
1362 1275 1478 1320 bono

81 1344 334 1388 misceretur
364 1344 552 1388 malum:
579 1343 726 1387 dicant
763 1344 846 1388 hoc
882 1343 1015 1398 unde,
1051 1359 1153 1388 cum
1179 1344 1324 1389 adhuc
1353 1345 1473 1389 nulla

81 1424 190 1460 esset
211 1415 327 1460 facta
349 1415 618 1460 commixtio.
644 1415 686 1460 Si
719 1424 866 1459 autem
888 1416 1116 1459 necessitas
1151 1431 1240 1460 non
1269 1425 1375 1472 erat,
1401 1432 1478 1461 vo-

80 1484 225 1530 luntas
252 1502 355 1545 ergo
386 1495 504 1529 erat:
536 1485 654 1529 unde
684 1493 725 1529 et
752 1485 837 1529 hoc
865 1494 956 1528 tam
985 1500 1194 1543 magnum
1215 1485 1401 1541 malum,
1427 1497 1477 1531 ut

82 1560 195 1602 Deus
223 1558 313 1617 ipse
343 1567 509 1601 naturae
537 1572 627 1600 suae
656 1572 813 1600 nocere
834 1556 991 1612 vellet,
1017 1556 1088 1601 cui
1110 1558 1257 1601 noceri
1277 1558 1330 1602 ab
1354 1559 1478 1602 hoste

81 1643 171 1674 non
188 1638 373 1688 poterat,
392 1626 607 1672 mittendo
623 1643 717 1671 eam
735 1626 971 1671 crudeliter
989 1628 1271 1685 miscendam,
1294 1631 1477 1689 turpiter

83 1701 351 1758 purgandam
371 1734 382 1754 ,
414 1700 562 1758 inique
593 1699 913 1743 damnandam?
936 1702 1050 1743 Ecce
1072 1709 1287 1760 quantum
1311 1700 1477 1745 malum

84 1770 319 1829 perniciose
336 1779 378 1813 et
395 1769 535 1814 noxiae
557 1778 600 1812 et
621 1769 942 1813 immanissimae
959 1769 1210 1826 voluntatis,
1239 1780 1475 1832 antequam

82 1838 225 1884 ullum
260 1839 425 1884 malum
457 1839 511 1883 de
542 1848 669 1898 gente
703 1840 919 1883 contraria
951 1840 1221 1886 misceretur.
1262 1846 1331 1887 An
1363 1843 1476 1888 forte

82 1912 301 1957 nesciebat
316 1912 401 1956 hoc
418 1919 679 1955 eventurum
697 1911 904 1954 membris
919 1911 1020 1966 suis,
1042 1921 1091 1955 ut
1107 1912 1338 1972 diligerent
1360 1924 1478 1959 tene-

83 1985 183 2028 bras
199 1995 243 2027 et
258 1983 445 2027 inimicae
461 1983 689 2026 existerent
703 1991 862 2026 sanctae
883 1982 987 2038 luci,
1012 1983 1122 2027 sicut
1139 1984 1229 2044 ipse
1247 1984 1368 2041 dicit,
1391 1987 1476 2032 hoc

84 2063 175 2109 est,
204 2068 293 2098 non
317 2062 489 2097 tantum
513 2056 603 2097 Deo
624 2068 720 2107 suo,
746 2052 821 2096 sed
843 2052 971 2096 etiam
995 2054 1112 2097 Patri
1132 2054 1187 2098 de
1210 2071 1299 2115 quo
1319 2059 1476 2101 erant?

86 2125 212 2170 Unde
236 2140 338 2184 ergo
366 2125 449 2169 hoc
477 2124 522 2167 in
541 2127 632 2168 Deo
653 2132 742 2167 tam
771 2139 975 2182 magnum
1004 2124 1263 2184 ignorantiae
1291 2128 1473 2183 malum,

84 2196 319 2256 antequam
338 2194 479 2239 ullum
502 2194 556 2238 de
585 2203 714 2253 gente
745 2195 960 2239 contraria
989 2195 1240 2240 misceretur
1277 2199 1439 2244 malum
1459 2203 1478 2242 ⁶?

89 2268 130 2312 Si
151 2276 298 2311 autem
314 2267 397 2310 hoc
419 2265 620 2310 futurum
637 2265 816 2318 sciebat,
843 2275 918 2309 aut
938 2266 1199 2325 sempiterna
1220 2268 1265 2311 in
1287 2269 1364 2314 illo
1382 2281 1474 2316 erat

87 2336 334 2391 crudelitas,
371 2336 406 2379 si
441 2336 495 2378 de
536 2352 624 2380 suae
656 2344 824 2379 naturae
852 2337 1002 2380 futura
1031 2339 1398 2384 contaminatione
1432 2351 1475 2386 et

87 2408 367 2452 damnatione
390 2405 499 2449 nihil
521 2405 720 2463 dolebat,
745 2415 820 2450 aut
840 2406 1100 2465 sempiterna
1118 2408 1302 2465 miseria,
1337 2412 1370 2455 si
1393 2412 1469 2456 do·

88 2478 226 2523 lebat:
249 2477 366 2522 unde
384 2487 426 2520 et
449 2477 531 2520 hoc
549 2485 719 2521 tantum
736 2477 899 2521 malum
917 2478 1075 2521 summi
1096 2479 1200 2522 boni
1222 2483 1351 2525 vestri
1373 2494 1473 2527 ante

89 2549 226 2594 ullam
241 2549 594 2603 commixtionem
608 2550 765 2593 summi
785 2549 888 2593 mali
911 2549 1064 2595 vestri?
1088 2552 1185 2608 Ipsa
1206 2562 1322 2596 certe
1338 2556 1472 2612 parti-¹

211 2619 213 2621 ’
280 2631 469 2661 cxxxvl.
1238 2623 1288 2661 18
