1803 3250
336 222 417 259 420
768 231 799 255 s.
838 228 1066 256 AUGUSTINI
1103 229 1281 256 Emscom

331 298 373 342 Si
396 296 509 339 enim
533 296 591 337 eis
613 294 688 353 qui
711 294 801 336 sine
825 297 937 352 Lege
955 294 1152 347 fuerant,
1183 293 1324 338 lactus
1348 304 1440 339 erat
1463 298 1583 356 quasi
1610 307 1721 341 esset

330 378 372 411 et
401 368 489 424 ipse
517 365 608 409 sine
632 367 763 423 Lege,
788 365 850 409 illi
880 367 1100 410 Abraham
1134 382 1222 410 non
1245 376 1471 411 noverant.
1504 370 1620 427 Ergo
1643 368 1721 412 ali-

327 453 456 499 quem
480 438 742 497 principem,
770 438 858 482 sive
877 441 1174 484 Romanorum
1188 474 1198 493 ‚
1220 439 1307 483 sive
1325 440 1577 484 Graeeorum
1594 475 1605 495 ‚
1633 441 1722 485 sive

328 510 520 569 aliquem
562 509 922 569 philosophorum
965 511 1118 555 debuit
1158 510 1356 555 invenire
1391 526 1524 572 quem
1562 511 1722 557 talibus

328 580 604 641 praedic-areu
630 591 678 626 ut
695 582 775 637 εἰς,
801 583 912 627 sicut
935 584 1036 628 huic
1059 583 1229 642 placet,
1258 583 1388 627 talem
1405 598 1450 627 se
1472 582 1622 643 quales
1641 585 1722 643 ipsi

325 662 449 697 erant
472 652 694 712 fingendo,
721 663 981 713 congrueret
1012 674 1020 698 ε
1057 670 1146 698 non
1169 654 1388 699 Abraham
1418 655 1562 700 nescio
1588 670 1720 716 quem

324 724 611 782 alienigenam
634 734 799 784 patrem
824 726 960 782 gentis
987 725 1200 780 Hebraeae,
1226 724 1357 784 longe
1373 727 1428 770 ab
1447 741 1598 770 eorum
1622 742 1719 771 mo-

327 796 461 851 ribus,
487 796 616 855 longe
639 797 693 839 ab
712 811 861 840 corum
888 796 1058 849 ritibus,
1083 795 1214 854 longe
1242 797 1296 841 ab
1319 812 1470 842 eorum
1491 798 1720 858 cognatio-

323 867 451 911 nibus
473 866 681 911 alienum.
711 868 753 911 Si
771 875 916 910 autem
943 865 1108 911 Judaeis
1132 876 1340 927 tanquam
1372 868 1553 913 Judaeus
1580 868 1720 915 factus

324 948 438 992 erat,
464 947 539 981 aut
562 939 620 981 eis
643 938 717 998 qui
738 937 819 981 sub
834 941 947 996 Lege
964 947 1087 982 erant
1102 947 1309 999 tanquam
1329 949 1439 984 esset
1460 950 1502 984 et
1524 941 1615 1000 ipse
1637 941 1719 985 sub

323 1011 452 1067 Lege,
479 1018 528 1052 ut
549 1008 657 1068 quid
680 1007 851 1052 dicebat
869 1024 958 1053 non
982 1024 1070 1053 esse
1081 1009 1277 1054 haeredes
1295 1025 1346 1053 ex
1366 1012 1513 1069 Lege?
1538 1013 1594 1055 Ut
1611 1011 1719 1071 quid

323 1079 497 1125 dicebat
519 1100 527 1125 :
557 1100 576 1122 «
599 1084 686 1124 Lex
708 1081 815 1124 iram
839 1084 1067 1140 operatur¹
1083 1083 1101 1125 P
1117 1100 1135 1122 »
1165 1083 1220 1125 Ut
1244 1081 1351 1141 quid
1375 1081 1575 1127 dicebat:
1597 1085 1718 1126 «Lex

325 1171 345 1194 »
372 1153 736 1211 praevaricationis
760 1152 893 1211 gratia
917 1153 1056 1212 posita
1079 1155 1241 1197 est29»
1269 1152 1388 1212 quod
1419 1169 1546 1213 aequo
1573 1153 1719 1198 animo

322 1223 433 1268 ferre
453 1240 542 1269 non
567 1234 741 1283 possent
770 1224 846 1284 qui
871 1225 1172 1283 gloriabantur
1204 1225 1250 1268 in
1282 1228 1411 1284 Lege.
1443 1224 1574 1278 Quod
1602 1225 1637 1269 si
1670 1234 1720 1269 ut

319 1295 517 1339 infirmus
553 1295 816 1356 loquebatur
852 1296 1035 1340 infirmis
1053 1331 1064 1351 ‚
1103 1305 1146 1340 et
1183 1296 1242 1340 sic
1280 1311 1351 1340 eos
1369 1332 1379 1350 ,
1412 1305 1462 1340 ut
1484 1296 1718 1340 fallacibus

321 1367 485 1425 placet,
512 1366 706 1411 fallendo
733 1366 951 1422 lactabat,
976 1382 1054 1410 cur
1077 1382 1148 1411 eos
1180 1367 1234 1410 ab
1266 1367 1432 1410 umbris
1462 1366 1682 1411 veteribus
1702 1402 1712 1422 ,

321 1439 365 1482 in
387 1438 548 1498 quibus
570 1439 731 1482 infirmi
754 1438 1060 1498 quiescebant,
1092 1438 1151 1481 sic
1179 1437 1491 1497 proturbabat,
1518 1446 1567 1482 ut
1594 1437 1717 1483 dice-

322 1519 385 1553 ret
413 1528 420 1553 z
450 1528 471 1550 «
491 1513 603 1553 Ecce
625 1524 704 1567 ego
734 1508 891 1552 Paulus
921 1508 1019 1552 dico
1049 1509 1195 1563 vobis,
1233 1510 1335 1568 quia
1362 1509 1396 1552 si
1428 1508 1717 1554 circumcida—

321 1599 342 1622 »
369 1580 502 1635 mini,
528 1580 724 1626 Christus
754 1580 878 1625 vobis
906 1579 1017 1624 nihil
1048 1579 1263 1639 poderitss.
1287 1599 1307 1622 »
1336 1580 1380 1626 Si
1409 1590 1555 1625 autem
1578 1582 1623 1625 in
1642 1580 1717 1626 illa

320 1667 503 1712 persona
524 1651 678 1711 quinta
713 1649 914 1710 perfectis
947 1650 1203 1710 sapientiam
1238 1649 1530 1711 loquebatur,
1567 1650 1718 1711 quales

319 1722 431 1768 solos
453 1723 531 1766 iste
553 1722 706 1781 dignos
722 1731 847 1781 putat
867 1737 976 1782 quos
993 1737 1082 1767 non
1106 1721 1230 1767 fallat
1247 1722 1483 1781 Apostolus
1503 1742 1512 1767 z
1538 1738 1675 1784 quare
1693 1739 1717 1767 a

319 1794 538 1839 contrario
560 1792 655 1839 vult
674 1809 764 1838 esse
786 1794 877 1853 ipse
899 1792 1119 1853 perfectus
1134 1829 1145 1849 ‚
1183 1802 1234 1838 ut
1271 1793 1544 1853 blasphemet
1571 1793 1716 1839 Abra-

317 1866 421 1911 ham
437 1902 448 1922 ,
473 1881 606 1927 quem
628 1867 686 1911 sic
709 1864 911 1926 perfectis
932 1864 1086 1909 laudat
1107 1864 1357 1924 Apostolus,
1374 1865 1561 1909 maxime
1576 1864 1716 1911 inillis

318 1937 492 1983 duobus
514 1937 612 1982 filiis
633 1939 750 1998 ejus,
778 1953 868 1981 uno
896 1936 951 1981 de
981 1936 1151 1992 ancilla,
1178 1935 1262 1981 alio
1284 1936 1339 1981 de
1358 1935 1495 1981 libera
1515 1939 1534 1978 2?
1559 1938 1602 1983 Si
1625 1935 1715 1981 dis-

318 2011 449 2069 plicet
481 2010 544 2055 illi
582 2026 682 2056 cum
724 2008 879 2054 Ismael
919 2011 1245 2054 Testamentum
1275 2011 1411 2053 Vetus
1436 2027 1446 2054 ε
1472 2024 1574 2053 cum
1595 2010 1715 2054 Isaac

316 2082 485 2141 placeat
504 2086 830 2127 Testamentum
852 2082 1041 2125 Novum.

377 2156 583 2199 XXXIV.
609 2156 679 2199 An
702 2162 745 2197 et
767 2162 919 2198 contra
943 2151 1202 2212 Apostolum
1228 2152 1530 2211 propositurus
1551 2160 1615 2196 est
1642 2167 1714 2197 ca-

321 2227 518 2271 thedram
541 2224 802 2286 pestilentiae
817 2259 827 2279 ‚
851 2233 895 2268 et
916 2223 1216 2283 disputaturus
1238 2221 1293 2267 de
1316 2221 1528 2284 qualitate
1549 2223 1713 2282 figura-

320 2313 433 2353 rum,
471 2308 601 2359 atque
642 2297 838 2342 dicturus
873 2311 959 2341 non
1000 2311 1101 2339 eum
1139 2294 1341 2340 debuisse
1375 2296 1536 2355 figuras
1566 2310 1712 2339 rerum

320 2369 601 2414 honestarum
623 2369 678 2414 de
702 2369 831 2413 rebus
852 2367 1055 2427 turpibus
1077 2368 1273 2412 ducere?
1306 2369 1390 2411 Res
1423 2367 1539 2411 enim
1573 2366 1712 2427 turpis

320 2439 420 2484 huic
442 2442 631 2494 videtur,
657 2441 786 2485 etiam
809 2455 911 2484 cum
933 2439 1023 2499 ipsa
1050 2441 1150 2484 Sara
1173 2438 1435 2484 concubitus
1452 2437 1708 2499 conjugalis,

314 2526 446 2571 quam
468 2511 650 2557 liberam
670 2521 854 2557 matrem
872 2520 1062 2556 nostram
1081 2520 1290 2557 aeternam
1314 2509 1554 2556 Jerusalem
1576 2510 1711 2570 signi-

371 2604 379 2619 ¹
406 2599 500 2632 Rom.
518 2607 563 2637 iv,
586 2598 635 2630 15.
650 2615 689 2621 ——-
706 2605 718 2619 Ξ
737 2598 806 2630 Gal.
827 2609 875 2640 m,
900 2610 997 2641 19····
1013 2596 1026 2621 3
1044 2599 1090 2631 Id.
1109 2609 1143 2639 v,
1164 2608 1193 2631 2.
