1803 3250
386 221 550 250 CONTRA
581 218 859 249 sneunmnum
892 214 1185 246 MAmcnAEuM„
1398 207 1477 245 301

93 288 291 336 Christus
314 296 357 333 et
373 289 627 348 unigenitus
649 288 703 332 sit
727 283 969 330 secundum
988 285 1033 330 id
1054 283 1174 345 quod
1197 282 1390 329 Verbum
1408 284 1485 328 Dei

93 362 202 415 est¹,
230 363 344 404 Deus
366 359 485 420 apud
515 363 654 404 Deum
684 357 845 417 pariter
874 356 1243 401 incommutabilis
1264 365 1307 400 et
1328 356 1486 416 pariter

92 440 297 486 aeternus,
323 446 413 475 non
435 431 632 489 rapinam
649 428 864 473 arbitrans
883 442 972 471 esse
989 427 1169 488 aequalis
1182 430 1270 472 Deo
1284 431 1317 483 ²,
1340 436 1382 471 et
1396 428 1486 487 pri—

91 502 337 561 mogenitus
374 502 515 546 omnis
545 510 781 554 creaturae,
823 497 1067 544 secundum
1100 497 1145 542 id
1175 498 1296 559 quod
1323 499 1368 543 in
1395 498 1488 558 ipso

92 573 270 620 condita
297 582 398 619 sunt
421 573 585 628 omnia,
612 573 657 616 in
677 569 797 616 coelis
815 580 858 615 et
880 571 926 615 in
945 579 1074 626 terra,
1100 570 1283 615 visibilia
1307 580 1350 615 et
1374 571 1489 615 invi-

94 645 249 691 sibilia.
276 647 484 706 Agnoscis
507 645 641 701 enim,
665 653 717 689 ut
738 642 911 704 opinor,
936 642 1072 688 verba
1097 642 1296 702 Apostoli
1326 642 1381 687 ad
1402 645 1489 688 Con

93 717 346 764 lossensesss.

152 792 276 834 VIII.
303 792 580 850 Quapropter
596 803 698 834 cum
715 789 791 834 abs
805 797 849 833 te
867 801 1032 848 quaero,
1056 786 1177 832 unde
1199 787 1253 832 sit
1268 786 1382 832 facta
1401 788 1491 830 uni-

94 877 216 907 versa
239 869 437 906 creatura
457 896 468 917 ,
506 861 703 922 quamvis
731 861 778 905 in
810 876 889 905 suo
912 876 1069 920 genere
1099 860 1216 905 bona
1236 894 1247 916 ,
1288 861 1493 905 Creatore

95 943 241 979 tamen
263 931 457 989 inferior,
477 941 608 993 atque
625 932 702 977 illo
723 931 1075 977 incommutabili
1098 940 1382 992 permanente
1403 931 1494 990 ipsa

95 1003 314 1049 mutabilis
342 1023 351 1050 :
377 1019 467 1049 non
496 1004 689 1050 invenies
711 1003 819 1065 quid
852 1003 1139 1064 respondeas,
1172 1003 1254 1048 nisi
1280 1001 1334 1047 de
1357 1001 1494 1046 nihilo

95 1075 256 1121 factam
278 1090 368 1120 esse
396 1074 585 1120 fatearis.
613 1077 672 1119 Et
699 1074 800 1120 ideo
829 1084 973 1135 potest
993 1089 1174 1134 vergere
1197 1073 1254 1118 ad
1284 1072 1492 1129 nihilum,

97 1146 276 1208 quando
297 1156 451 1206 peccat
470 1146 545 1191 illa
567 1155 784 1202 ereatura,
805 1155 849 1190 et
871 1147 1014 1206 portio
1029 1162 1129 1207 quae
1142 1154 1286 1205 potest
1298 1159 1493 1205 peccare,

96 1233 187 1264 non
208 1227 258 1264 ut
278 1218 390 1264 nibil
411 1219 480 1275 sit,
505 1219 582 1263 sed
602 1229 651 1263 ut
673 1219 816 1264 minus
838 1219 1001 1279 vigeat,
1022 1219 1256 1279 minusque
1278 1218 1402 1262 firma
1426 1217 1494 1261 sit,

97 1293 207 1338 Nam
229 1291 374 1335 minus
395 1291 541 1350 vigere
561 1300 605 1335 et
626 1290 770 1335 minus
786 1289 948 1346 valere,
969 1290 1002 1334 si
1020 1291 1199 1335 omnino
1217 1289 1429 1350 perducas
1444 1287 1499 1332 ad

99 1362 323 1418 ultimum,
354 1371 550 1407 remanet
576 1362 702 1406 nihil.
728 1361 880 1421 Diligit
908 1377 1011 1421 ergo
1045 1369 1200 1420 sponte
1225 1360 1465 1406 vanitatem
1485 1394 1495 1414 ,

101 1448 203 1478 cum
225 1432 393 1478 deserta
417 1432 634 1477 soliditate
655 1432 847 1478 veritatis
865 1431 1101 1492 opinabilia
1124 1432 1338 1492 sequitur,
1354 1430 1399 1475 id
1418 1439 1499 1484 est,

102 1504 345 1550 mutabilia.
376 1506 490 1551 Cum
511 1513 658 1549 autem
681 1503 783 1548 inde
807 1505 980 1548 meritas
1003 1519 1157 1565 poenas
1182 1504 1293 1558 luit,
1319 1503 1501 1563 subjici-

103 1585 174 1621 tur
191 1591 281 1621 non
304 1585 460 1636 sponte
479 1575 688 1631 vanitati,
714 1575 828 1620 sicut
849 1575 1043 1636 subjecta
1061 1585 1126 1620 est
1142 1575 1187 1619 in
1209 1574 1389 1619 homine
1404 1588 1503 1633 pee=

103 1658 245 1693 cante.
273 1647 386 1693 Hinc
404 1648 519 1692 enim
539 1648 597 1692 ait
611 1647 846 1707 Apostolus
865 1666 874 1692 ε
906 1647 1092 1691 «Omnis
1106 1655 1306 1691 creatura
1322 1644 1503 1691 vanitati

107 1739 128 1761 »
154 1719 349 1780 subjecta
373 1728 458 1775 est,
484 1735 574 1764 non
599 1720 780 1778 sponte4
811 1738 820 1764 ε
850 1737 870 1761 »
897 1719 1000 1779 quia
1016 1728 1060 1763 et
1082 1719 1129 1762 in
1155 1719 1334 1763 homine
1361 1717 1503 1763 omnis

106 1800 183 1835 est.
212 1794 328 1834 Inest
349 1790 514 1851 quippe
533 1790 701 1835 homini
716 1799 759 1834 et
779 1789 995 1835 invisibile
1018 1789 1127 1850 quid
1143 1788 1389 1834 secundum
1410 1789 1503 1832 ani=

106 1878 245 1919 mum,
266 1871 310 1906 et
327 1862 497 1908 visibile
512 1861 755 1907 secundum
768 1876 925 1921 corpus
946 1880 956 1907 ι
978 1862 1118 1906 omnis
1135 1870 1283 1906 autem
1301 1870 1502 1906 creatura

108 1934 265 1994 partim
295 1942 358 1978 est
381 1932 575 1990 visibilis,
608 1933 766 1993 partim
799 1931 1026 1978 invisibilis
1047 1951 1056 1978 :
1081 1948 1162 1977 nec
1190 1942 1338 1977 tamen
1362 1931 1504 1977 omnis

105 2007 151 2050 in
173 2021 346 2066 pecore,
369 2007 438 2051 cui
460 2021 583 2051 mens
603 2004 909 2050 intellectualis
930 2021 1021 2050 non
1042 2005 1167 2050 inest.
1187 2008 1239 2050 In
1261 2021 1382 2066 spem
1399 2021 1502 2050 sane

107 2078 346 2138 subjectam
370 2093 459 2124 esse
474 2078 602 2134 dicit,
623 2087 802 2138 propter
824 2076 1163 2122 misericordiam
1188 2076 1410 2122 liberantis
1426 2093 1502 2137 per

109 2149 403 2195 remissionem
426 2159 706 2210 peccatorum
734 2159 778 2194 et
810 2150 1092 2209 adoptionem
1120 2149 1284 2208 gratiae.
1312 2151 1378 2193 Tu
1399 2164 1501 2193 vero

110 2221 144 2265 si
166 2219 290 2265 fateri
319 2220 510 2266 nolueris
534 2237 558 2265 a
584 2223 710 2265 Patre
732 2237 809 2281 per
837 2220 995 2265 Filium
1021 2220 1066 2264 in
1094 2220 1291 2264 bonitate
1316 2220 1501 2280 Spiritus

107 2291 265 2345 sancti,
291 2306 392 2352 quae
415 2291 600 2336 Trinitas
622 2291 1005 2337 consubstantialis
1028 2299 1070 2335 et
1093 2300 1255 2335 aeterna
1272 2300 1315 2336 et
1333 2291 1501 2335 incom-

110 2360 329 2406 mutabilis
350 2376 519 2421 semper
537 2373 696 2417 manet,
722 2362 778 2408 de
795 2363 933 2408 nihilo
947 2362 1107 2407 factam
1129 2378 1218 2407 esse
1235 2373 1496 2417 creaturam,

109 2433 270 2478 bonam
293 2430 494 2492 quidem,
519 2430 594 2475 sed
616 2441 761 2476 tamen
786 2433 996 2492 imparem
1026 2435 1220 2478 Creatori
1242 2443 1373 2494 atque
1398 2449 1498 2478 mu-=

110 2503 289 2549 tabilem
304 2537 315 2558 ,
336 2502 500 2561 cogeris
521 2503 674 2562 utique
693 2502 914 2563 sacrilegia
936 2503 1102 2560 dicere,
1127 2513 1177 2548 ut
1197 2504 1362 2565 aliquid
1385 2508 1498 2549 Deus

158 2592 168 2609 ³
187 2592 280 2622 Joan.
302 2601 327 2630 1,
350 2588 401 2631 14.
416 2606 457 2613 ====
472 2595 484 2612 ²
504 2587 615 2630 Philip,
642 2600 678 2631 n,
692 2588 725 2621 6.
745 2606 785 2613 -ε-
803 2587 816 2612 3
835 2589 951 2622 Coloss.
974 2600 996 2631 1,
1016 2589 1069 2622 28.
1087 2587 1156 2619 -4
1176 2592 1269 2623 Rom.
1288 2589 1356 2632 vni,
1376 2598 1415 2623 20
