1803 3250
357 202 410 239 92
788 213 820 238 s.
858 209 1088 240 Auonsrmi
1121 211 1303 238 muscori

353 277 559 334 quoniam
589 276 633 319 in
655 275 770 321 malo
793 277 910 336 prior
933 287 994 322 est
1017 278 1093 338 qui
1116 285 1269 331 nocet,
1294 290 1427 335 quam
1455 275 1528 320 ille
1551 279 1627 335 qui
1654 291 1743 321 non

351 347 527 406 prodest
547 380 558 400 ,
600 345 699 392 ideo
738 350 874 408 major
908 349 1068 394 dicitur
1105 347 1348 407 malignus,
1389 346 1462 390 ille
1496 356 1642 391 autern
1677 363 1744 391 se-

352 431 490 476 quens
508 451 518 470 ,
549 417 625 476 qui
651 416 866 463 fundebat
889 421 932 463 in
958 429 1130 464 terram.
1158 421 1328 464 Nomen
1346 432 1523 478 quoque
1541 418 1711 477 majoris
1729 452 1740 472 ,

351 487 426 546 qui
448 487 688 531 vocabatur
711 491 798 533 Her
816 525 826 544 ,
857 490 1167 548 interpretatur
1192 488 1391 533 Pellicius
1407 523 1418 543 ,
1443 486 1649 548 qualibus
1672 497 1744 532 tu-

352 557 456 602 nicis
487 558 628 603 induti
658 569 760 604 sunt
796 561 922 619 primi
952 560 1148 605 homines
1179 561 1221 603 in
1250 574 1426 618 poenam
1455 559 1744 603 damnationis

351 643 440 672 suae
463 628 623 673 dimissi
646 645 695 674 ex
726 632 925 689 paradiso
944 634 954 656 ¹
973 666 983 686 ‚
1016 630 1237 691 sequentis
1261 645 1420 674 nomen
1449 630 1526 689 qui
1557 630 1745 674 vocaba-

352 709 421 743 tur
447 703 602 757 Aynan
620 737 630 755 ,
663 701 974 761 interpretatur
1003 705 1168 746 Moeror
1197 716 1349 744 eorum
1377 720 1386 745 2
1418 715 1634 759 quorum,
1668 700 1745 744 nisi

348 771 508 830 quibus
538 771 646 814 nihil
678 772 881 830 prodest,
908 787 1009 815 cum
1040 771 1200 815 habeat
1233 770 1351 814 unde
1386 771 1588 829 prodesse
1615 771 1747 828 possit

348 851 479 902 atque
500 841 545 885 id
575 842 727 901 perdat
750 843 794 885 in
818 845 962 886 terra?
985 844 1068 901 Maj
1079 857 1126 885 us
1150 857 1279 901 porro
1302 842 1466 885 malum
1495 851 1559 886 est
1589 842 1746 886 ablatae

347 914 464 966 vitm,
482 914 600 973 quod
621 913 832 970 significat
853 912 1066 972 pellicius,
1087 929 1219 972 quam
1239 928 1329 956 non
1349 912 1509 971 adjutae
1527 913 1648 972 quod
1666 915 1746 972 sig-

346 985 495 1027 nificat
513 998 675 1027 moeror
697 998 846 1028 eorum
868 1002 877 1028 :
895 986 1009 1027 Deus
1032 992 1180 1027 tamen
1201 982 1352 1026 ambos
1376 981 1586 1026 occidisse
1603 983 1745 1028 dictus

346 1064 408 1099 est
426 1058 464 1109 ²,
493 1055 567 1098 ubi
595 1056 809 1114 figuratur
837 1070 1019 1113 regnum
1041 1054 1200 1098 talibus
1226 1053 1478 1098 hominibus
1502 1054 1741 1099 abstulisse.

347 1127 515 1170 Tertius
541 1142 643 1170 vero
663 1126 777 1171 filius
800 1127 950 1182 Judae,
976 1125 1095 1187 quod
1116 1125 1179 1169 illi
1206 1125 1377 1169 mulieri
1406 1141 1495 1170 non
1513 1127 1714 1185 jungitur
1731 1162 1742 1182 ,

344 1197 558 1255 significat
590 1206 760 1255 tempus
792 1212 842 1240 ex
871 1213 960 1257 quo
996 1212 1118 1257 reges
1155 1195 1277 1256 plebi
1305 1196 1563 1241 Judaeorum
1597 1213 1744 1257 coepe-

344 1276 448 1312 runt
469 1267 525 1311 de
549 1268 665 1312 tribu
688 1267 802 1312 Juda
832 1284 921 1312 non
954 1268 1049 1312 fieri
1071 1287 1080 1313 :
1108 1277 1151 1312 et
1183 1267 1282 1312 ideo
1305 1276 1397 1311 erat
1422 1268 1600 1327 quidem
1630 1267 1744 1313 filius

343 1337 471 1382 Judae
491 1373 501 1393 ,
546 1337 620 1382 sed
655 1354 754 1382 eum
788 1340 993 1383 maritum
1018 1339 1206 1382 Thamar
1229 1354 1317 1382 non
1341 1339 1580 1398 accipiebat
1602 1360 1613 1396 3
1640 1340 1742 1399 quia

343 1419 434 1454 erat
456 1409 606 1454 eadem
632 1409 770 1454 tribus
792 1411 906 1453 Juda
923 1446 934 1465 ,
960 1410 1035 1454 sed
1052 1411 1142 1469 jam
1165 1409 1331 1469 populo
1354 1409 1457 1453 inde
1491 1425 1620 1454 nemo
1643 1425 1743 1469 reg-

342 1480 489 1524 nabat.
513 1481 638 1524 Unde
657 1490 699 1524 et
721 1496 881 1525 nomen
899 1482 990 1541 ejus
1008 1517 1018 1536 ,
1047 1481 1089 1525 id
1109 1491 1171 1526 est
1191 1517 1202 1536 ,
1231 1481 1374 1526 Selom
1395 1516 1405 1536 ,
1431 1481 1743 1541 interpretatur

342 1552 541 1596 Dimissio
558 1554 664 1612 ejus.
691 1555 786 1598 Non
811 1554 1029 1612 pertinent
1051 1568 1152 1597 sane
1171 1554 1224 1598 ad
1246 1554 1359 1597 hanc
1382 1553 1741 1611 significationem

342 1623 422 1666 viri
444 1623 583 1667 sancti
606 1633 649 1667 et
665 1624 770 1683 justi
789 1658 799 1678 ,
826 1624 902 1683 qui
920 1623 1023 1667 licet
1044 1622 1120 1667 illo
1138 1632 1335 1683 tempore
1358 1623 1523 1668 luerint
1541 1659 1552 1679 ,
1579 1623 1634 1668 ad
1652 1627 1743 1670 No-

341 1708 443 1737 vum
483 1703 628 1737 tamen
667 1693 888 1753 pertinent
928 1696 1253 1738 Testamentum
1279 1729 1289 1748 ,
1328 1694 1399 1738 cui
1437 1695 1743 1754 prophetando

342 1764 526 1808 scienter
554 1763 681 1808 utiles
703 1764 910 1820 fuerunt,
936 1763 1076 1824 qualis
1109 1764 1251 1809 David
1281 1763 1380 1808 fuit.
1416 1767 1480 1809 Eo
1509 1780 1612 1809 sane
1632 1775 1743 1810 tem-

342 1851 448 1895 pore
467 1870 477 1889 ,
503 1851 593 1895 quo
617 1836 708 1895 jam
732 1834 885 1879 Judaea
919 1845 1113 1894 coeperat
1144 1850 1266 1894 reges
1294 1851 1348 1879 ex
1370 1835 1491 1880 tribu
1513 1835 1628 1880 Juda
1651 1852 1740 1880 non

342 1906 504 1950 habere
522 1941 533 1961 ,
565 1921 654 1950 non
681 1915 744 1951 est
773 1905 1098 1965 computandus
1121 1905 1316 1951 Herodes
1339 1907 1475 1966 major
1498 1907 1542 1950 in
1566 1907 1742 1966 regibus

342 1978 432 2037 ejus
447 2012 457 2032 ,
476 1986 685 2037 tanquam
705 1977 885 2021 maritus
902 1977 1089 2021 Thamar
1106 1997 1115 2022 :
1133 1986 1225 2021 erat
1238 1977 1355 2021 enim
1374 1977 1638 2036 alienigena,
1659 1992 1740 2023 nec

341 2049 379 2092 ei
414 2057 684 2093 sacramento
707 2047 784 2093 illo
812 2048 1008 2106 mysticae
1040 2048 1258 2092 unctionis
1287 2057 1497 2108 tanquam
1520 2047 1740 2108 conjugali

342 2118 510 2163 foedere
533 2119 808 2175 cohaerebat3
830 2119 906 2163 sed
929 2128 1136 2179 tanquam
1156 2128 1385 2163 extraneus
1407 2118 1735 2174 dominabatur,

342 2206 473 2250 quam
491 2199 751 2250 potestatem
769 2206 793 2234 a
813 2190 1019 2234 Romanis
1042 2199 1085 2233 et
1102 2205 1124 2234 a
1143 2191 1311 2235 Caesare
1334 2199 1574 2250 acceperat.
1604 2191 1672 2235 Sic
1695 2199 1738 2235 et

342 2262 432 2319 ejus
451 2260 527 2304 filii
550 2262 778 2305 tetrarchae
796 2296 806 2316 ,
833 2275 1020 2321 quorum
1044 2269 1135 2304 erat
1160 2275 1273 2305 unus
1296 2260 1490 2306 Herodes
1510 2261 1644 2321 patris
1661 2277 1738 2305 no-

342 2333 460 2376 mine
485 2332 753 2392 appellatus,
779 2336 854 2393 qui
874 2349 975 2377 cum
995 2331 1133 2377 Pilato
1154 2333 1198 2376 in
1219 2333 1414 2392 passione
1437 2333 1610 2374 vDomini
1628 2346 1736 2376 con-

342 2402 565 2447 cordavit³
595 2423 603 2448 :
629 2404 695 2448 isti
723 2419 826 2463 ergo
852 2404 1104 2461 alienigenae
1131 2418 1269 2459 usque.
1297 2401 1406 2445 adeo
1435 2416 1523 2445 non
1547 2400 1735 2461 deputa-

345 2473 504 2516 bantur
540 2472 585 2515 in
620 2487 756 2530 regno
782 2473 859 2516 illo
886 2474 1071 2527 mystico
1098 2470 1352 2515 Judaeorum
1369 2506 1381 2526 ,
1406 2480 1457 2515 ut
1487 2471 1565 2531 ipsi
1592 2472 1736 2516 Judaei

388 2559 400 2578 ¹
422 2565 434 2587 1
456 2559 535 2590 Gen.
554 2567 606 2597 nr,
630 2564 685 2590 21.
701 2574 742 2579 —
758 2563 770 2580 ²
787 2556 833 2589 Id.
855 2565 986 2597 xxxviii,
1004 2566 1021 2597 7
1041 2559 1073 2588 et
1097 2566 1146 2589 ιο.
1164 2573 1205 2581 -
1223 2553 1236 2580 3
1250 2557 1327 2588 Luc.
1347 2567 1435 2598 xxm,
1458 2565 1509 2589 12.
