<?xml version="1.0" encoding="UTF-8"?>
<!DOCTYPE html PUBLIC "-//W3C//DTD XHTML 1.0 Transitional//EN"
    "http://www.w3.org/TR/xhtml1/DTD/xhtml1-transitional.dtd">
<html xmlns="http://www.w3.org/1999/xhtml" xml:lang="en" lang="en">
 <head>
  <title>
</title>
<meta http-equiv="Content-Type" content="text/html;charset=utf-8" />
  <meta name='ocr-system' content='tesseract 3.04.00' />
  <meta name='ocr-capabilities' content='ocr_page ocr_carea ocr_par ocr_line ocrx_word'/>
</head>
<body>
  <div class='ocr_page' id='page_1' title='image "./operaomniaaccura29auguuoft/operaomniaaccura29auguuoft_0063.png"; bbox 0 0 1803 3250; ppageno 0'>
   <div class='ocr_carea' id='block_1_1' title="bbox 431 240 1463 285">
    <p class='ocr_par' dir='ltr' id='par_1_1' title="bbox 431 240 1463 285">
     <span class='ocr_line' id='line_1_1' title="bbox 431 240 1463 285; baseline 0 -9"><span class='ocrx_word' id='word_1_1' title='bbox 431 245 593 276; x_wconf 77' lang='lat' dir='ltr'>CONTRA</span> <span class='ocrx_word' id='word_1_2' title='bbox 629 244 843 285; x_wconf 78' lang='lat' dir='ltr'>FAUSTUM,</span> <span class='ocrx_word' id='word_1_3' title='bbox 878 249 960 275; x_wconf 60' lang='lat' dir='ltr'>Lus.</span> <span class='ocrx_word' id='word_1_4' title='bbox 998 251 1107 276; x_wconf 74' lang='lat' dir='ltr'>xxii.</span> <span class='ocrx_word' id='word_1_5' title='bbox 1411 240 1463 276; x_wconf 66' lang='lat'>555</span> 
     </span>
    </p>
   </div>
   <div class='ocr_carea' id='block_1_2' title="bbox 57 311 1464 2578">
    <p class='ocr_par' dir='ltr' id='par_1_2' title="bbox 67 311 1464 1088">
     <span class='ocr_line' id='line_1_2' title="bbox 78 311 1463 376; baseline -0.001 -16"><span class='ocrx_word' id='word_1_6' title='bbox 78 315 209 360; x_wconf 86' lang='lat' dir='ltr'>Vobis</span> <span class='ocrx_word' id='word_1_7' title='bbox 239 315 352 359; x_wconf 89' lang='lat' dir='ltr'>inter</span> <span class='ocrx_word' id='word_1_8' title='bbox 379 329 453 360; x_wconf 87' lang='lat' dir='ltr'>vos</span> <span class='ocrx_word' id='word_1_9' title='bbox 470 350 480 370; x_wconf 90' lang='lat'>‚</span> <span class='ocrx_word' id='word_1_10' title='bbox 507 323 556 358; x_wconf 91' lang='lat' dir='ltr'>ut</span> <span class='ocrx_word' id='word_1_11' title='bbox 580 312 709 356; x_wconf 82' lang='lat' dir='ltr'>vultis</span> <span class='ocrx_word' id='word_1_12' title='bbox 730 347 740 368; x_wconf 82' lang='lat'><strong>,</strong></span> <span class='ocrx_word' id='word_1_13' title='bbox 775 311 915 356; x_wconf 78' lang='lat' dir='ltr'>cedite</span> <span class='ocrx_word' id='word_1_14' title='bbox 939 323 1070 373; x_wconf 81' lang='lat' dir='ltr'>atque</span> <span class='ocrx_word' id='word_1_15' title='bbox 1092 316 1318 360; x_wconf 77' lang='lat' dir='ltr'>concedite</span> <span class='ocrx_word' id='word_1_16' title='bbox 1341 332 1463 376; x_wconf 42' lang='lat' dir='ltr'>quac*</span> 
     </span>
     <span class='ocr_line' id='line_1_3' title="bbox 76 385 1463 448; baseline 0.001 -18"><span class='ocrx_word' id='word_1_17' title='bbox 76 403 177 431; x_wconf 85' lang='lat' dir='ltr'>nam</span> <span class='ocrx_word' id='word_1_18' title='bbox 213 396 403 432; x_wconf 86' lang='lat' dir='ltr'>vestrum</span> <span class='ocrx_word' id='word_1_19' title='bbox 436 387 510 430; x_wconf 85' lang='lat' dir='ltr'>fiat</span> <span class='ocrx_word' id='word_1_20' title='bbox 539 393 676 429; x_wconf 89' lang='lat' dir='ltr'>mater</span> <span class='ocrx_word' id='word_1_21' title='bbox 699 404 708 429; x_wconf 76' lang='grc' dir='ltr'>ε</span> <span class='ocrx_word' id='word_1_22' title='bbox 734 399 812 443; x_wconf 83' lang='lat' dir='ltr'>ego</span> <span class='ocrx_word' id='word_1_23' title='bbox 836 385 944 445; x_wconf 84' lang='lat' dir='ltr'>quid</span> <span class='ocrx_word' id='word_1_24' title='bbox 967 387 1227 431; x_wconf 78' lang='lat' dir='ltr'>contendam</span> <span class='ocrx_word' id='word_1_25' title='bbox 1248 423 1258 443; x_wconf 87' lang='lat'>,</span> <span class='ocrx_word' id='word_1_26' title='bbox 1284 390 1463 448; x_wconf 92' lang='lat' dir='ltr'>quando</span> 
     </span>
     <span class='ocr_line' id='line_1_4' title="bbox 74 457 1463 517; baseline 0.001 -14"><span class='ocrx_word' id='word_1_27' title='bbox 74 459 161 503; x_wconf 86' lang='lat' dir='ltr'>sive</span> <span class='ocrx_word' id='word_1_28' title='bbox 183 459 309 514; x_wconf 78' lang='lat' dir='ltr'>hinc,</span> <span class='ocrx_word' id='word_1_29' title='bbox 337 459 424 503; x_wconf 91' lang='lat' dir='ltr'>sive</span> <span class='ocrx_word' id='word_1_30' title='bbox 456 457 559 501; x_wconf 91' lang='lat' dir='ltr'>inde</span> <span class='ocrx_word' id='word_1_31' title='bbox 587 457 782 501; x_wconf 88' lang='lat' dir='ltr'>nascenti</span> <span class='ocrx_word' id='word_1_32' title='bbox 810 472 900 501; x_wconf 88' lang='lat' dir='ltr'>non</span> <span class='ocrx_word' id='word_1_33' title='bbox 929 457 1011 501; x_wconf 88' lang='lat' dir='ltr'>erit</span> <span class='ocrx_word' id='word_1_34' title='bbox 1033 457 1139 501; x_wconf 88' lang='lat' dir='ltr'>alius</span> <span class='ocrx_word' id='word_1_35' title='bbox 1162 461 1314 517; x_wconf 81' lang='lat' dir='ltr'>pater?</span> <span class='ocrx_word' id='word_1_36' title='bbox 1339 462 1463 504; x_wconf 89' lang='lat' dir='ltr'>Hanc</span> 
     </span>
     <span class='ocr_line' id='line_1_5' title="bbox 73 528 1461 589; baseline 0 -15"><span class='ocrx_word' id='word_1_37' title='bbox 73 529 270 589; x_wconf 85' lang='lat' dir='ltr'>profecto</span> <span class='ocrx_word' id='word_1_38' title='bbox 293 529 546 574; x_wconf 85' lang='lat' dir='ltr'>modestiam</span> <span class='ocrx_word' id='word_1_39' title='bbox 566 564 576 584; x_wconf 85' lang='lat'>,</span> <span class='ocrx_word' id='word_1_40' title='bbox 601 529 714 573; x_wconf 88' lang='lat' dir='ltr'>hanc</span> <span class='ocrx_word' id='word_1_41' title='bbox 737 528 1101 588; x_wconf 71' lang='lat' dir='ltr'>concupiscentiae</span> <span class='ocrx_word' id='word_1_42' title='bbox 1124 529 1430 574; x_wconf 70' lang='lat' dir='ltr'>coercitionem</span> <span class='ocrx_word' id='word_1_43' title='bbox 1449 566 1461 586; x_wconf 80' lang='lat'>,</span> 
     </span>
     <span class='ocr_line' id='line_1_6' title="bbox 73 598 1463 661; baseline 0.001 -17"><span class='ocrx_word' id='word_1_44' title='bbox 73 609 116 644; x_wconf 90' lang='lat' dir='ltr'>et</span> <span class='ocrx_word' id='word_1_45' title='bbox 144 602 189 645; x_wconf 91' lang='lat' dir='ltr'>in</span> <span class='ocrx_word' id='word_1_46' title='bbox 212 600 520 646; x_wconf 86' lang='lat' dir='ltr'>commixtione</span> <span class='ocrx_word' id='word_1_47' title='bbox 550 615 781 660; x_wconf 88' lang='lat' dir='ltr'>corporum</span> <span class='ocrx_word' id='word_1_48' title='bbox 806 598 1105 660; x_wconf 81' lang='lat' dir='ltr'>conjugalium</span> <span class='ocrx_word' id='word_1_49' title='bbox 1126 600 1268 644; x_wconf 86' lang='lat' dir='ltr'>solum</span> <span class='ocrx_word' id='word_1_50' title='bbox 1291 604 1463 661; x_wconf 88' lang='lat' dir='ltr'>appeti-</span> 
     </span>
     <span class='ocr_line' id='line_1_7' title="bbox 76 673 1464 732; baseline 0.001 -16"><span class='ocrx_word' id='word_1_51' title='bbox 76 682 166 717; x_wconf 93' lang='lat' dir='ltr'>tum</span> <span class='ocrx_word' id='word_1_52' title='bbox 188 673 449 732; x_wconf 86' lang='lat' dir='ltr'>posteritatis</span> <span class='ocrx_word' id='word_1_53' title='bbox 470 673 675 716; x_wconf 89' lang='lat' dir='ltr'>humanae</span> <span class='ocrx_word' id='word_1_54' title='bbox 689 707 700 727; x_wconf 91' lang='lat'>‚</span> <span class='ocrx_word' id='word_1_55' title='bbox 725 681 776 716; x_wconf 90' lang='lat' dir='ltr'>ut</span> <span class='ocrx_word' id='word_1_56' title='bbox 799 680 891 716; x_wconf 86' lang='lat' dir='ltr'>erat</span> <span class='ocrx_word' id='word_1_57' title='bbox 912 681 1064 717; x_wconf 87' lang='lat' dir='ltr'>acutus</span> <span class='ocrx_word' id='word_1_58' title='bbox 1082 674 1268 717; x_wconf 82' lang='lat' dir='ltr'>Faustus</span> <span class='ocrx_word' id='word_1_59' title='bbox 1283 708 1293 728; x_wconf 85' lang='lat'><strong>,</strong></span> <span class='ocrx_word' id='word_1_60' title='bbox 1319 673 1363 716; x_wconf 90' lang='lat' dir='ltr'>in</span> <span class='ocrx_word' id='word_1_61' title='bbox 1384 674 1464 718; x_wconf 81' lang='lat' dir='ltr'>illis</span> 
     </span>
     <span class='ocr_line' id='line_1_8' title="bbox 72 743 1463 805; baseline -0.001 -18"><span class='ocrx_word' id='word_1_62' title='bbox 72 744 224 788; x_wconf 89' lang='lat' dir='ltr'>litteris</span> <span class='ocrx_word' id='word_1_63' title='bbox 246 753 289 788; x_wconf 92' lang='lat' dir='ltr'>et</span> <span class='ocrx_word' id='word_1_64' title='bbox 308 744 570 804; x_wconf 82' lang='lat' dir='ltr'>intelligeret</span> <span class='ocrx_word' id='word_1_65' title='bbox 594 753 636 788; x_wconf 92' lang='lat' dir='ltr'>et</span> <span class='ocrx_word' id='word_1_66' title='bbox 658 743 856 789; x_wconf 88' lang='lat' dir='ltr'>laudaret</span> <span class='ocrx_word' id='word_1_67' title='bbox 875 780 886 799; x_wconf 92' lang='lat'>‚</span> <span class='ocrx_word' id='word_1_68' title='bbox 922 744 1004 788; x_wconf 91' lang='lat' dir='ltr'>nisi</span> <span class='ocrx_word' id='word_1_69' title='bbox 1025 746 1116 805; x_wconf 87' lang='lat' dir='ltr'>ejus</span> <span class='ocrx_word' id='word_1_70' title='bbox 1137 745 1363 803; x_wconf 88' lang='lat' dir='ltr'>ingenium</span> <span class='ocrx_word' id='word_1_71' title='bbox 1385 745 1463 789; x_wconf 38' lang='lat' dir='ltr'>tle*-</span> 
     </span>
     <span class='ocr_line' id='line_1_9' title="bbox 74 814 1463 877; baseline 0.001 -19"><span class='ocrx_word' id='word_1_72' title='bbox 74 815 256 859; x_wconf 88' lang='lat' dir='ltr'>testabili</span> <span class='ocrx_word' id='word_1_73' title='bbox 278 825 393 859; x_wconf 86' lang='lat' dir='ltr'>secta</span> <span class='ocrx_word' id='word_1_74' title='bbox 415 814 699 875; x_wconf 88' lang='lat' dir='ltr'>depravatum</span> <span class='ocrx_word' id='word_1_75' title='bbox 716 850 727 870; x_wconf 89' lang='lat'>‚</span> <span class='ocrx_word' id='word_1_76' title='bbox 754 824 797 860; x_wconf 89' lang='lat' dir='ltr'>et</span> <span class='ocrx_word' id='word_1_77' title='bbox 815 815 922 875; x_wconf 88' lang='lat' dir='ltr'>quid</span> <span class='ocrx_word' id='word_1_78' title='bbox 940 815 1277 875; x_wconf 86' lang='lat' dir='ltr'>reprehenderet</span> <span class='ocrx_word' id='word_1_79' title='bbox 1292 832 1463 877; x_wconf 73' lang='lat' dir='ltr'>quaere-</span> 
     </span>
     <span class='ocr_line' id='line_1_10' title="bbox 70 886 1460 949; baseline 0.002 -19"><span class='ocrx_word' id='word_1_80' title='bbox 70 896 135 931; x_wconf 87' lang='lat' dir='ltr'>ret</span> <span class='ocrx_word' id='word_1_81' title='bbox 155 922 167 941; x_wconf 89' lang='lat'>,</span> <span class='ocrx_word' id='word_1_82' title='bbox 210 896 252 931; x_wconf 89' lang='lat' dir='ltr'>et</span> <span class='ocrx_word' id='word_1_83' title='bbox 285 902 419 931; x_wconf 89' lang='lat' dir='ltr'>unam</span> <span class='ocrx_word' id='word_1_84' title='bbox 453 886 661 947; x_wconf 86' lang='lat' dir='ltr'>nuptialis</span> <span class='ocrx_word' id='word_1_85' title='bbox 698 887 1000 932; x_wconf 88' lang='lat' dir='ltr'>conventionis</span> <span class='ocrx_word' id='word_1_86' title='bbox 1038 888 1309 932; x_wconf 87' lang='lat' dir='ltr'>honestatem</span> <span class='ocrx_word' id='word_1_87' title='bbox 1326 924 1337 944; x_wconf 95' lang='lat'><strong>‚</strong></span> <span class='ocrx_word' id='word_1_88' title='bbox 1376 906 1460 949; x_wconf 82' lang='lat' dir='ltr'>qua</span> 
     </span>
     <span class='ocr_line' id='line_1_11' title="bbox 69 956 1461 1020; baseline 0.002 -19"><span class='ocrx_word' id='word_1_89' title='bbox 69 972 207 1001; x_wconf 86' lang='lat' dir='ltr'>mares</span> <span class='ocrx_word' id='word_1_90' title='bbox 235 966 276 1001; x_wconf 91' lang='lat' dir='ltr'>et</span> <span class='ocrx_word' id='word_1_91' title='bbox 300 956 495 1001; x_wconf 83' lang='lat' dir='ltr'>foeminae</span> <span class='ocrx_word' id='word_1_92' title='bbox 516 957 755 1002; x_wconf 89' lang='lat' dir='ltr'>liberorum</span> <span class='ocrx_word' id='word_1_93' title='bbox 777 956 1147 1018; x_wconf 85' lang='lat' dir='ltr'>procreandorum</span> <span class='ocrx_word' id='word_1_94' title='bbox 1170 974 1301 1004; x_wconf 89' lang='lat' dir='ltr'>causa</span> <span class='ocrx_word' id='word_1_95' title='bbox 1323 975 1461 1020; x_wconf 70' lang='lat' dir='ltr'>vopu-</span> 
     </span>
     <span class='ocr_line' id='line_1_12' title="bbox 67 1028 1047 1088; baseline 0 -16"><span class='ocrx_word' id='word_1_96' title='bbox 67 1028 229 1081; x_wconf 80' lang='lat' dir='ltr'>tantur,</span> <span class='ocrx_word' id='word_1_97' title='bbox 250 1028 333 1072; x_wconf 90' lang='lat' dir='ltr'>hoc</span> <span class='ocrx_word' id='word_1_98' title='bbox 354 1029 519 1072; x_wconf 86' lang='lat' dir='ltr'>crimen</span> <span class='ocrx_word' id='word_1_99' title='bbox 541 1029 779 1073; x_wconf 89' lang='lat' dir='ltr'>maximum</span> <span class='ocrx_word' id='word_1_100' title='bbox 801 1029 1047 1088; x_wconf 88' lang='lat' dir='ltr'>deputaret.</span> 
     </span>
    </p>

    <p class='ocr_par' dir='ltr' id='par_1_3' title="bbox 63 1098 1462 2001">
     <span class='ocr_line' id='line_1_13' title="bbox 126 1098 1462 1159; baseline 0.001 -16"><span class='ocrx_word' id='word_1_101' title='bbox 126 1102 199 1144; x_wconf 91' lang='lat' dir='ltr'>LI.</span> <span class='ocrx_word' id='word_1_102' title='bbox 237 1101 363 1145; x_wconf 90' lang='lat' dir='ltr'>Nunc</span> <span class='ocrx_word' id='word_1_103' title='bbox 391 1101 481 1159; x_wconf 88' lang='lat' dir='ltr'>jam</span> <span class='ocrx_word' id='word_1_104' title='bbox 504 1098 691 1143; x_wconf 87' lang='lat' dir='ltr'>defensis</span> <span class='ocrx_word' id='word_1_105' title='bbox 721 1100 980 1144; x_wconf 87' lang='lat' dir='ltr'>Patriarchae</span> <span class='ocrx_word' id='word_1_106' title='bbox 1002 1100 1198 1144; x_wconf 90' lang='lat' dir='ltr'>moribus</span> <span class='ocrx_word' id='word_1_107' title='bbox 1213 1135 1224 1155; x_wconf 81' lang='lat'>‚</span> <span class='ocrx_word' id='word_1_108' title='bbox 1246 1102 1462 1146; x_wconf 79' lang='lat' dir='ltr'>refutato-</span> 
     </span>
     <span class='ocr_line' id='line_1_14' title="bbox 67 1168 1458 1230; baseline 0.001 -17"><span class='ocrx_word' id='word_1_109' title='bbox 67 1184 153 1229; x_wconf 87' lang='lat' dir='ltr'>que</span> <span class='ocrx_word' id='word_1_110' title='bbox 183 1169 389 1224; x_wconf 85' lang='lat' dir='ltr'>erimine,</span> <span class='ocrx_word' id='word_1_111' title='bbox 431 1168 551 1230; x_wconf 86' lang='lat' dir='ltr'>quod</span> <span class='ocrx_word' id='word_1_112' title='bbox 586 1168 777 1214; x_wconf 87' lang='lat' dir='ltr'>nefarius</span> <span class='ocrx_word' id='word_1_113' title='bbox 822 1185 941 1214; x_wconf 90' lang='lat' dir='ltr'>error</span> <span class='ocrx_word' id='word_1_114' title='bbox 970 1169 1159 1229; x_wconf 78' lang='lat' dir='ltr'>objecit,</span> <span class='ocrx_word' id='word_1_115' title='bbox 1203 1170 1258 1214; x_wconf 91' lang='lat' dir='ltr'>de</span> <span class='ocrx_word' id='word_1_116' title='bbox 1290 1170 1458 1227; x_wconf 87' lang='lat' dir='ltr'>libero,</span> 
     </span>
     <span class='ocr_line' id='line_1_15' title="bbox 67 1240 1462 1300; baseline 0.002 -15"><span class='ocrx_word' id='word_1_117' title='bbox 67 1250 116 1285; x_wconf 89' lang='lat' dir='ltr'>ut</span> <span class='ocrx_word' id='word_1_118' title='bbox 152 1256 382 1300; x_wconf 89' lang='lat' dir='ltr'>possumus</span> <span class='ocrx_word' id='word_1_119' title='bbox 402 1276 412 1296; x_wconf 79' lang='lat'><em>‚</em></span> <span class='ocrx_word' id='word_1_120' title='bbox 438 1242 743 1298; x_wconf 84' lang='lat' dir='ltr'>mysteriorum</span> <span class='ocrx_word' id='word_1_121' title='bbox 767 1249 931 1284; x_wconf 89' lang='lat' dir='ltr'>secreta</span> <span class='ocrx_word' id='word_1_122' title='bbox 954 1241 1162 1284; x_wconf 89' lang='lat' dir='ltr'>rimemur</span> <span class='ocrx_word' id='word_1_123' title='bbox 1179 1276 1190 1296; x_wconf 88' lang='lat'>,</span> <span class='ocrx_word' id='word_1_124' title='bbox 1216 1240 1462 1300; x_wconf 90' lang='lat' dir='ltr'>pulsemus-</span> 
     </span>
     <span class='ocr_line' id='line_1_16' title="bbox 65 1311 1461 1374; baseline 0.001 -18"><span class='ocrx_word' id='word_1_125' title='bbox 65 1327 152 1373; x_wconf 85' lang='lat' dir='ltr'>que</span> <span class='ocrx_word' id='word_1_126' title='bbox 188 1311 290 1356; x_wconf 84' lang='lat' dir='ltr'>fidei</span> <span class='ocrx_word' id='word_1_127' title='bbox 328 1311 515 1372; x_wconf 83' lang='lat' dir='ltr'>pietate,</span> <span class='ocrx_word' id='word_1_128' title='bbox 554 1320 603 1356; x_wconf 90' lang='lat' dir='ltr'>ut</span> <span class='ocrx_word' id='word_1_129' title='bbox 636 1311 762 1355; x_wconf 90' lang='lat' dir='ltr'>nobis</span> <span class='ocrx_word' id='word_1_130' title='bbox 799 1311 1018 1370; x_wconf 88' lang='lat' dir='ltr'>aperiatur</span> <span class='ocrx_word' id='word_1_131' title='bbox 1048 1327 1071 1355; x_wconf 91' lang='lat' dir='ltr'>a</span> <span class='ocrx_word' id='word_1_132' title='bbox 1102 1312 1289 1357; x_wconf 90' lang='lat' dir='ltr'>Domino</span> <span class='ocrx_word' id='word_1_133' title='bbox 1309 1348 1320 1368; x_wconf 86' lang='lat'>‚</span> <span class='ocrx_word' id='word_1_134' title='bbox 1352 1315 1461 1374; x_wconf 89' lang='lat' dir='ltr'>quid</span> 
     </span>
     <span class='ocr_line' id='line_1_17' title="bbox 66 1382 1458 1443; baseline 0.001 -16"><span class='ocrx_word' id='word_1_135' title='bbox 66 1399 209 1427; x_wconf 88' lang='lat' dir='ltr'>rerum</span> <span class='ocrx_word' id='word_1_136' title='bbox 249 1382 532 1442; x_wconf 85' lang='lat' dir='ltr'>figuraverint</span> <span class='ocrx_word' id='word_1_137' title='bbox 573 1391 762 1442; x_wconf 87' lang='lat' dir='ltr'>quatuor</span> <span class='ocrx_word' id='word_1_138' title='bbox 805 1382 896 1426; x_wconf 88' lang='lat' dir='ltr'>istae</span> <span class='ocrx_word' id='word_1_139' title='bbox 938 1397 1091 1427; x_wconf 88' lang='lat' dir='ltr'>uxores</span> <span class='ocrx_word' id='word_1_140' title='bbox 1135 1383 1301 1438; x_wconf 86' lang='lat' dir='ltr'>Jacob,</span> <span class='ocrx_word' id='word_1_141' title='bbox 1345 1401 1458 1443; x_wconf 86' lang='lat' dir='ltr'>qua-</span> 
     </span>
     <span class='ocr_line' id='line_1_18' title="bbox 66 1452 1458 1510; baseline 0.001 -11"><span class='ocrx_word' id='word_1_142' title='bbox 66 1470 163 1500; x_wconf 89' lang='lat' dir='ltr'>rum</span> <span class='ocrx_word' id='word_1_143' title='bbox 195 1455 295 1498; x_wconf 85' lang='lat' dir='ltr'>duae</span> <span class='ocrx_word' id='word_1_144' title='bbox 328 1454 508 1510; x_wconf 85' lang='lat' dir='ltr'>liberae,</span> <span class='ocrx_word' id='word_1_145' title='bbox 545 1453 644 1498; x_wconf 86' lang='lat' dir='ltr'>duae</span> <span class='ocrx_word' id='word_1_146' title='bbox 677 1452 846 1498; x_wconf 86' lang='lat' dir='ltr'>ancillae</span> <span class='ocrx_word' id='word_1_147' title='bbox 881 1454 1076 1498; x_wconf 74' lang='lat' dir='ltr'>fuerunt.</span> <span class='ocrx_word' id='word_1_148' title='bbox 1113 1454 1323 1499; x_wconf 91' lang='lat' dir='ltr'>Videmus</span> <span class='ocrx_word' id='word_1_149' title='bbox 1343 1457 1458 1500; x_wconf 87' lang='lat' dir='ltr'>enim</span> 
     </span>
     <span class='ocr_line' id='line_1_19' title="bbox 67 1526 1458 1588; baseline 0 -16"><span class='ocrx_word' id='word_1_150' title='bbox 67 1527 322 1588; x_wconf 85' lang='lat' dir='ltr'>Apostolum</span> <span class='ocrx_word' id='word_1_151' title='bbox 338 1563 352 1583; x_wconf 85' lang='lat'><em>,</em></span> <span class='ocrx_word' id='word_1_152' title='bbox 376 1528 422 1571; x_wconf 92' lang='lat' dir='ltr'>in</span> <span class='ocrx_word' id='word_1_153' title='bbox 448 1527 585 1571; x_wconf 87' lang='lat' dir='ltr'>libera</span> <span class='ocrx_word' id='word_1_154' title='bbox 610 1536 653 1571; x_wconf 88' lang='lat' dir='ltr'>et</span> <span class='ocrx_word' id='word_1_155' title='bbox 681 1526 837 1571; x_wconf 92' lang='lat' dir='ltr'>ancilla</span> <span class='ocrx_word' id='word_1_156' title='bbox 855 1562 866 1581; x_wconf 87' lang='lat'>‚</span> <span class='ocrx_word' id='word_1_157' title='bbox 891 1543 998 1587; x_wconf 86' lang='lat' dir='ltr'>quas</span> <span class='ocrx_word' id='word_1_158' title='bbox 1029 1528 1184 1571; x_wconf 86' lang='lat' dir='ltr'>habuit</span> <span class='ocrx_word' id='word_1_159' title='bbox 1204 1527 1427 1572; x_wconf 87' lang='lat' dir='ltr'>Abraham</span> <span class='ocrx_word' id='word_1_160' title='bbox 1446 1563 1458 1585; x_wconf 80' lang='grc'>,</span> 
     </span>
     <span class='ocr_line' id='line_1_20' title="bbox 65 1597 1460 1656; baseline 0.001 -13"><span class='ocrx_word' id='word_1_161' title='bbox 65 1600 154 1644; x_wconf 90' lang='lat' dir='ltr'>duo</span> <span class='ocrx_word' id='word_1_162' title='bbox 180 1601 453 1643; x_wconf 86' lang='lat' dir='ltr'>Testamenta</span> <span class='ocrx_word' id='word_1_163' title='bbox 487 1597 726 1656; x_wconf 82' lang='lat' dir='ltr'>intelligere</span> <span class='ocrx_word' id='word_1_164' title='bbox 746 1600 759 1623; x_wconf 79' lang='lat'>1</span> <span class='ocrx_word' id='word_1_165' title='bbox 786 1618 795 1642; x_wconf 76' lang='grc' dir='ltr'>ε</span> <span class='ocrx_word' id='word_1_166' title='bbox 820 1598 896 1642; x_wconf 90' lang='lat' dir='ltr'>sed</span> <span class='ocrx_word' id='word_1_167' title='bbox 915 1598 976 1642; x_wconf 87' lang='lat' dir='ltr'>ibi</span> <span class='ocrx_word' id='word_1_168' title='bbox 998 1598 1044 1642; x_wconf 92' lang='lat' dir='ltr'>in</span> <span class='ocrx_word' id='word_1_169' title='bbox 1067 1614 1154 1643; x_wconf 86' lang='lat' dir='ltr'>una</span> <span class='ocrx_word' id='word_1_170' title='bbox 1177 1609 1219 1644; x_wconf 90' lang='lat' dir='ltr'>et</span> <span class='ocrx_word' id='word_1_171' title='bbox 1241 1615 1329 1644; x_wconf 91' lang='lat' dir='ltr'>una</span> <span class='ocrx_word' id='word_1_172' title='bbox 1352 1599 1460 1645; x_wconf 86' lang='lat' dir='ltr'>saci-</span> 
     </span>
     <span class='ocr_line' id='line_1_21' title="bbox 65 1669 1454 1730; baseline 0.002 -17"><span class='ocrx_word' id='word_1_173' title='bbox 65 1670 146 1714; x_wconf 87' lang='lat' dir='ltr'>lius</span> <span class='ocrx_word' id='word_1_174' title='bbox 177 1680 357 1730; x_wconf 87' lang='lat' dir='ltr'>apparet</span> <span class='ocrx_word' id='word_1_175' title='bbox 388 1669 506 1729; x_wconf 86' lang='lat' dir='ltr'>quod</span> <span class='ocrx_word' id='word_1_176' title='bbox 543 1669 701 1713; x_wconf 90' lang='lat' dir='ltr'>dieitur</span> <span class='ocrx_word' id='word_1_177' title='bbox 732 1688 740 1713; x_wconf 79' lang='lat'>2</span> <span class='ocrx_word' id='word_1_178' title='bbox 771 1669 842 1712; x_wconf 88' lang='lat' dir='ltr'>hic</span> <span class='ocrx_word' id='word_1_179' title='bbox 863 1678 1009 1713; x_wconf 92' lang='lat' dir='ltr'>autem</span> <span class='ocrx_word' id='word_1_180' title='bbox 1032 1669 1131 1714; x_wconf 89' lang='lat' dir='ltr'>duae</span> <span class='ocrx_word' id='word_1_181' title='bbox 1149 1681 1250 1715; x_wconf 90' lang='lat' dir='ltr'>sunt</span> <span class='ocrx_word' id='word_1_182' title='bbox 1272 1680 1315 1716; x_wconf 90' lang='lat' dir='ltr'>et</span> <span class='ocrx_word' id='word_1_183' title='bbox 1338 1671 1454 1716; x_wconf 80' lang='lat' dir='ltr'>duae.</span> 
     </span>
     <span class='ocr_line' id='line_1_22' title="bbox 65 1740 1462 1796; baseline 0.003 -11"><span class='ocrx_word' id='word_1_184' title='bbox 65 1740 230 1796; x_wconf 82' lang='lat' dir='ltr'>Dejnde</span> <span class='ocrx_word' id='word_1_185' title='bbox 253 1742 312 1785; x_wconf 87' lang='lat' dir='ltr'>ibi</span> <span class='ocrx_word' id='word_1_186' title='bbox 347 1740 516 1785; x_wconf 87' lang='lat' dir='ltr'>ancillae</span> <span class='ocrx_word' id='word_1_187' title='bbox 539 1740 653 1784; x_wconf 89' lang='lat' dir='ltr'>filius</span> <span class='ocrx_word' id='word_1_188' title='bbox 676 1741 1004 1796; x_wconf 84' lang='lat' dir='ltr'>exhaeredatur,</span> <span class='ocrx_word' id='word_1_189' title='bbox 1041 1741 1112 1785; x_wconf 89' lang='lat' dir='ltr'>hic</span> <span class='ocrx_word' id='word_1_190' title='bbox 1145 1757 1248 1787; x_wconf 90' lang='lat' dir='ltr'>vero</span> <span class='ocrx_word' id='word_1_191' title='bbox 1282 1742 1462 1789; x_wconf 86' lang='lat' dir='ltr'>ancilla-</span> 
     </span>
     <span class='ocr_line' id='line_1_23' title="bbox 64 1811 1460 1873; baseline 0.001 -16"><span class='ocrx_word' id='word_1_192' title='bbox 64 1828 161 1857; x_wconf 89' lang='lat' dir='ltr'>rum</span> <span class='ocrx_word' id='word_1_193' title='bbox 183 1812 261 1856; x_wconf 89' lang='lat' dir='ltr'>filii</span> <span class='ocrx_word' id='word_1_194' title='bbox 294 1813 423 1857; x_wconf 89' lang='lat' dir='ltr'>simul</span> <span class='ocrx_word' id='word_1_195' title='bbox 445 1827 544 1857; x_wconf 90' lang='lat' dir='ltr'>cum</span> <span class='ocrx_word' id='word_1_196' title='bbox 580 1811 678 1856; x_wconf 85' lang='lat' dir='ltr'>filiis</span> <span class='ocrx_word' id='word_1_197' title='bbox 711 1811 948 1856; x_wconf 89' lang='lat' dir='ltr'>liberarum</span> <span class='ocrx_word' id='word_1_198' title='bbox 972 1821 1129 1857; x_wconf 88' lang='lat' dir='ltr'>terram</span> <span class='ocrx_word' id='word_1_199' title='bbox 1165 1815 1460 1873; x_wconf 85' lang='lat' dir='ltr'>promissionis</span> 
     </span>
     <span class='ocr_line' id='line_1_24' title="bbox 65 1881 1458 1945; baseline 0.001 -17"><span class='ocrx_word' id='word_1_200' title='bbox 65 1884 285 1943; x_wconf 89' lang='lat' dir='ltr'>accipiunt</span> <span class='ocrx_word' id='word_1_201' title='bbox 321 1903 330 1928; x_wconf 76' lang='grc' dir='ltr'>ι</span> <span class='ocrx_word' id='word_1_202' title='bbox 367 1883 485 1928; x_wconf 89' lang='lat' dir='ltr'>unde</span> <span class='ocrx_word' id='word_1_203' title='bbox 515 1883 587 1927; x_wconf 91' lang='lat' dir='ltr'>hic</span> <span class='ocrx_word' id='word_1_204' title='bbox 615 1882 768 1943; x_wconf 86' lang='lat' dir='ltr'>procul</span> <span class='ocrx_word' id='word_1_205' title='bbox 801 1881 938 1927; x_wconf 87' lang='lat' dir='ltr'>dubio</span> <span class='ocrx_word' id='word_1_206' title='bbox 960 1882 1128 1944; x_wconf 84' lang='lat' dir='ltr'>aliquid</span> <span class='ocrx_word' id='word_1_207' title='bbox 1152 1883 1272 1929; x_wconf 86' lang='lat' dir='ltr'>aliud</span> <span class='ocrx_word' id='word_1_208' title='bbox 1291 1886 1458 1945; x_wconf 83' lang='lat' dir='ltr'>signifi—</span> 
     </span>
     <span class='ocr_line' id='line_1_25' title="bbox 63 1965 201 2001; baseline -0.007 -1"><span class='ocrx_word' id='word_1_209' title='bbox 63 1965 201 2001; x_wconf 87' lang='lat' dir='ltr'>catur.</span> 
     </span>
    </p>

    <p class='ocr_par' dir='ltr' id='par_1_4' title="bbox 57 2026 1455 2578">
     <span class='ocr_line' id='line_1_26' title="bbox 124 2026 1455 2088; baseline 0.003 -17"><span class='ocrx_word' id='word_1_210' title='bbox 124 2030 220 2071; x_wconf 85' lang='lat' dir='ltr'><strong>LII.</strong></span> <span class='ocrx_word' id='word_1_211' title='bbox 255 2030 517 2088; x_wconf 82' lang='lat' dir='ltr'>Quanquam</span> <span class='ocrx_word' id='word_1_212' title='bbox 559 2027 674 2071; x_wconf 90' lang='lat' dir='ltr'>enim</span> <span class='ocrx_word' id='word_1_213' title='bbox 713 2027 820 2071; x_wconf 92' lang='lat' dir='ltr'>duas</span> <span class='ocrx_word' id='word_1_214' title='bbox 853 2026 1010 2070; x_wconf 88' lang='lat' dir='ltr'>liberas</span> <span class='ocrx_word' id='word_1_215' title='bbox 1042 2041 1195 2071; x_wconf 87' lang='lat' dir='ltr'>uxores</span> <span class='ocrx_word' id='word_1_216' title='bbox 1226 2030 1363 2074; x_wconf 88' lang='lat' dir='ltr'>Jacob</span> <span class='ocrx_word' id='word_1_217' title='bbox 1402 2032 1455 2075; x_wconf 82' lang='lat' dir='ltr'>ad</span> 
     </span>
     <span class='ocr_line' id='line_1_27' title="bbox 62 2097 1451 2158; baseline -0.001 -13"><span class='ocrx_word' id='word_1_218' title='bbox 62 2101 234 2145; x_wconf 85' lang='lat' dir='ltr'>Novum</span> <span class='ocrx_word' id='word_1_219' title='bbox 265 2101 621 2153; x_wconf 85' lang='lat' dir='ltr'>Testamentum,</span> <span class='ocrx_word' id='word_1_220' title='bbox 648 2113 737 2158; x_wconf 91' lang='lat' dir='ltr'>quo</span> <span class='ocrx_word' id='word_1_221' title='bbox 767 2098 812 2141; x_wconf 91' lang='lat' dir='ltr'>in</span> <span class='ocrx_word' id='word_1_222' title='bbox 840 2097 1085 2142; x_wconf 86' lang='lat' dir='ltr'>libertatem</span> <span class='ocrx_word' id='word_1_223' title='bbox 1122 2100 1264 2144; x_wconf 87' lang='lat' dir='ltr'>vocati</span> <span class='ocrx_word' id='word_1_224' title='bbox 1285 2115 1451 2156; x_wconf 84' lang='lat' dir='ltr'>sumus,</span> 
     </span>
     <span class='ocr_line' id='line_1_28' title="bbox 63 2168 1450 2229; baseline 0.004 -15"><span class='ocrx_word' id='word_1_225' title='bbox 63 2171 302 2214; x_wconf 82' lang='lat' dir='ltr'>existimem</span> <span class='ocrx_word' id='word_1_226' title='bbox 348 2169 563 2229; x_wconf 90' lang='lat' dir='ltr'>pertinere</span> <span class='ocrx_word' id='word_1_227' title='bbox 581 2205 591 2225; x_wconf 90' lang='lat'>,</span> <span class='ocrx_word' id='word_1_228' title='bbox 646 2185 735 2214; x_wconf 93' lang='lat' dir='ltr'>non</span> <span class='ocrx_word' id='word_1_229' title='bbox 777 2178 925 2214; x_wconf 89' lang='lat' dir='ltr'>tamen</span> <span class='ocrx_word' id='word_1_230' title='bbox 967 2168 1127 2214; x_wconf 84' lang='lat' dir='ltr'>frustra</span> <span class='ocrx_word' id='word_1_231' title='bbox 1164 2170 1264 2215; x_wconf 90' lang='lat' dir='ltr'>duae</span> <span class='ocrx_word' id='word_1_232' title='bbox 1307 2182 1408 2217; x_wconf 84' lang='lat' dir='ltr'>sunt</span> <span class='ocrx_word' id='word_1_233' title='bbox 1441 2193 1450 2219; x_wconf 80' lang='lat' dir='ltr'>z</span> 
     </span>
     <span class='ocr_line' id='line_1_29' title="bbox 59 2239 1451 2301; baseline 0.001 -15"><span class='ocrx_word' id='word_1_234' title='bbox 59 2243 139 2286; x_wconf 89' lang='lat' dir='ltr'>nisi</span> <span class='ocrx_word' id='word_1_235' title='bbox 172 2241 284 2285; x_wconf 88' lang='lat' dir='ltr'>forte</span> <span class='ocrx_word' id='word_1_236' title='bbox 319 2241 422 2301; x_wconf 84' lang='lat' dir='ltr'>quia</span> <span class='ocrx_word' id='word_1_237' title='bbox 450 2240 520 2300; x_wconf 87' lang='lat' dir='ltr'>(id</span> <span class='ocrx_word' id='word_1_238' title='bbox 542 2239 662 2301; x_wconf 88' lang='lat' dir='ltr'>quod</span> <span class='ocrx_word' id='word_1_239' title='bbox 685 2242 731 2284; x_wconf 91' lang='lat' dir='ltr'>in</span> <span class='ocrx_word' id='word_1_240' title='bbox 755 2241 986 2300; x_wconf 88' lang='lat' dir='ltr'>Scripturis</span> <span class='ocrx_word' id='word_1_241' title='bbox 1006 2241 1172 2286; x_wconf 83' lang='lat' dir='ltr'>adverti</span> <span class='ocrx_word' id='word_1_242' title='bbox 1195 2251 1237 2286; x_wconf 91' lang='lat' dir='ltr'>et</span> <span class='ocrx_word' id='word_1_243' title='bbox 1266 2243 1451 2288; x_wconf 87' lang='lat' dir='ltr'>inveniri</span> 
     </span>
     <span class='ocr_line' id='line_1_30' title="bbox 59 2311 1448 2373; baseline 0.001 -16"><span class='ocrx_word' id='word_1_244' title='bbox 59 2315 225 2373; x_wconf 88' lang='lat' dir='ltr'>potest)</span> <span class='ocrx_word' id='word_1_245' title='bbox 246 2312 346 2356; x_wconf 89' lang='lat' dir='ltr'>duae</span> <span class='ocrx_word' id='word_1_246' title='bbox 368 2313 468 2356; x_wconf 88' lang='lat' dir='ltr'>vitae</span> <span class='ocrx_word' id='word_1_247' title='bbox 491 2312 615 2356; x_wconf 88' lang='lat' dir='ltr'>nobis</span> <span class='ocrx_word' id='word_1_248' title='bbox 648 2312 693 2355; x_wconf 88' lang='lat' dir='ltr'>in</span> <span class='ocrx_word' id='word_1_249' title='bbox 728 2312 886 2357; x_wconf 86' lang='lat' dir='ltr'>Christi</span> <span class='ocrx_word' id='word_1_250' title='bbox 922 2327 1102 2371; x_wconf 87' lang='lat' dir='ltr'>corpore</span> <span class='ocrx_word' id='word_1_251' title='bbox 1126 2311 1448 2371; x_wconf 80' lang='lat' dir='ltr'>praedicantur,</span> 
     </span>
     <span class='ocr_line' id='line_1_31' title="bbox 58 2381 1450 2444; baseline 0.001 -17"><span class='ocrx_word' id='word_1_252' title='bbox 58 2398 146 2427; x_wconf 89' lang='lat' dir='ltr'>una</span> <span class='ocrx_word' id='word_1_253' title='bbox 170 2383 418 2442; x_wconf 85' lang='lat' dir='ltr'>temporalis</span> <span class='ocrx_word' id='word_1_254' title='bbox 439 2382 485 2425; x_wconf 93' lang='lat' dir='ltr'>in</span> <span class='ocrx_word' id='word_1_255' title='bbox 508 2398 595 2442; x_wconf 82' lang='lat' dir='ltr'>qua</span> <span class='ocrx_word' id='word_1_256' title='bbox 615 2381 865 2427; x_wconf 87' lang='lat' dir='ltr'>laboramus</span> <span class='ocrx_word' id='word_1_257' title='bbox 886 2418 896 2438; x_wconf 92' lang='lat'>,</span> <span class='ocrx_word' id='word_1_258' title='bbox 922 2382 1004 2427; x_wconf 88' lang='lat' dir='ltr'>alia</span> <span class='ocrx_word' id='word_1_259' title='bbox 1028 2392 1189 2427; x_wconf 62' lang='lat' dir='ltr'>{eterna</span> <span class='ocrx_word' id='word_1_260' title='bbox 1208 2385 1251 2427; x_wconf 86' lang='lat' dir='ltr'>in</span> <span class='ocrx_word' id='word_1_261' title='bbox 1270 2400 1355 2444; x_wconf 88' lang='lat' dir='ltr'>qua</span> <span class='ocrx_word' id='word_1_262' title='bbox 1374 2384 1450 2429; x_wconf 89' lang='lat' dir='ltr'>de-</span> 
     </span>
     <span class='ocr_line' id='line_1_32' title="bbox 57 2453 1449 2514; baseline 0.001 -17"><span class='ocrx_word' id='word_1_263' title='bbox 57 2454 333 2497; x_wconf 88' lang='lat' dir='ltr'>lectationem</span> <span class='ocrx_word' id='word_1_264' title='bbox 370 2453 448 2496; x_wconf 89' lang='lat' dir='ltr'>Dei</span> <span class='ocrx_word' id='word_1_265' title='bbox 482 2453 891 2512; x_wconf 88' lang='lat' dir='ltr'>contemplabimur.</span> <span class='ocrx_word' id='word_1_266' title='bbox 929 2457 1061 2498; x_wconf 80' lang='lat' dir='ltr'>Istam</span> <span class='ocrx_word' id='word_1_267' title='bbox 1098 2456 1307 2499; x_wconf 60' lang='lat' dir='ltr'>&#39;Dominus</span> <span class='ocrx_word' id='word_1_268' title='bbox 1349 2472 1449 2514; x_wconf 75' lang='lat' dir='ltr'>pas-</span> 
     </span>
     <span class='ocr_line' id='line_1_33' title="bbox 58 2522 1443 2578; baseline 0.001 -10"><span class='ocrx_word' id='word_1_269' title='bbox 58 2524 202 2578; x_wconf 83' lang='lat' dir='ltr'>sione,</span> <span class='ocrx_word' id='word_1_270' title='bbox 239 2522 358 2567; x_wconf 89' lang='lat' dir='ltr'>illam</span> <span class='ocrx_word' id='word_1_271' title='bbox 391 2523 704 2569; x_wconf 78' lang='lat' dir='ltr'>resurrectione</span> <span class='ocrx_word' id='word_1_272' title='bbox 735 2522 985 2568; x_wconf 81' lang='lat' dir='ltr'>declaravit.</span> <span class='ocrx_word' id='word_1_273' title='bbox 1014 2523 1265 2569; x_wconf 61' lang='lat' dir='ltr'>Admoneat</span> <span class='ocrx_word' id='word_1_274' title='bbox 1288 2540 1364 2568; x_wconf 63' lang='lat' dir='ltr'>nos</span> <span class='ocrx_word' id='word_1_275' title='bbox 1393 2526 1443 2569; x_wconf 81' lang='lat' dir='ltr'>ad</span> 
     </span>
    </p>
   </div>
   <div class='ocr_carea' id='block_1_3' title="bbox 107 2608 334 2650">
    <p class='ocr_par' dir='ltr' id='par_1_5' title="bbox 107 2608 334 2650">
     <span class='ocr_line' id='line_1_34' title="bbox 107 2608 334 2650; baseline 0.004 -9"><span class='ocrx_word' id='word_1_276' title='bbox 107 2616 115 2631; x_wconf 87' lang='lat'>¹</span> <span class='ocrx_word' id='word_1_277' title='bbox 137 2608 204 2641; x_wconf 78' lang='lat' dir='ltr'>Gal.</span> <span class='ocrx_word' id='word_1_278' title='bbox 220 2619 264 2650; x_wconf 82' lang='lat' dir='ltr'>lv,</span> <span class='ocrx_word' id='word_1_279' title='bbox 280 2617 334 2642; x_wconf 74' lang='lat'>92.</span> 
     </span>
    </p>
   </div>
  </div>
 </body>
</html>
