<?xml version="1.0" encoding="UTF-8"?>
<!DOCTYPE html PUBLIC "-//W3C//DTD XHTML 1.0 Transitional//EN"
    "http://www.w3.org/TR/xhtml1/DTD/xhtml1-transitional.dtd">
<html xmlns="http://www.w3.org/1999/xhtml" xml:lang="en" lang="en">
 <head>
  <title>
</title>
<meta http-equiv="Content-Type" content="text/html;charset=utf-8" />
  <meta name='ocr-system' content='tesseract 3.04.00' />
  <meta name='ocr-capabilities' content='ocr_page ocr_carea ocr_par ocr_line ocrx_word'/>
</head>
<body>
  <div class='ocr_page' id='page_1' title='image "./operaomniaaccura29auguuoft/operaomniaaccura29auguuoft_0042.png"; bbox 0 0 1803 3250; ppageno 0'>
   <div class='ocr_carea' id='block_1_1' title="bbox 322 193 1719 2589">
    <p class='ocr_par' dir='ltr' id='par_1_1' title="bbox 336 193 1278 229">
     <span class='ocr_line' id='line_1_1' title="bbox 336 193 1278 229; baseline 0.002 -4"><span class='ocrx_word' id='word_1_1' title='bbox 336 193 389 229; x_wconf 73' lang='lat'>:32</span> <span class='ocrx_word' id='word_1_2' title='bbox 767 199 799 227; x_wconf 80' lang='lat' dir='ltr'>s.</span> <span class='ocrx_word' id='word_1_3' title='bbox 838 200 1065 229; x_wconf 62' lang='lat' dir='ltr'>Aucus‘rim</span> <span class='ocrx_word' id='word_1_4' title='bbox 1100 202 1278 229; x_wconf 63' lang='lat' dir='ltr'>eviscovi</span> 
     </span>
    </p>

    <p class='ocr_par' dir='ltr' id='par_1_2' title="bbox 323 265 1719 2021">
     <span class='ocr_line' id='line_1_2' title="bbox 335 265 1718 326; baseline 0.001 -16"><span class='ocrx_word' id='word_1_5' title='bbox 335 267 491 325; x_wconf 87' lang='lat' dir='ltr'>plativa</span> <span class='ocrx_word' id='word_1_6' title='bbox 531 275 593 310; x_wconf 85' lang='lat' dir='ltr'>est</span> <span class='ocrx_word' id='word_1_7' title='bbox 614 300 624 320; x_wconf 86' lang='lat'>‚</span> <span class='ocrx_word' id='word_1_8' title='bbox 652 266 805 324; x_wconf 84' lang='lat' dir='ltr'>partini</span> <span class='ocrx_word' id='word_1_9' title='bbox 836 266 998 321; x_wconf 88' lang='lat' dir='ltr'>activa,</span> <span class='ocrx_word' id='word_1_10' title='bbox 1043 267 1192 326; x_wconf 88' lang='lat' dir='ltr'>procul</span> <span class='ocrx_word' id='word_1_11' title='bbox 1229 265 1365 310; x_wconf 88' lang='lat' dir='ltr'>dubio</span> <span class='ocrx_word' id='word_1_12' title='bbox 1404 267 1718 326; x_wconf 89' lang='lat' dir='ltr'>contemplatio</span> 
     </span>
     <span class='ocr_line' id='line_1_3' title="bbox 334 336 1718 396; baseline 0 -16"><span class='ocrx_word' id='word_1_13' title='bbox 334 336 555 395; x_wconf 68' lang='lat' dir='ltr'>praeoellii.</span> <span class='ocrx_word' id='word_1_14' title='bbox 582 338 630 378; x_wconf 92' lang='lat' dir='ltr'>ln</span> <span class='ocrx_word' id='word_1_15' title='bbox 656 336 734 380; x_wconf 87' lang='lat' dir='ltr'>hac</span> <span class='ocrx_word' id='word_1_16' title='bbox 751 336 863 380; x_wconf 89' lang='lat' dir='ltr'>enim</span> <span class='ocrx_word' id='word_1_17' title='bbox 887 345 930 380; x_wconf 87' lang='lat' dir='ltr'>et</span> <span class='ocrx_word' id='word_1_18' title='bbox 953 337 1095 395; x_wconf 83' lang='lat' dir='ltr'>imago</span> <span class='ocrx_word' id='word_1_19' title='bbox 1121 337 1194 380; x_wconf 88' lang='lat' dir='ltr'>Dei</span> <span class='ocrx_word' id='word_1_20' title='bbox 1213 346 1291 391; x_wconf 85' lang='lat' dir='ltr'>est,</span> <span class='ocrx_word' id='word_1_21' title='bbox 1316 352 1400 396; x_wconf 81' lang='lat' dir='ltr'>qua</span> <span class='ocrx_word' id='word_1_22' title='bbox 1424 351 1501 395; x_wconf 89' lang='lat' dir='ltr'>per</span> <span class='ocrx_word' id='word_1_23' title='bbox 1517 336 1646 380; x_wconf 87' lang='lat' dir='ltr'>fidem</span> <span class='ocrx_word' id='word_1_24' title='bbox 1665 336 1718 380; x_wconf 87' lang='lat' dir='ltr'>ad</span> 
     </span>
     <span class='ocr_line' id='line_1_4' title="bbox 332 405 1718 467; baseline 0.001 -18"><span class='ocrx_word' id='word_1_25' title='bbox 332 407 515 466; x_wconf 71' lang='lat' dir='ltr'>speciem</span> <span class='ocrx_word' id='word_1_26' title='bbox 542 405 872 450; x_wconf 48' lang='lat' dir='ltr'>reformamur&amp;</span> <span class='ocrx_word' id='word_1_27' title='bbox 900 407 1023 452; x_wconf 81' lang='lat' dir='ltr'>Aetio</span> <span class='ocrx_word' id='word_1_28' title='bbox 1041 408 1186 467; x_wconf 83' lang='lat' dir='ltr'>itaque</span> <span class='ocrx_word' id='word_1_29' title='bbox 1210 406 1428 452; x_wconf 85' lang='lat' dir='ltr'>rationalis</span> <span class='ocrx_word' id='word_1_30' title='bbox 1448 407 1718 467; x_wconf 88' lang='lat' dir='ltr'>contempla-</span> 
     </span>
     <span class='ocr_line' id='line_1_5' title="bbox 334 475 1714 537; baseline 0.001 -17"><span class='ocrx_word' id='word_1_31' title='bbox 334 478 437 522; x_wconf 85' lang='lat' dir='ltr'>tioni</span> <span class='ocrx_word' id='word_1_32' title='bbox 463 475 660 521; x_wconf 77' lang='lat' dir='ltr'>rationali</span> <span class='ocrx_word' id='word_1_33' title='bbox 682 477 815 521; x_wconf 87' lang='lat' dir='ltr'>debet</span> <span class='ocrx_word' id='word_1_34' title='bbox 837 478 1040 532; x_wconf 87' lang='lat' dir='ltr'>obedire,</span> <span class='ocrx_word' id='word_1_35' title='bbox 1079 479 1166 522; x_wconf 80' lang='lat' dir='ltr'>sive</span> <span class='ocrx_word' id='word_1_36' title='bbox 1199 494 1274 537; x_wconf 87' lang='lat' dir='ltr'>per</span> <span class='ocrx_word' id='word_1_37' title='bbox 1302 477 1431 522; x_wconf 78' lang='lat' dir='ltr'>{idem</span> <span class='ocrx_word' id='word_1_38' title='bbox 1457 478 1714 536; x_wconf 90' lang='lat' dir='ltr'>imperanti,</span> 
     </span>
     <span class='ocr_line' id='line_1_6' title="bbox 329 547 1718 608; baseline -0.001 -16"><span class='ocrx_word' id='word_1_39' title='bbox 329 548 454 592; x_wconf 86' lang='lat' dir='ltr'>sicuti</span> <span class='ocrx_word' id='word_1_40' title='bbox 486 557 550 592; x_wconf 89' lang='lat' dir='ltr'>est</span> <span class='ocrx_word' id='word_1_41' title='bbox 590 547 788 608; x_wconf 88' lang='lat' dir='ltr'>quandiu</span> <span class='ocrx_word' id='word_1_42' title='bbox 821 550 1144 608; x_wconf 80' lang='lat' dir='ltr'>peregrinamur</span> <span class='ocrx_word' id='word_1_43' title='bbox 1179 566 1200 592; x_wconf 84' lang='lat' dir='ltr'>a</span> <span class='ocrx_word' id='word_1_44' title='bbox 1246 549 1475 601; x_wconf 81' lang='lat' dir='ltr'>Domino²,</span> <span class='ocrx_word' id='word_1_45' title='bbox 1515 548 1604 591; x_wconf 91' lang='lat' dir='ltr'>sive</span> <span class='ocrx_word' id='word_1_46' title='bbox 1641 563 1718 606; x_wconf 93' lang='lat' dir='ltr'>per</span> 
     </span>
     <span class='ocr_line' id='line_1_7' title="bbox 329 618 1717 679; baseline 0 -18"><span class='ocrx_word' id='word_1_47' title='bbox 329 619 532 677; x_wconf 86' lang='lat' dir='ltr'>speciem,</span> <span class='ocrx_word' id='word_1_48' title='bbox 554 619 674 679; x_wconf 84' lang='lat' dir='ltr'>quod</span> <span class='ocrx_word' id='word_1_49' title='bbox 697 619 777 662; x_wconf 89' lang='lat' dir='ltr'>erit</span> <span class='ocrx_word' id='word_1_50' title='bbox 798 634 898 662; x_wconf 91' lang='lat' dir='ltr'>cum</span> <span class='ocrx_word' id='word_1_51' title='bbox 922 618 1079 662; x_wconf 79' lang='lat' dir='ltr'>similes</span> <span class='ocrx_word' id='word_1_52' title='bbox 1103 619 1138 662; x_wconf 89' lang='lat' dir='ltr'>ei</span> <span class='ocrx_word' id='word_1_53' title='bbox 1163 619 1338 671; x_wconf 88' lang='lat' dir='ltr'>erimus,</span> <span class='ocrx_word' id='word_1_54' title='bbox 1364 618 1571 678; x_wconf 80' lang='lat' dir='ltr'>quoniam</span> <span class='ocrx_word' id='word_1_55' title='bbox 1595 618 1717 662; x_wconf 89' lang='lat' dir='ltr'>vide-</span> 
     </span>
     <span class='ocr_line' id='line_1_8' title="bbox 331 688 1717 748; baseline -0.001 -16"><span class='ocrx_word' id='word_1_56' title='bbox 331 689 475 733; x_wconf 85' lang='lat' dir='ltr'>bimus</span> <span class='ocrx_word' id='word_1_57' title='bbox 498 705 597 734; x_wconf 81' lang='lat' dir='ltr'>cuin</span> <span class='ocrx_word' id='word_1_58' title='bbox 616 689 740 734; x_wconf 89' lang='lat' dir='ltr'>sicuti</span> <span class='ocrx_word' id='word_1_59' title='bbox 759 690 868 744; x_wconf 75' lang='lat' dir='ltr'>est3,</span> <span class='ocrx_word' id='word_1_60' title='bbox 892 689 1036 733; x_wconf 82' lang='lat' dir='ltr'>ell&#39;ecti</span> <span class='ocrx_word' id='word_1_61' title='bbox 1056 689 1184 732; x_wconf 88' lang='lat' dir='ltr'>etiam</span> <span class='ocrx_word' id='word_1_62' title='bbox 1204 689 1247 731; x_wconf 94' lang='lat' dir='ltr'>in</span> <span class='ocrx_word' id='word_1_63' title='bbox 1266 688 1448 747; x_wconf 90' lang='lat' dir='ltr'>spiritali</span> <span class='ocrx_word' id='word_1_64' title='bbox 1470 703 1651 748; x_wconf 90' lang='lat' dir='ltr'>corpore</span> <span class='ocrx_word' id='word_1_65' title='bbox 1666 703 1717 731; x_wconf 86' lang='lat' dir='ltr'>ex</span> 
     </span>
     <span class='ocr_line' id='line_1_9' title="bbox 329 758 1718 821; baseline -0.002 -17"><span class='ocrx_word' id='word_1_66' title='bbox 329 761 462 818; x_wconf 89' lang='lat' dir='ltr'>gratia</span> <span class='ocrx_word' id='word_1_67' title='bbox 499 763 590 821; x_wconf 84' lang='lat' dir='ltr'>ejus</span> <span class='ocrx_word' id='word_1_68' title='bbox 628 760 815 820; x_wconf 80' lang='lat' dir='ltr'>aequales</span> <span class='ocrx_word' id='word_1_69' title='bbox 849 760 1023 818; x_wconf 78' lang='lat' dir='ltr'>Angelis</span> <span class='ocrx_word' id='word_1_70' title='bbox 1045 760 1135 819; x_wconf 86' lang='lat' dir='ltr'>ejus</span> <span class='ocrx_word' id='word_1_71' title='bbox 1151 761 1182 813; x_wconf 83' lang='lat'>⁴,</span> <span class='ocrx_word' id='word_1_72' title='bbox 1219 768 1389 818; x_wconf 83' lang='lat' dir='ltr'>recepta</span> <span class='ocrx_word' id='word_1_73' title='bbox 1426 758 1535 802; x_wconf 87' lang='lat' dir='ltr'>stola</span> <span class='ocrx_word' id='word_1_74' title='bbox 1579 759 1718 817; x_wconf 89' lang='lat' dir='ltr'>prima</span> 
     </span>
     <span class='ocr_line' id='line_1_10' title="bbox 330 829 1718 890; baseline -0.001 -16"><span class='ocrx_word' id='word_1_75' title='bbox 330 832 664 876; x_wconf 73' lang='lat' dir='ltr'>immortalitatis</span> <span class='ocrx_word' id='word_1_76' title='bbox 682 841 724 875; x_wconf 89' lang='lat' dir='ltr'>et</span> <span class='ocrx_word' id='word_1_77' title='bbox 743 831 1093 890; x_wconf 78' lang='lat' dir='ltr'>incorruptionis,</span> <span class='ocrx_word' id='word_1_78' title='bbox 1115 846 1201 889; x_wconf 81' lang='lat' dir='ltr'>qua</span> <span class='ocrx_word' id='word_1_79' title='bbox 1219 829 1427 874; x_wconf 89' lang='lat' dir='ltr'>induetur</span> <span class='ocrx_word' id='word_1_80' title='bbox 1442 831 1523 874; x_wconf 90' lang='lat' dir='ltr'>hoc</span> <span class='ocrx_word' id='word_1_81' title='bbox 1538 829 1718 874; x_wconf 75' lang='lat' dir='ltr'>mortale</span> 
     </span>
     <span class='ocr_line' id='line_1_11' title="bbox 327 900 1719 961; baseline -0.001 -15"><span class='ocrx_word' id='word_1_82' title='bbox 327 911 370 946; x_wconf 88' lang='lat' dir='ltr'>et</span> <span class='ocrx_word' id='word_1_83' title='bbox 394 902 677 961; x_wconf 82' lang='lat' dir='ltr'>corruptibile</span> <span class='ocrx_word' id='word_1_84' title='bbox 699 911 922 954; x_wconf 86' lang='lat' dir='ltr'>nostrum,</span> <span class='ocrx_word' id='word_1_85' title='bbox 959 910 1007 944; x_wconf 90' lang='lat' dir='ltr'>ut</span> <span class='ocrx_word' id='word_1_86' title='bbox 1035 900 1321 944; x_wconf 86' lang='lat' dir='ltr'>absorbeatur</span> <span class='ocrx_word' id='word_1_87' title='bbox 1356 916 1469 944; x_wconf 89' lang='lat' dir='ltr'>mors</span> <span class='ocrx_word' id='word_1_88' title='bbox 1503 901 1548 944; x_wconf 92' lang='lat' dir='ltr'>in</span> <span class='ocrx_word' id='word_1_89' title='bbox 1581 901 1719 945; x_wconf 92' lang='lat' dir='ltr'>victo-</span> 
     </span>
     <span class='ocr_line' id='line_1_12' title="bbox 329 971 1718 1032; baseline -0.001 -17"><span class='ocrx_word' id='word_1_90' title='bbox 329 973 434 1016; x_wconf 85' lang='lat' dir='ltr'>riam</span> <span class='ocrx_word' id='word_1_91' title='bbox 451 974 615 1031; x_wconf 84' lang='lat' dir='ltr'>justitia</span> <span class='ocrx_word' id='word_1_92' title='bbox 633 972 822 1032; x_wconf 81' lang='lat' dir='ltr'>perfecta</span> <span class='ocrx_word' id='word_1_93' title='bbox 843 987 918 1031; x_wconf 86' lang='lat' dir='ltr'>per</span> <span class='ocrx_word' id='word_1_94' title='bbox 933 972 1114 1030; x_wconf 83' lang='lat' dir='ltr'>gratiam</span> <span class='ocrx_word' id='word_1_95' title='bbox 1127 974 1156 1014; x_wconf 88' lang='lat'>⁵.</span> <span class='ocrx_word' id='word_1_96' title='bbox 1175 973 1282 1024; x_wconf 84' lang='lat' dir='ltr'>Quia</span> <span class='ocrx_word' id='word_1_97' title='bbox 1303 982 1346 1015; x_wconf 89' lang='lat' dir='ltr'>et</span> <span class='ocrx_word' id='word_1_98' title='bbox 1364 973 1499 1016; x_wconf 88' lang='lat' dir='ltr'>sancti</span> <span class='ocrx_word' id='word_1_99' title='bbox 1523 988 1571 1016; x_wconf 90' lang='lat' dir='ltr'>ac</span> <span class='ocrx_word' id='word_1_100' title='bbox 1588 971 1718 1015; x_wconf 89' lang='lat' dir='ltr'>subli-</span> 
     </span>
     <span class='ocr_line' id='line_1_13' title="bbox 327 1042 1715 1102; baseline 0.001 -16"><span class='ocrx_word' id='word_1_101' title='bbox 327 1058 416 1086; x_wconf 85' lang='lat' dir='ltr'>mes</span> <span class='ocrx_word' id='word_1_102' title='bbox 439 1043 594 1102; x_wconf 81' lang='lat' dir='ltr'>Angeli</span> <span class='ocrx_word' id='word_1_103' title='bbox 625 1043 789 1087; x_wconf 84' lang='lat' dir='ltr'>liabent</span> <span class='ocrx_word' id='word_1_104' title='bbox 822 1042 1236 1102; x_wconf 88' lang='lat' dir='ltr'>contemplationem</span> <span class='ocrx_word' id='word_1_105' title='bbox 1264 1052 1305 1086; x_wconf 91' lang='lat' dir='ltr'>et</span> <span class='ocrx_word' id='word_1_106' title='bbox 1328 1043 1542 1087; x_wconf 86' lang='lat' dir='ltr'>actionem</span> <span class='ocrx_word' id='word_1_107' title='bbox 1570 1058 1715 1098; x_wconf 70' lang='lat' dir='ltr'>suam,</span> 
     </span>
     <span class='ocr_line' id='line_1_14' title="bbox 325 1112 1717 1173; baseline 0 -16"><span class='ocrx_word' id='word_1_108' title='bbox 325 1114 369 1157; x_wconf 91' lang='lat' dir='ltr'>id</span> <span class='ocrx_word' id='word_1_109' title='bbox 392 1115 508 1158; x_wconf 83' lang='lat' dir='ltr'>enim</span> <span class='ocrx_word' id='word_1_110' title='bbox 530 1114 609 1158; x_wconf 87' lang='lat' dir='ltr'>sibi</span> <span class='ocrx_word' id='word_1_111' title='bbox 631 1114 846 1172; x_wconf 86' lang='lat' dir='ltr'>agendum</span> <span class='ocrx_word' id='word_1_112' title='bbox 872 1115 1112 1173; x_wconf 86' lang='lat' dir='ltr'>imperant,</span> <span class='ocrx_word' id='word_1_113' title='bbox 1138 1114 1257 1173; x_wconf 80' lang='lat' dir='ltr'>quod</span> <span class='ocrx_word' id='word_1_114' title='bbox 1276 1112 1348 1157; x_wconf 91' lang='lat' dir='ltr'>ille</span> <span class='ocrx_word' id='word_1_115' title='bbox 1367 1128 1498 1173; x_wconf 81' lang='lat' dir='ltr'>quem</span> <span class='ocrx_word' id='word_1_116' title='bbox 1517 1123 1717 1158; x_wconf 88' lang='lat' dir='ltr'>contem-</span> 
     </span>
     <span class='ocr_line' id='line_1_15' title="bbox 327 1183 1718 1245; baseline -0.001 -16"><span class='ocrx_word' id='word_1_117' title='bbox 327 1184 517 1244; x_wconf 87' lang='lat' dir='ltr'>plantur,</span> <span class='ocrx_word' id='word_1_118' title='bbox 532 1185 675 1245; x_wconf 83' lang='lat' dir='ltr'>jubet,</span> <span class='ocrx_word' id='word_1_119' title='bbox 695 1186 817 1244; x_wconf 85' lang='lat' dir='ltr'>cujus</span> <span class='ocrx_word' id='word_1_120' title='bbox 839 1194 1003 1228; x_wconf 79' lang='lat' dir='ltr'>aeterno</span> <span class='ocrx_word' id='word_1_121' title='bbox 1023 1185 1204 1244; x_wconf 89' lang='lat' dir='ltr'>imperio</span> <span class='ocrx_word' id='word_1_122' title='bbox 1221 1183 1474 1238; x_wconf 83' lang='lat' dir='ltr'>liberaliter,</span> <span class='ocrx_word' id='word_1_123' title='bbox 1501 1185 1602 1244; x_wconf 86' lang='lat' dir='ltr'>quia</span> <span class='ocrx_word' id='word_1_124' title='bbox 1618 1200 1718 1228; x_wconf 90' lang='lat' dir='ltr'>sua-</span> 
     </span>
     <span class='ocr_line' id='line_1_16' title="bbox 325 1256 1717 1314; baseline 0.001 -16"><span class='ocrx_word' id='word_1_125' title='bbox 325 1256 455 1309; x_wconf 88' lang='lat' dir='ltr'>viter,</span> <span class='ocrx_word' id='word_1_126' title='bbox 481 1257 675 1300; x_wconf 88' lang='lat' dir='ltr'>serviunt</span> <span class='ocrx_word' id='word_1_127' title='bbox 701 1275 709 1299; x_wconf 93' lang='lat'>:</span> <span class='ocrx_word' id='word_1_128' title='bbox 739 1271 816 1300; x_wconf 90' lang='lat' dir='ltr'>nos</span> <span class='ocrx_word' id='word_1_129' title='bbox 850 1270 953 1299; x_wconf 89' lang='lat' dir='ltr'>vero</span> <span class='ocrx_word' id='word_1_130' title='bbox 970 1290 980 1309; x_wconf 94' lang='lat'>,</span> <span class='ocrx_word' id='word_1_131' title='bbox 1010 1270 1200 1314; x_wconf 83' lang='lat' dir='ltr'>quorum</span> <span class='ocrx_word' id='word_1_132' title='bbox 1230 1269 1387 1313; x_wconf 86' lang='lat' dir='ltr'>corpus</span> <span class='ocrx_word' id='word_1_133' title='bbox 1407 1264 1630 1299; x_wconf 91' lang='lat' dir='ltr'>mortuum</span> <span class='ocrx_word' id='word_1_134' title='bbox 1653 1264 1717 1299; x_wconf 90' lang='lat' dir='ltr'>est</span> 
     </span>
     <span class='ocr_line' id='line_1_17' title="bbox 327 1324 1716 1385; baseline -0.001 -16"><span class='ocrx_word' id='word_1_135' title='bbox 327 1334 504 1385; x_wconf 89' lang='lat' dir='ltr'>propter</span> <span class='ocrx_word' id='word_1_136' title='bbox 539 1334 764 1384; x_wconf 86' lang='lat' dir='ltr'>peccatum</span> <span class='ocrx_word' id='word_1_137' title='bbox 780 1329 812 1378; x_wconf 65' lang='grc' dir='ltr'>ὕ,</span> <span class='ocrx_word' id='word_1_138' title='bbox 844 1334 1079 1384; x_wconf 84' lang='lat' dir='ltr'>antequam</span> <span class='ocrx_word' id='word_1_139' title='bbox 1104 1324 1294 1369; x_wconf 76' lang='lat' dir='ltr'>vivificet</span> <span class='ocrx_word' id='word_1_140' title='bbox 1319 1328 1429 1368; x_wconf 85' lang='lat' dir='ltr'>Deus</span> <span class='ocrx_word' id='word_1_141' title='bbox 1452 1334 1495 1369; x_wconf 90' lang='lat' dir='ltr'>et</span> <span class='ocrx_word' id='word_1_142' title='bbox 1519 1324 1716 1369; x_wconf 87' lang='lat' dir='ltr'>mortalia</span> 
     </span>
     <span class='ocr_line' id='line_1_18' title="bbox 324 1395 1712 1456; baseline -0.001 -15"><span class='ocrx_word' id='word_1_143' title='bbox 324 1412 505 1456; x_wconf 88' lang='lat' dir='ltr'>corpora</span> <span class='ocrx_word' id='word_1_144' title='bbox 528 1406 673 1441; x_wconf 89' lang='lat' dir='ltr'>nostra</span> <span class='ocrx_word' id='word_1_145' title='bbox 696 1411 771 1455; x_wconf 89' lang='lat' dir='ltr'>per</span> <span class='ocrx_word' id='word_1_146' title='bbox 793 1395 1113 1439; x_wconf 88' lang='lat' dir='ltr'>inhabitantem</span> <span class='ocrx_word' id='word_1_147' title='bbox 1145 1396 1353 1455; x_wconf 81' lang='lat' dir='ltr'>Spiritum</span> <span class='ocrx_word' id='word_1_148' title='bbox 1377 1397 1467 1455; x_wconf 84' lang='lat' dir='ltr'>ejus</span> <span class='ocrx_word' id='word_1_149' title='bbox 1489 1397 1533 1440; x_wconf 92' lang='lat' dir='ltr'>in</span> <span class='ocrx_word' id='word_1_150' title='bbox 1557 1397 1681 1440; x_wconf 92' lang='lat' dir='ltr'>nobis</span> <span class='ocrx_word' id='word_1_151' title='bbox 1702 1431 1712 1450; x_wconf 92' lang='lat'>,</span> 
     </span>
     <span class='ocr_line' id='line_1_19' title="bbox 327 1466 1716 1527; baseline 0 -16"><span class='ocrx_word' id='word_1_152' title='bbox 327 1483 404 1527; x_wconf 93' lang='lat' dir='ltr'>pro</span> <span class='ocrx_word' id='word_1_153' title='bbox 426 1467 608 1512; x_wconf 91' lang='lat' dir='ltr'>modulo</span> <span class='ocrx_word' id='word_1_154' title='bbox 629 1467 890 1511; x_wconf 86' lang='lat' dir='ltr'>infirmitatis</span> <span class='ocrx_word' id='word_1_155' title='bbox 913 1475 1071 1511; x_wconf 83' lang='lat' dir='ltr'>nostrae</span> <span class='ocrx_word' id='word_1_156' title='bbox 1085 1466 1326 1510; x_wconf 89' lang='lat' dir='ltr'>secundum</span> <span class='ocrx_word' id='word_1_157' title='bbox 1351 1475 1558 1511; x_wconf 82' lang='lat' dir='ltr'>aeternam</span> <span class='ocrx_word' id='word_1_158' title='bbox 1575 1467 1716 1526; x_wconf 84' lang='lat' dir='ltr'>legem</span> 
     </span>
     <span class='ocr_line' id='line_1_20' title="bbox 326 1538 1713 1599; baseline 0 -16"><span class='ocrx_word' id='word_1_159' title='bbox 326 1555 412 1599; x_wconf 86' lang='lat' dir='ltr'>qua</span> <span class='ocrx_word' id='word_1_160' title='bbox 435 1539 643 1583; x_wconf 86' lang='lat' dir='ltr'>naturalis</span> <span class='ocrx_word' id='word_1_161' title='bbox 665 1538 773 1583; x_wconf 90' lang='lat' dir='ltr'>ordo</span> <span class='ocrx_word' id='word_1_162' title='bbox 795 1547 1004 1591; x_wconf 88' lang='lat' dir='ltr'>servatur,</span> <span class='ocrx_word' id='word_1_163' title='bbox 1021 1539 1138 1598; x_wconf 86' lang='lat' dir='ltr'>juste</span> <span class='ocrx_word' id='word_1_164' title='bbox 1159 1538 1361 1593; x_wconf 90' lang='lat' dir='ltr'>vivimus,</span> <span class='ocrx_word' id='word_1_165' title='bbox 1389 1539 1423 1582; x_wconf 88' lang='lat' dir='ltr'>si</span> <span class='ocrx_word' id='word_1_166' title='bbox 1446 1540 1642 1584; x_wconf 89' lang='lat' dir='ltr'>vivamus</span> <span class='ocrx_word' id='word_1_167' title='bbox 1664 1555 1713 1583; x_wconf 81' lang='lat' dir='ltr'>ex</span> 
     </span>
     <span class='ocr_line' id='line_1_21' title="bbox 326 1608 1715 1669; baseline 0.001 -16"><span class='ocrx_word' id='word_1_168' title='bbox 326 1610 411 1654; x_wconf 84' lang='lat' dir='ltr'>fide</span> <span class='ocrx_word' id='word_1_169' title='bbox 435 1626 523 1654; x_wconf 93' lang='lat' dir='ltr'>non</span> <span class='ocrx_word' id='word_1_170' title='bbox 546 1611 667 1664; x_wconf 84' lang='lat' dir='ltr'>ficta,</span> <span class='ocrx_word' id='word_1_171' title='bbox 700 1624 799 1669; x_wconf 82' lang='lat' dir='ltr'>quae</span> <span class='ocrx_word' id='word_1_172' title='bbox 820 1624 895 1668; x_wconf 91' lang='lat' dir='ltr'>per</span> <span class='ocrx_word' id='word_1_173' title='bbox 920 1608 1198 1652; x_wconf 86' lang='lat' dir='ltr'>dilectionem</span> <span class='ocrx_word' id='word_1_174' title='bbox 1222 1612 1445 1668; x_wconf 88' lang='lat' dir='ltr'>operatur⁷</span> <span class='ocrx_word' id='word_1_175' title='bbox 1469 1629 1477 1653; x_wconf 73' lang='grc' dir='ltr'>ι</span> <span class='ocrx_word' id='word_1_176' title='bbox 1502 1611 1715 1654; x_wconf 89' lang='lat' dir='ltr'>habentes</span> 
     </span>
     <span class='ocr_line' id='line_1_22' title="bbox 324 1679 1715 1739; baseline 0.002 -16"><span class='ocrx_word' id='word_1_177' title='bbox 324 1681 368 1724; x_wconf 92' lang='lat' dir='ltr'>in</span> <span class='ocrx_word' id='word_1_178' title='bbox 391 1681 652 1725; x_wconf 90' lang='lat' dir='ltr'>conscientia</span> <span class='ocrx_word' id='word_1_179' title='bbox 675 1680 789 1724; x_wconf 89' lang='lat' dir='ltr'>bona</span> <span class='ocrx_word' id='word_1_180' title='bbox 807 1694 925 1739; x_wconf 90' lang='lat' dir='ltr'>spem</span> <span class='ocrx_word' id='word_1_181' title='bbox 947 1679 1178 1738; x_wconf 84' lang='lat' dir='ltr'>repositam</span> <span class='ocrx_word' id='word_1_182' title='bbox 1202 1679 1247 1723; x_wconf 91' lang='lat' dir='ltr'>in</span> <span class='ocrx_word' id='word_1_183' title='bbox 1264 1681 1387 1724; x_wconf 87' lang='lat' dir='ltr'>coelis</span> <span class='ocrx_word' id='word_1_184' title='bbox 1410 1681 1715 1726; x_wconf 89' lang='lat' dir='ltr'>immortalita-</span> 
     </span>
     <span class='ocr_line' id='line_1_23' title="bbox 325 1750 1714 1813; baseline 0.001 -17"><span class='ocrx_word' id='word_1_185' title='bbox 325 1752 376 1796; x_wconf 81' lang='lat' dir='ltr'>tis</span> <span class='ocrx_word' id='word_1_186' title='bbox 399 1760 440 1795; x_wconf 89' lang='lat' dir='ltr'>et</span> <span class='ocrx_word' id='word_1_187' title='bbox 465 1751 816 1810; x_wconf 81' lang='lat' dir='ltr'>incorruptionis,</span> <span class='ocrx_word' id='word_1_188' title='bbox 847 1759 890 1794; x_wconf 88' lang='lat' dir='ltr'>et</span> <span class='ocrx_word' id='word_1_189' title='bbox 911 1750 1044 1809; x_wconf 89' lang='lat' dir='ltr'>ipsius</span> <span class='ocrx_word' id='word_1_190' title='bbox 1067 1750 1343 1810; x_wconf 79' lang='lat' dir='ltr'>perficiendae</span> <span class='ocrx_word' id='word_1_191' title='bbox 1362 1752 1542 1810; x_wconf 85' lang='lat' dir='ltr'>justitiae</span> <span class='ocrx_word' id='word_1_192' title='bbox 1575 1769 1714 1813; x_wconf 87' lang='lat' dir='ltr'>usque</span> 
     </span>
     <span class='ocr_line' id='line_1_24' title="bbox 323 1819 1714 1883; baseline 0.001 -17"><span class='ocrx_word' id='word_1_193' title='bbox 323 1821 376 1866; x_wconf 91' lang='lat' dir='ltr'>ad</span> <span class='ocrx_word' id='word_1_194' title='bbox 401 1822 636 1882; x_wconf 89' lang='lat' dir='ltr'>quamdam</span> <span class='ocrx_word' id='word_1_195' title='bbox 654 1819 935 1865; x_wconf 83' lang='lat' dir='ltr'>ineffabiliter</span> <span class='ocrx_word' id='word_1_196' title='bbox 957 1819 1250 1864; x_wconf 86' lang='lat' dir='ltr'>suavissimam</span> <span class='ocrx_word' id='word_1_197' title='bbox 1273 1822 1560 1878; x_wconf 87' lang='lat' dir='ltr'>saturitatem,</span> <span class='ocrx_word' id='word_1_198' title='bbox 1580 1839 1714 1883; x_wconf 89' lang='lat' dir='ltr'>quam</span> 
     </span>
     <span class='ocr_line' id='line_1_25' title="bbox 323 1891 1712 1953; baseline 0.002 -18"><span class='ocrx_word' id='word_1_199' title='bbox 323 1892 368 1935; x_wconf 90' lang='lat' dir='ltr'>in</span> <span class='ocrx_word' id='word_1_200' title='bbox 390 1892 469 1936; x_wconf 87' lang='lat' dir='ltr'>ista</span> <span class='ocrx_word' id='word_1_201' title='bbox 490 1891 836 1951; x_wconf 89' lang='lat' dir='ltr'>peregrinatione</span> <span class='ocrx_word' id='word_1_202' title='bbox 869 1899 1043 1949; x_wconf 87' lang='lat' dir='ltr'>oportet</span> <span class='ocrx_word' id='word_1_203' title='bbox 1074 1891 1225 1934; x_wconf 88' lang='lat' dir='ltr'>esuriri</span> <span class='ocrx_word' id='word_1_204' title='bbox 1261 1907 1310 1935; x_wconf 89' lang='lat' dir='ltr'>ac</span> <span class='ocrx_word' id='word_1_205' title='bbox 1344 1892 1476 1947; x_wconf 90' lang='lat' dir='ltr'>sitiri,</span> <span class='ocrx_word' id='word_1_206' title='bbox 1514 1893 1712 1953; x_wconf 85' lang='lat' dir='ltr'>quandiu</span> 
     </span>
     <span class='ocr_line' id='line_1_26' title="bbox 323 1961 1334 2021; baseline -0.001 -16"><span class='ocrx_word' id='word_1_207' title='bbox 323 1977 400 2021; x_wconf 91' lang='lat' dir='ltr'>per</span> <span class='ocrx_word' id='word_1_208' title='bbox 421 1962 553 2005; x_wconf 86' lang='lat' dir='ltr'>fidem</span> <span class='ocrx_word' id='word_1_209' title='bbox 577 1961 868 2015; x_wconf 89' lang='lat' dir='ltr'>ambulamus,</span> <span class='ocrx_word' id='word_1_210' title='bbox 895 1976 984 2005; x_wconf 91' lang='lat' dir='ltr'>non</span> <span class='ocrx_word' id='word_1_211' title='bbox 1007 1975 1082 2020; x_wconf 90' lang='lat' dir='ltr'>per</span> <span class='ocrx_word' id='word_1_212' title='bbox 1103 1961 1334 2020; x_wconf 66' lang='lat' dir='ltr'>speeiemss.</span> 
     </span>
    </p>

    <p class='ocr_par' dir='ltr' id='par_1_3' title="bbox 322 2031 1713 2445">
     <span class='ocr_line' id='line_1_27' title="bbox 382 2031 1712 2091; baseline 0.002 -15"><span class='ocrx_word' id='word_1_213' title='bbox 382 2034 592 2076; x_wconf 85' lang='lat' dir='ltr'><strong>XXVIII.</strong></span> <span class='ocrx_word' id='word_1_214' title='bbox 625 2034 900 2091; x_wconf 88' lang='lat' dir='ltr'>Quapropter</span> <span class='ocrx_word' id='word_1_215' title='bbox 922 2031 1109 2076; x_wconf 92' lang='lat' dir='ltr'>hominis</span> <span class='ocrx_word' id='word_1_216' title='bbox 1132 2032 1244 2075; x_wconf 87' lang='lat' dir='ltr'>actio</span> <span class='ocrx_word' id='word_1_217' title='bbox 1265 2032 1454 2076; x_wconf 88' lang='lat' dir='ltr'>serviens</span> <span class='ocrx_word' id='word_1_218' title='bbox 1492 2033 1593 2077; x_wconf 86' lang='lat' dir='ltr'>fidei</span> <span class='ocrx_word' id='word_1_219' title='bbox 1621 2049 1712 2078; x_wconf 88' lang='lat' dir='ltr'>ser-</span> 
     </span>
     <span class='ocr_line' id='line_1_28' title="bbox 322 2101 1713 2159; baseline 0.001 -11"><span class='ocrx_word' id='word_1_220' title='bbox 322 2105 456 2148; x_wconf 89' lang='lat' dir='ltr'>vienti</span> <span class='ocrx_word' id='word_1_221' title='bbox 495 2106 608 2157; x_wconf 89' lang='lat' dir='ltr'>Deo,</span> <span class='ocrx_word' id='word_1_222' title='bbox 642 2102 831 2146; x_wconf 87' lang='lat' dir='ltr'>refrenat</span> <span class='ocrx_word' id='word_1_223' title='bbox 864 2117 1013 2146; x_wconf 89' lang='lat' dir='ltr'>omnes</span> <span class='ocrx_word' id='word_1_224' title='bbox 1050 2101 1253 2146; x_wconf 85' lang='lat' dir='ltr'>mortales</span> <span class='ocrx_word' id='word_1_225' title='bbox 1292 2101 1626 2159; x_wconf 82' lang='lat' dir='ltr'>delectationes,</span> <span class='ocrx_word' id='word_1_226' title='bbox 1670 2115 1713 2150; x_wconf 90' lang='lat' dir='ltr'>et</span> 
     </span>
     <span class='ocr_line' id='line_1_29' title="bbox 324 2171 1712 2227; baseline 0.001 -9"><span class='ocrx_word' id='word_1_227' title='bbox 324 2190 393 2219; x_wconf 88' lang='lat' dir='ltr'>eas</span> <span class='ocrx_word' id='word_1_228' title='bbox 425 2178 595 2219; x_wconf 79' lang='lat' dir='ltr'>coercet</span> <span class='ocrx_word' id='word_1_229' title='bbox 616 2173 672 2218; x_wconf 90' lang='lat' dir='ltr'>ad</span> <span class='ocrx_word' id='word_1_230' title='bbox 705 2171 948 2217; x_wconf 91' lang='lat' dir='ltr'>naturalem</span> <span class='ocrx_word' id='word_1_231' title='bbox 977 2172 1182 2227; x_wconf 89' lang='lat' dir='ltr'>modum,</span> <span class='ocrx_word' id='word_1_232' title='bbox 1225 2173 1402 2217; x_wconf 91' lang='lat' dir='ltr'>meliora</span> <span class='ocrx_word' id='word_1_233' title='bbox 1432 2174 1712 2220; x_wconf 86' lang='lat' dir='ltr'>inferioribus</span> 
     </span>
     <span class='ocr_line' id='line_1_30' title="bbox 323 2244 1712 2304; baseline 0.001 -14"><span class='ocrx_word' id='word_1_234' title='bbox 323 2245 522 2290; x_wconf 83' lang='lat' dir='ltr'>ordinata</span> <span class='ocrx_word' id='word_1_235' title='bbox 549 2245 781 2289; x_wconf 88' lang='lat' dir='ltr'>dilectione</span> <span class='ocrx_word' id='word_1_236' title='bbox 806 2258 1076 2304; x_wconf 82' lang='lat' dir='ltr'>praeponens.</span> <span class='ocrx_word' id='word_1_237' title='bbox 1107 2245 1146 2288; x_wconf 89' lang='lat' dir='ltr'>Si</span> <span class='ocrx_word' id='word_1_238' title='bbox 1177 2244 1293 2288; x_wconf 90' lang='lat' dir='ltr'>enim</span> <span class='ocrx_word' id='word_1_239' title='bbox 1330 2244 1439 2288; x_wconf 91' lang='lat' dir='ltr'>nihil</span> <span class='ocrx_word' id='word_1_240' title='bbox 1475 2244 1712 2291; x_wconf 85' lang='lat' dir='ltr'>delectaret</span> 
     </span>
     <span class='ocr_line' id='line_1_31' title="bbox 322 2314 1710 2374; baseline 0.001 -15"><span class='ocrx_word' id='word_1_241' title='bbox 322 2316 538 2370; x_wconf 83' lang='lat' dir='ltr'>illicitum,</span> <span class='ocrx_word' id='word_1_242' title='bbox 565 2331 693 2359; x_wconf 88' lang='lat' dir='ltr'>nemo</span> <span class='ocrx_word' id='word_1_243' title='bbox 714 2323 926 2374; x_wconf 87' lang='lat' dir='ltr'>peccaret.</span> <span class='ocrx_word' id='word_1_244' title='bbox 954 2318 1108 2358; x_wconf 82' lang='lat' dir='ltr'>Peceat</span> <span class='ocrx_word' id='word_1_245' title='bbox 1130 2330 1249 2373; x_wconf 85' lang='lat' dir='ltr'>ergo,</span> <span class='ocrx_word' id='word_1_246' title='bbox 1277 2315 1353 2374; x_wconf 82' lang='lat' dir='ltr'>qui</span> <span class='ocrx_word' id='word_1_247' title='bbox 1376 2314 1710 2361; x_wconf 85' lang='lat' dir='ltr'>delectationem</span> 
     </span>
     <span class='ocr_line' id='line_1_32' title="bbox 322 2383 1706 2445; baseline 0.001 -15"><span class='ocrx_word' id='word_1_248' title='bbox 322 2387 457 2431; x_wconf 80' lang='lat' dir='ltr'>illiciti</span> <span class='ocrx_word' id='word_1_249' title='bbox 481 2386 642 2430; x_wconf 77' lang='lat' dir='ltr'>relaxat</span> <span class='ocrx_word' id='word_1_250' title='bbox 666 2386 808 2445; x_wconf 87' lang='lat' dir='ltr'>potius</span> <span class='ocrx_word' id='word_1_251' title='bbox 831 2400 962 2445; x_wconf 88' lang='lat' dir='ltr'>quam</span> <span class='ocrx_word' id='word_1_252' title='bbox 986 2383 1188 2429; x_wconf 87' lang='lat' dir='ltr'>refrenat.</span> <span class='ocrx_word' id='word_1_253' title='bbox 1215 2388 1289 2430; x_wconf 86' lang='lat' dir='ltr'>Est</span> <span class='ocrx_word' id='word_1_254' title='bbox 1313 2396 1457 2430; x_wconf 86' lang='lat' dir='ltr'>autem</span> <span class='ocrx_word' id='word_1_255' title='bbox 1482 2386 1706 2444; x_wconf 86' lang='lat' dir='ltr'>illicitum,</span> 
     </span>
    </p>

    <p class='ocr_par' dir='ltr' id='par_1_4' title="bbox 327 2487 1709 2589">
     <span class='ocr_line' id='line_1_33' title="bbox 373 2487 1709 2531; baseline 0.001 -10"><span class='ocrx_word' id='word_1_256' title='bbox 373 2497 380 2512; x_wconf 90' lang='lat'>¹</span> <span class='ocrx_word' id='word_1_257' title='bbox 407 2489 526 2522; x_wconf 74' lang='lat' dir='ltr'>eotoss.</span> <span class='ocrx_word' id='word_1_258' title='bbox 546 2500 595 2529; x_wconf 80' lang='lat' dir='ltr'>ni,</span> <span class='ocrx_word' id='word_1_259' title='bbox 619 2499 666 2520; x_wconf 91' lang='grc' dir='ltr'>ιο.</span> <span class='ocrx_word' id='word_1_260' title='bbox 687 2505 727 2510; x_wconf 92' lang='grc'>-</span> <span class='ocrx_word' id='word_1_261' title='bbox 745 2495 757 2510; x_wconf 86' lang='lat'>2</span> <span class='ocrx_word' id='word_1_262' title='bbox 782 2499 792 2519; x_wconf 83' lang='lat'>1</span> <span class='ocrx_word' id='word_1_263' title='bbox 816 2490 888 2520; x_wconf 81' lang='lat' dir='ltr'>Cor.</span> <span class='ocrx_word' id='word_1_264' title='bbox 911 2498 941 2528; x_wconf 89' lang='lat' dir='ltr'>v,</span> <span class='ocrx_word' id='word_1_265' title='bbox 960 2489 992 2519; x_wconf 71' lang='lat'>6.</span> <span class='ocrx_word' id='word_1_266' title='bbox 1020 2487 1088 2510; x_wconf 66' lang='lat'>-5</span> <span class='ocrx_word' id='word_1_267' title='bbox 1113 2500 1123 2519; x_wconf 90' lang='lat'>1</span> <span class='ocrx_word' id='word_1_268' title='bbox 1145 2490 1235 2520; x_wconf 87' lang='lat' dir='ltr'>Joaii.</span> <span class='ocrx_word' id='word_1_269' title='bbox 1261 2501 1303 2521; x_wconf 87' lang='grc' dir='ltr'>ιιι.</span> <span class='ocrx_word' id='word_1_270' title='bbox 1330 2498 1359 2521; x_wconf 75' lang='grc'>’1.</span> <span class='ocrx_word' id='word_1_271' title='bbox 1383 2507 1422 2512; x_wconf 91' lang='lat'>——-</span> <span class='ocrx_word' id='word_1_272' title='bbox 1448 2489 1463 2518; x_wconf 70' lang='lat' dir='ltr'>l.</span> <span class='ocrx_word' id='word_1_273' title='bbox 1490 2491 1607 2522; x_wconf 83' lang='lat' dir='ltr'>Matth.</span> <span class='ocrx_word' id='word_1_274' title='bbox 1632 2503 1709 2531; x_wconf 77' lang='lat' dir='ltr'>xxti,</span> 
     </span>
     <span class='ocr_line' id='line_1_34' title="bbox 327 2541 1709 2589; baseline 0.001 -12"><span class='ocrx_word' id='word_1_275' title='bbox 327 2545 379 2578; x_wconf 78' lang='lat'>30.</span> <span class='ocrx_word' id='word_1_276' title='bbox 398 2561 437 2568; x_wconf 92' lang='lat'>—</span> <span class='ocrx_word' id='word_1_277' title='bbox 456 2543 470 2568; x_wconf 88' lang='lat'>⁵</span> <span class='ocrx_word' id='word_1_278' title='bbox 494 2556 504 2576; x_wconf 89' lang='grc' dir='ltr'>ι</span> <span class='ocrx_word' id='word_1_279' title='bbox 528 2545 602 2578; x_wconf 90' lang='lat' dir='ltr'>Cor.</span> <span class='ocrx_word' id='word_1_280' title='bbox 621 2554 671 2584; x_wconf 75' lang='lat' dir='ltr'>xv,</span> <span class='ocrx_word' id='word_1_281' title='bbox 687 2543 739 2576; x_wconf 76' lang='lat'>53.</span> <span class='ocrx_word' id='word_1_282' title='bbox 757 2560 797 2566; x_wconf 88' lang='lat'>—-</span> <span class='ocrx_word' id='word_1_283' title='bbox 813 2541 828 2565; x_wconf 75' lang='lat'><strong>⁶</strong></span> <span class='ocrx_word' id='word_1_284' title='bbox 847 2545 938 2575; x_wconf 75' lang='lat' dir='ltr'>Rom.</span> <span class='ocrx_word' id='word_1_285' title='bbox 960 2553 1027 2583; x_wconf 82' lang='lat' dir='ltr'>vni,</span> <span class='ocrx_word' id='word_1_286' title='bbox 1053 2554 1102 2575; x_wconf 87' lang='grc' dir='ltr'>ιο.</span> <span class='ocrx_word' id='word_1_287' title='bbox 1122 2544 1275 2576; x_wconf 69' lang='lat' dir='ltr'>—7G1·l.</span> <span class='ocrx_word' id='word_1_288' title='bbox 1296 2556 1328 2584; x_wconf 88' lang='lat' dir='ltr'>v,</span> <span class='ocrx_word' id='word_1_289' title='bbox 1343 2546 1376 2577; x_wconf 78' lang='lat'>6.</span> <span class='ocrx_word' id='word_1_290' title='bbox 1395 2563 1435 2569; x_wconf 90' lang='lat'>—</span> <span class='ocrx_word' id='word_1_291' title='bbox 1449 2544 1463 2567; x_wconf 79' lang='lat'><strong><em>⁸</em></strong></span> <span class='ocrx_word' id='word_1_292' title='bbox 1487 2557 1496 2577; x_wconf 88' lang='lat'>1</span> <span class='ocrx_word' id='word_1_293' title='bbox 1520 2548 1592 2579; x_wconf 85' lang='lat' dir='ltr'>Cor.</span> <span class='ocrx_word' id='word_1_294' title='bbox 1619 2558 1652 2588; x_wconf 85' lang='lat' dir='ltr'>v,</span> <span class='ocrx_word' id='word_1_295' title='bbox 1678 2558 1709 2589; x_wconf 79' lang='lat'>7.</span> 
     </span>
    </p>
   </div>
  </div>
 </body>
</html>
