<?xml version="1.0" encoding="UTF-8"?>
<!DOCTYPE html PUBLIC "-//W3C//DTD XHTML 1.0 Transitional//EN"
    "http://www.w3.org/TR/xhtml1/DTD/xhtml1-transitional.dtd">
<html xmlns="http://www.w3.org/1999/xhtml" xml:lang="en" lang="en">
 <head>
  <title>
</title>
<meta http-equiv="Content-Type" content="text/html;charset=utf-8" />
  <meta name='ocr-system' content='tesseract 3.04.00' />
  <meta name='ocr-capabilities' content='ocr_page ocr_carea ocr_par ocr_line ocrx_word'/>
</head>
<body>
  <div class='ocr_page' id='page_1' title='image "./operaomniaaccura29auguuoft/operaomniaaccura29auguuoft_0128.png"; bbox 0 0 1803 3250; ppageno 0'>
   <div class='ocr_carea' id='block_1_1' title="bbox 329 218 1732 2564">
    <p class='ocr_par' dir='ltr' id='par_1_1' title="bbox 346 218 1273 254">
     <span class='ocr_line' id='line_1_1' title="bbox 346 218 1273 254; baseline -0.001 -1"><span class='ocrx_word' id='word_1_1' title='bbox 346 219 356 253; x_wconf 90' lang='lat'>1</span> <span class='ocrx_word' id='word_1_2' title='bbox 375 218 420 253; x_wconf 69' lang='lat'>18</span> <span class='ocrx_word' id='word_1_3' title='bbox 761 222 794 251; x_wconf 88' lang='lat' dir='ltr'>s.</span> <span class='ocrx_word' id='word_1_4' title='bbox 831 222 1059 253; x_wconf 60' lang='lat' dir='ltr'>Aue-,usum</span> <span class='ocrx_word' id='word_1_5' title='bbox 1095 226 1273 254; x_wconf 79' lang='lat' dir='ltr'>EPlsCOPl</span> 
     </span>
    </p>

    <p class='ocr_par' dir='ltr' id='par_1_2' title="bbox 329 288 1729 1476">
     <span class='ocr_line' id='line_1_2' title="bbox 337 288 1722 353; baseline 0 -17"><span class='ocrx_word' id='word_1_6' title='bbox 337 293 410 353; x_wconf 81' lang='lat' dir='ltr'>qui</span> <span class='ocrx_word' id='word_1_7' title='bbox 439 290 566 333; x_wconf 67' lang='lat' dir='ltr'>suerit</span> <span class='ocrx_word' id='word_1_8' title='bbox 589 288 643 332; x_wconf 65' lang='lat' dir='ltr'>do</span> <span class='ocrx_word' id='word_1_9' title='bbox 661 290 791 348; x_wconf 82' lang='lat' dir='ltr'>stirpe</span> <span class='ocrx_word' id='word_1_10' title='bbox 814 289 965 344; x_wconf 87' lang='lat' dir='ltr'>David,</span> <span class='ocrx_word' id='word_1_11' title='bbox 987 290 1029 333; x_wconf 89' lang='lat' dir='ltr'>id</span> <span class='ocrx_word' id='word_1_12' title='bbox 1049 300 1128 346; x_wconf 85' lang='lat' dir='ltr'>cst,</span> <span class='ocrx_word' id='word_1_13' title='bbox 1149 290 1336 334; x_wconf 86' lang='lat' dir='ltr'>detribu</span> <span class='ocrx_word' id='word_1_14' title='bbox 1357 289 1494 348; x_wconf 76' lang='lat' dir='ltr'>Juda3</span> <span class='ocrx_word' id='word_1_15' title='bbox 1518 301 1559 336; x_wconf 87' lang='lat' dir='ltr'>et</span> <span class='ocrx_word' id='word_1_16' title='bbox 1575 292 1632 336; x_wconf 86' lang='lat' dir='ltr'>ita</span> <span class='ocrx_word' id='word_1_17' title='bbox 1655 292 1722 336; x_wconf 90' lang='lat' dir='ltr'>di-</span> 
     </span>
     <span class='ocr_line' id='line_1_3' title="bbox 337 359 1723 419; baseline -0.001 -12"><span class='ocrx_word' id='word_1_18' title='bbox 337 364 394 407; x_wconf 84' lang='lat' dir='ltr'>cit</span> <span class='ocrx_word' id='word_1_19' title='bbox 423 360 610 419; x_wconf 82' lang='lat' dir='ltr'>potuisse</span> <span class='ocrx_word' id='word_1_20' title='bbox 629 359 788 418; x_wconf 84' lang='lat' dir='ltr'>accipi,</span> <span class='ocrx_word' id='word_1_21' title='bbox 818 360 1039 404; x_wconf 86' lang='lat' dir='ltr'><strong>Christum</strong></span> <span class='ocrx_word' id='word_1_22' title='bbox 1063 361 1199 405; x_wconf 84' lang='lat' dir='ltr'>filium</span> <span class='ocrx_word' id='word_1_23' title='bbox 1226 360 1383 416; x_wconf 83' lang='lat' dir='ltr'>David,</span> <span class='ocrx_word' id='word_1_24' title='bbox 1407 361 1440 404; x_wconf 91' lang='lat' dir='ltr'>si</span> <span class='ocrx_word' id='word_1_25' title='bbox 1467 361 1602 406; x_wconf 86' lang='lat' dir='ltr'>Maria</span> <span class='ocrx_word' id='word_1_26' title='bbox 1635 363 1723 406; x_wconf 84' lang='lat' dir='ltr'>filia</span> 
     </span>
     <span class='ocr_line' id='line_1_4' title="bbox 337 429 1723 492; baseline 0 -14"><span class='ocrx_word' id='word_1_27' title='bbox 337 432 499 491; x_wconf 81' lang='lat' dir='ltr'>Joscph</span> <span class='ocrx_word' id='word_1_28' title='bbox 529 429 695 475; x_wconf 87' lang='lat' dir='ltr'>fuisset.</span> <span class='ocrx_word' id='word_1_29' title='bbox 720 431 906 476; x_wconf 82' lang='lat' dir='ltr'>Proinde</span> <span class='ocrx_word' id='word_1_30' title='bbox 937 433 970 476; x_wconf 89' lang='lat' dir='ltr'>si</span> <span class='ocrx_word' id='word_1_31' title='bbox 997 431 1084 476; x_wconf 86' lang='lat' dir='ltr'>filia</span> <span class='ocrx_word' id='word_1_32' title='bbox 1101 433 1262 492; x_wconf 88' lang='lat' dir='ltr'>Joscph</span> <span class='ocrx_word' id='word_1_33' title='bbox 1291 432 1504 492; x_wconf 85' lang='lat' dir='ltr'>nupsisset</span> <span class='ocrx_word' id='word_1_34' title='bbox 1533 433 1578 476; x_wconf 91' lang='lat' dir='ltr'>in</span> <span class='ocrx_word' id='word_1_35' title='bbox 1606 433 1723 478; x_wconf 84' lang='lat' dir='ltr'>tribu</span> 
     </span>
     <span class='ocr_line' id='line_1_5' title="bbox 336 502 1723 564; baseline 0 -16"><span class='ocrx_word' id='word_1_36' title='bbox 336 503 463 557; x_wconf 84' lang='lat' dir='ltr'>Levi,</span> <span class='ocrx_word' id='word_1_37' title='bbox 489 517 579 547; x_wconf 91' lang='lat' dir='ltr'>non</span> <span class='ocrx_word' id='word_1_38' title='bbox 601 502 789 547; x_wconf 81' lang='lat' dir='ltr'>absurde</span> <span class='ocrx_word' id='word_1_39' title='bbox 810 502 1027 548; x_wconf 81' lang='lat' dir='ltr'>diceretur</span> <span class='ocrx_word' id='word_1_40' title='bbox 1045 505 1175 548; x_wconf 87' lang='lat' dir='ltr'>etiam</span> <span class='ocrx_word' id='word_1_41' title='bbox 1194 504 1308 548; x_wconf 75' lang='lat' dir='ltr'>silius</span> <span class='ocrx_word' id='word_1_42' title='bbox 1338 504 1496 558; x_wconf 87' lang='lat' dir='ltr'>David,</span> <span class='ocrx_word' id='word_1_43' title='bbox 1526 504 1723 564; x_wconf 89' lang='lat' dir='ltr'>quisquis</span> 
     </span>
     <span class='ocr_line' id='line_1_6' title="bbox 334 572 1724 619; baseline 0 0"><span class='ocrx_word' id='word_1_44' title='bbox 334 573 389 619; x_wconf 91' lang='lat' dir='ltr'>de</span> <span class='ocrx_word' id='word_1_45' title='bbox 406 572 478 618; x_wconf 85' lang='lat' dir='ltr'>illa</span> <span class='ocrx_word' id='word_1_46' title='bbox 501 582 544 618; x_wconf 92' lang='lat' dir='ltr'>et</span> <span class='ocrx_word' id='word_1_47' title='bbox 577 574 623 618; x_wconf 92' lang='lat' dir='ltr'>in</span> <span class='ocrx_word' id='word_1_48' title='bbox 651 574 771 618; x_wconf 87' lang='lat' dir='ltr'>tribu</span> <span class='ocrx_word' id='word_1_49' title='bbox 800 575 903 618; x_wconf 83' lang='lat' dir='ltr'>Levi</span> <span class='ocrx_word' id='word_1_50' title='bbox 931 583 1058 618; x_wconf 89' lang='lat' dir='ltr'>natus</span> <span class='ocrx_word' id='word_1_51' title='bbox 1080 575 1231 619; x_wconf 83' lang='lat' dir='ltr'>suisset</span> <span class='ocrx_word' id='word_1_52' title='bbox 1262 595 1270 619; x_wconf 94' lang='lat'>:</span> <span class='ocrx_word' id='word_1_53' title='bbox 1300 575 1360 619; x_wconf 88' lang='lat' dir='ltr'>ita</span> <span class='ocrx_word' id='word_1_54' title='bbox 1383 576 1416 619; x_wconf 91' lang='lat' dir='ltr'>si</span> <span class='ocrx_word' id='word_1_55' title='bbox 1443 584 1581 619; x_wconf 87' lang='lat' dir='ltr'>mater</span> <span class='ocrx_word' id='word_1_56' title='bbox 1607 574 1724 619; x_wconf 90' lang='lat' dir='ltr'>illius</span> 
     </span>
     <span class='ocr_line' id='line_1_7' title="bbox 333 646 1724 706; baseline 0 -15"><span class='ocrx_word' id='word_1_57' title='bbox 333 647 534 692; x_wconf 87' lang='lat' dir='ltr'>Joachim</span> <span class='ocrx_word' id='word_1_58' title='bbox 550 682 560 697; x_wconf 94' lang='lat'>,</span> <span class='ocrx_word' id='word_1_59' title='bbox 585 661 716 706; x_wconf 93' lang='lat' dir='ltr'>quem</span> <span class='ocrx_word' id='word_1_60' title='bbox 734 655 901 706; x_wconf 87' lang='lat' dir='ltr'>patrem</span> <span class='ocrx_word' id='word_1_61' title='bbox 921 647 1069 690; x_wconf 85' lang='lat' dir='ltr'>Mariae</span> <span class='ocrx_word' id='word_1_62' title='bbox 1094 649 1279 691; x_wconf 87' lang='lat' dir='ltr'>Faustus</span> <span class='ocrx_word' id='word_1_63' title='bbox 1309 656 1643 703; x_wconf 85' lang='lat' dir='ltr'>commemorat,</span> <span class='ocrx_word' id='word_1_64' title='bbox 1668 646 1724 691; x_wconf 91' lang='lat' dir='ltr'>de</span> 
     </span>
     <span class='ocr_line' id='line_1_8' title="bbox 331 717 1723 777; baseline -0.001 -14"><span class='ocrx_word' id='word_1_65' title='bbox 331 719 449 765; x_wconf 90' lang='lat' dir='ltr'>tribu</span> <span class='ocrx_word' id='word_1_66' title='bbox 471 718 586 763; x_wconf 80' lang='lat' dir='ltr'>Juda</span> <span class='ocrx_word' id='word_1_67' title='bbox 620 727 661 762; x_wconf 88' lang='lat' dir='ltr'>et</span> <span class='ocrx_word' id='word_1_68' title='bbox 695 733 852 777; x_wconf 85' lang='lat' dir='ltr'>genere</span> <span class='ocrx_word' id='word_1_69' title='bbox 886 717 1049 761; x_wconf 89' lang='lat' dir='ltr'>Davide</span> <span class='ocrx_word' id='word_1_70' title='bbox 1078 718 1228 777; x_wconf 87' lang='lat' dir='ltr'>nupsit</span> <span class='ocrx_word' id='word_1_71' title='bbox 1259 719 1303 762; x_wconf 90' lang='lat' dir='ltr'>in</span> <span class='ocrx_word' id='word_1_72' title='bbox 1335 718 1452 762; x_wconf 87' lang='lat' dir='ltr'>tribu</span> <span class='ocrx_word' id='word_1_73' title='bbox 1476 718 1606 774; x_wconf 83' lang='lat' dir='ltr'>Levi,</span> <span class='ocrx_word' id='word_1_74' title='bbox 1631 733 1723 763; x_wconf 92' lang='lat' dir='ltr'>non</span> 
     </span>
     <span class='ocr_line' id='line_1_9' title="bbox 332 788 1725 835; baseline -0.001 0"><span class='ocrx_word' id='word_1_75' title='bbox 332 791 548 835; x_wconf 85' lang='lat' dir='ltr'>immerito</span> <span class='ocrx_word' id='word_1_76' title='bbox 570 799 612 834; x_wconf 89' lang='lat' dir='ltr'>et</span> <span class='ocrx_word' id='word_1_77' title='bbox 634 789 831 833; x_wconf 86' lang='lat' dir='ltr'>Joachim</span> <span class='ocrx_word' id='word_1_78' title='bbox 851 797 894 832; x_wconf 90' lang='lat' dir='ltr'>et</span> <span class='ocrx_word' id='word_1_79' title='bbox 911 789 1046 833; x_wconf 86' lang='lat' dir='ltr'>Maria</span> <span class='ocrx_word' id='word_1_80' title='bbox 1068 797 1111 832; x_wconf 89' lang='lat' dir='ltr'>et</span> <span class='ocrx_word' id='word_1_81' title='bbox 1128 788 1243 834; x_wconf 80' lang='lat' dir='ltr'>filius</span> <span class='ocrx_word' id='word_1_82' title='bbox 1264 789 1413 834; x_wconf 77' lang='lat' dir='ltr'>Mariae</span> <span class='ocrx_word' id='word_1_83' title='bbox 1440 790 1568 834; x_wconf 89' lang='lat' dir='ltr'>etiam</span> <span class='ocrx_word' id='word_1_84' title='bbox 1593 790 1653 834; x_wconf 91' lang='lat' dir='ltr'>sic</span> <span class='ocrx_word' id='word_1_85' title='bbox 1673 804 1725 834; x_wconf 89' lang='lat' dir='ltr'>ex</span> 
     </span>
     <span class='ocr_line' id='line_1_10' title="bbox 333 861 1725 921; baseline -0.001 -14"><span class='ocrx_word' id='word_1_86' title='bbox 333 863 473 908; x_wconf 87' lang='lat' dir='ltr'>David</span> <span class='ocrx_word' id='word_1_87' title='bbox 495 863 660 906; x_wconf 88' lang='lat' dir='ltr'>semine</span> <span class='ocrx_word' id='word_1_88' title='bbox 675 861 887 905; x_wconf 84' lang='lat' dir='ltr'>veraciter</span> <span class='ocrx_word' id='word_1_89' title='bbox 908 861 1211 919; x_wconf 77' lang='lat' dir='ltr'>perhibentur.</span> <span class='ocrx_word' id='word_1_90' title='bbox 1238 863 1333 906; x_wconf 90' lang='lat' dir='ltr'>Hoc</span> <span class='ocrx_word' id='word_1_91' title='bbox 1355 877 1458 921; x_wconf 86' lang='lat' dir='ltr'>ergo</span> <span class='ocrx_word' id='word_1_92' title='bbox 1475 861 1636 921; x_wconf 87' lang='lat' dir='ltr'>potius,</span> <span class='ocrx_word' id='word_1_93' title='bbox 1654 862 1725 906; x_wconf 88' lang='lat' dir='ltr'>vel</span> 
     </span>
     <span class='ocr_line' id='line_1_11' title="bbox 334 930 1725 992; baseline -0.001 -14"><span class='ocrx_word' id='word_1_94' title='bbox 334 935 419 979; x_wconf 88' lang='lat' dir='ltr'>talc</span> <span class='ocrx_word' id='word_1_95' title='bbox 441 932 607 992; x_wconf 88' lang='lat' dir='ltr'>aliquid</span> <span class='ocrx_word' id='word_1_96' title='bbox 629 931 868 986; x_wconf 85' lang='lat' dir='ltr'>crederem,</span> <span class='ocrx_word' id='word_1_97' title='bbox 892 931 926 975; x_wconf 91' lang='lat' dir='ltr'>si</span> <span class='ocrx_word' id='word_1_98' title='bbox 947 930 1063 975; x_wconf 87' lang='lat' dir='ltr'>illius</span> <span class='ocrx_word' id='word_1_99' title='bbox 1081 934 1344 992; x_wconf 79' lang='lat' dir='ltr'>apocryphae</span> <span class='ocrx_word' id='word_1_100' title='bbox 1365 934 1589 992; x_wconf 81' lang='lat' dir='ltr'>scripturae</span> <span class='ocrx_word' id='word_1_101' title='bbox 1605 968 1616 986; x_wconf 92' lang='lat'>,</span> <span class='ocrx_word' id='word_1_102' title='bbox 1648 933 1725 977; x_wconf 92' lang='lat' dir='ltr'>ubi</span> 
     </span>
     <span class='ocr_line' id='line_1_12' title="bbox 331 1002 1723 1064; baseline -0.001 -15"><span class='ocrx_word' id='word_1_103' title='bbox 331 1004 529 1049; x_wconf 85' lang='lat' dir='ltr'>Joachim</span> <span class='ocrx_word' id='word_1_104' title='bbox 554 1014 675 1063; x_wconf 86' lang='lat' dir='ltr'>pater</span> <span class='ocrx_word' id='word_1_105' title='bbox 698 1003 846 1047; x_wconf 80' lang='lat' dir='ltr'>Mariae</span> <span class='ocrx_word' id='word_1_106' title='bbox 868 1002 1047 1062; x_wconf 84' lang='lat' dir='ltr'>legitur,</span> <span class='ocrx_word' id='word_1_107' title='bbox 1064 1004 1321 1048; x_wconf 85' lang='lat' dir='ltr'>auctoritate</span> <span class='ocrx_word' id='word_1_108' title='bbox 1338 1004 1571 1059; x_wconf 87' lang='lat' dir='ltr'>detinerer,</span> <span class='ocrx_word' id='word_1_109' title='bbox 1592 1020 1723 1064; x_wconf 88' lang='lat' dir='ltr'>quam</span> 
     </span>
     <span class='ocr_line' id='line_1_13' title="bbox 329 1075 1727 1135; baseline -0.001 -14"><span class='ocrx_word' id='word_1_110' title='bbox 329 1076 502 1128; x_wconf 86' lang='lat' dir='ltr'>mentiri</span> <span class='ocrx_word' id='word_1_111' title='bbox 525 1075 812 1134; x_wconf 81' lang='lat' dir='ltr'>Evangelium</span> <span class='ocrx_word' id='word_1_112' title='bbox 835 1075 880 1118; x_wconf 94' lang='lat' dir='ltr'>in</span> <span class='ocrx_word' id='word_1_113' title='bbox 903 1090 992 1135; x_wconf 93' lang='lat' dir='ltr'>quo</span> <span class='ocrx_word' id='word_1_114' title='bbox 1009 1075 1217 1135; x_wconf 90' lang='lat' dir='ltr'>scriptum</span> <span class='ocrx_word' id='word_1_115' title='bbox 1240 1085 1319 1131; x_wconf 90' lang='lat' dir='ltr'>est,</span> <span class='ocrx_word' id='word_1_116' title='bbox 1345 1085 1388 1120; x_wconf 84' lang='lat' dir='ltr'>et</span> <span class='ocrx_word' id='word_1_117' title='bbox 1410 1079 1560 1121; x_wconf 88' lang='lat' dir='ltr'>Jesum</span> <span class='ocrx_word' id='word_1_118' title='bbox 1578 1076 1727 1122; x_wconf 83' lang='lat' dir='ltr'>Chris-</span> 
     </span>
     <span class='ocr_line' id='line_1_14' title="bbox 332 1146 1728 1194; baseline -0.001 0"><span class='ocrx_word' id='word_1_119' title='bbox 332 1158 425 1194; x_wconf 87' lang='lat' dir='ltr'>tum</span> <span class='ocrx_word' id='word_1_120' title='bbox 449 1146 611 1191; x_wconf 91' lang='lat' dir='ltr'>Filium</span> <span class='ocrx_word' id='word_1_121' title='bbox 635 1147 714 1191; x_wconf 93' lang='lat' dir='ltr'>Dei</span> <span class='ocrx_word' id='word_1_122' title='bbox 738 1146 1006 1193; x_wconf 84' lang='lat' dir='ltr'>Salvatorem</span> <span class='ocrx_word' id='word_1_123' title='bbox 1025 1156 1224 1192; x_wconf 88' lang='lat' dir='ltr'>nostrum</span> <span class='ocrx_word' id='word_1_124' title='bbox 1242 1162 1293 1191; x_wconf 83' lang='lat' dir='ltr'>ex</span> <span class='ocrx_word' id='word_1_125' title='bbox 1313 1147 1477 1191; x_wconf 89' lang='lat' dir='ltr'>semine</span> <span class='ocrx_word' id='word_1_126' title='bbox 1501 1147 1638 1192; x_wconf 86' lang='lat' dir='ltr'>David</span> <span class='ocrx_word' id='word_1_127' title='bbox 1665 1163 1728 1192; x_wconf 90' lang='lat' dir='ltr'>se-</span> 
     </span>
     <span class='ocr_line' id='line_1_15' title="bbox 329 1218 1724 1278; baseline 0 -15"><span class='ocrx_word' id='word_1_128' title='bbox 329 1218 528 1264; x_wconf 79' lang='lat' dir='ltr'>cundum</span> <span class='ocrx_word' id='word_1_129' title='bbox 561 1233 762 1273; x_wconf 86' lang='lat' dir='ltr'>carnem,</span> <span class='ocrx_word' id='word_1_130' title='bbox 799 1228 843 1262; x_wconf 89' lang='lat' dir='ltr'>et</span> <span class='ocrx_word' id='word_1_131' title='bbox 866 1233 942 1277; x_wconf 89' lang='lat' dir='ltr'>per</span> <span class='ocrx_word' id='word_1_132' title='bbox 973 1218 1184 1277; x_wconf 85' lang='lat' dir='ltr'>virginem</span> <span class='ocrx_word' id='word_1_133' title='bbox 1217 1219 1400 1263; x_wconf 85' lang='lat' dir='ltr'>Mariam</span> <span class='ocrx_word' id='word_1_134' title='bbox 1430 1228 1724 1278; x_wconf 88' lang='lat' dir='ltr'>procreatum.</span> 
     </span>
     <span class='ocr_line' id='line_1_16' title="bbox 335 1288 1729 1350; baseline -0.001 -15"><span class='ocrx_word' id='word_1_135' title='bbox 335 1289 506 1335; x_wconf 86' lang='lat' dir='ltr'>Sufficit</span> <span class='ocrx_word' id='word_1_136' title='bbox 528 1303 631 1347; x_wconf 79' lang='lat' dir='ltr'>ergo</span> <span class='ocrx_word' id='word_1_137' title='bbox 651 1288 802 1344; x_wconf 87' lang='lat' dir='ltr'>nobis,</span> <span class='ocrx_word' id='word_1_138' title='bbox 837 1288 957 1348; x_wconf 93' lang='lat' dir='ltr'>quod</span> <span class='ocrx_word' id='word_1_139' title='bbox 988 1289 1223 1349; x_wconf 87' lang='lat' dir='ltr'>Scripturae</span> <span class='ocrx_word' id='word_1_140' title='bbox 1244 1304 1344 1350; x_wconf 85' lang='lat' dir='ltr'>quae</span> <span class='ocrx_word' id='word_1_141' title='bbox 1366 1290 1450 1333; x_wconf 91' lang='lat' dir='ltr'>hoc</span> <span class='ocrx_word' id='word_1_142' title='bbox 1479 1289 1633 1333; x_wconf 91' lang='lat' dir='ltr'>dicunt</span> <span class='ocrx_word' id='word_1_143' title='bbox 1649 1324 1661 1345; x_wconf 90' lang='lat'>,</span> <span class='ocrx_word' id='word_1_144' title='bbox 1685 1299 1729 1334; x_wconf 84' lang='lat' dir='ltr'>et</span> 
     </span>
     <span class='ocr_line' id='line_1_17' title="bbox 333 1358 1729 1420; baseline -0.001 -16"><span class='ocrx_word' id='word_1_145' title='bbox 333 1359 493 1420; x_wconf 85' lang='lat' dir='ltr'>quibus</span> <span class='ocrx_word' id='word_1_146' title='bbox 512 1358 753 1415; x_wconf 85' lang='lat' dir='ltr'>credimus,</span> <span class='ocrx_word' id='word_1_147' title='bbox 779 1359 835 1403; x_wconf 90' lang='lat' dir='ltr'>ab</span> <span class='ocrx_word' id='word_1_148' title='bbox 858 1358 1043 1404; x_wconf 91' lang='lat' dir='ltr'>inimicis</span> <span class='ocrx_word' id='word_1_149' title='bbox 1066 1360 1154 1404; x_wconf 90' lang='lat' dir='ltr'>suis</span> <span class='ocrx_word' id='word_1_150' title='bbox 1181 1358 1237 1403; x_wconf 90' lang='lat' dir='ltr'>de</span> <span class='ocrx_word' id='word_1_151' title='bbox 1265 1358 1388 1405; x_wconf 89' lang='lat' dir='ltr'>nulla</span> <span class='ocrx_word' id='word_1_152' title='bbox 1407 1368 1588 1419; x_wconf 86' lang='lat' dir='ltr'>possunt</span> <span class='ocrx_word' id='word_1_153' title='bbox 1608 1359 1729 1404; x_wconf 84' lang='lat' dir='ltr'>falsi-</span> 
     </span>
     <span class='ocr_line' id='line_1_18' title="bbox 334 1431 663 1476; baseline -0.009 0"><span class='ocrx_word' id='word_1_154' title='bbox 334 1440 422 1476; x_wconf 87' lang='lat' dir='ltr'>tate</span> <span class='ocrx_word' id='word_1_155' title='bbox 444 1431 663 1475; x_wconf 88' lang='lat' dir='ltr'>convinci.</span> 
     </span>
    </p>

    <p class='ocr_par' dir='ltr' id='par_1_3' title="bbox 332 1499 1732 2564">
     <span class='ocr_line' id='line_1_19' title="bbox 390 1499 1730 1560; baseline 0.001 -15"><span class='ocrx_word' id='word_1_156' title='bbox 390 1503 448 1545; x_wconf 90' lang='lat' dir='ltr'>X.</span> <span class='ocrx_word' id='word_1_157' title='bbox 483 1503 581 1546; x_wconf 92' lang='lat' dir='ltr'>Non</span> <span class='ocrx_word' id='word_1_158' title='bbox 603 1500 711 1544; x_wconf 89' lang='lat' dir='ltr'>mihi</span> <span class='ocrx_word' id='word_1_159' title='bbox 732 1515 836 1560; x_wconf 85' lang='lat' dir='ltr'>ergo</span> <span class='ocrx_word' id='word_1_160' title='bbox 856 1500 1043 1545; x_wconf 88' lang='lat' dir='ltr'>vicissim</span> <span class='ocrx_word' id='word_1_161' title='bbox 1059 1500 1176 1545; x_wconf 85' lang='lat' dir='ltr'>dicat</span> <span class='ocrx_word' id='word_1_162' title='bbox 1196 1520 1205 1545; x_wconf 91' lang='lat'>:</span> <span class='ocrx_word' id='word_1_163' title='bbox 1226 1501 1319 1545; x_wconf 91' lang='lat' dir='ltr'>Etsi</span> <span class='ocrx_word' id='word_1_164' title='bbox 1341 1515 1423 1560; x_wconf 84' lang='lat' dir='ltr'>ego</span> <span class='ocrx_word' id='word_1_165' title='bbox 1437 1515 1528 1545; x_wconf 91' lang='lat' dir='ltr'>non</span> <span class='ocrx_word' id='word_1_166' title='bbox 1545 1499 1730 1547; x_wconf 90' lang='lat' dir='ltr'>ostendo</span> 
     </span>
     <span class='ocr_line' id='line_1_20' title="bbox 332 1570 1728 1633; baseline 0.001 -17"><span class='ocrx_word' id='word_1_167' title='bbox 332 1572 517 1617; x_wconf 85' lang='lat' dir='ltr'>Mariam</span> <span class='ocrx_word' id='word_1_168' title='bbox 544 1587 634 1616; x_wconf 88' lang='lat' dir='ltr'>non</span> <span class='ocrx_word' id='word_1_169' title='bbox 663 1571 796 1616; x_wconf 89' lang='lat' dir='ltr'>fuisse</span> <span class='ocrx_word' id='word_1_170' title='bbox 824 1570 880 1615; x_wconf 90' lang='lat' dir='ltr'>de</span> <span class='ocrx_word' id='word_1_171' title='bbox 909 1571 1171 1631; x_wconf 84' lang='lat' dir='ltr'>cognatione</span> <span class='ocrx_word' id='word_1_172' title='bbox 1205 1571 1370 1627; x_wconf 88' lang='lat' dir='ltr'>David,</span> <span class='ocrx_word' id='word_1_173' title='bbox 1395 1581 1445 1616; x_wconf 87' lang='lat' dir='ltr'>tu</span> <span class='ocrx_word' id='word_1_174' title='bbox 1476 1571 1599 1633; x_wconf 92' lang='lat' dir='ltr'>quod</span> <span class='ocrx_word' id='word_1_175' title='bbox 1626 1573 1728 1617; x_wconf 89' lang='lat' dir='ltr'>inde</span> 
     </span>
     <span class='ocr_line' id='line_1_21' title="bbox 334 1642 1730 1706; baseline 0.001 -18"><span class='ocrx_word' id='word_1_176' title='bbox 334 1643 468 1688; x_wconf 87' lang='lat' dir='ltr'>fuerit</span> <span class='ocrx_word' id='word_1_177' title='bbox 490 1643 685 1687; x_wconf 85' lang='lat' dir='ltr'>ostende.</span> <span class='ocrx_word' id='word_1_178' title='bbox 711 1645 805 1688; x_wconf 90' lang='lat' dir='ltr'>Hoc</span> <span class='ocrx_word' id='word_1_179' title='bbox 826 1644 944 1687; x_wconf 89' lang='lat' dir='ltr'>enim</span> <span class='ocrx_word' id='word_1_180' title='bbox 967 1643 1152 1688; x_wconf 87' lang='lat' dir='ltr'>ostendo</span> <span class='ocrx_word' id='word_1_181' title='bbox 1173 1642 1410 1688; x_wconf 85' lang='lat' dir='ltr'>clarissimo</span> <span class='ocrx_word' id='word_1_182' title='bbox 1439 1643 1567 1703; x_wconf 87' lang='lat' dir='ltr'>plane</span> <span class='ocrx_word' id='word_1_183' title='bbox 1597 1654 1730 1706; x_wconf 86' lang='lat' dir='ltr'>atque</span> 
     </span>
     <span class='ocr_line' id='line_1_22' title="bbox 335 1712 1730 1775; baseline 0.001 -17"><span class='ocrx_word' id='word_1_184' title='bbox 335 1712 570 1759; x_wconf 86' lang='lat' dir='ltr'>fortissimo</span> <span class='ocrx_word' id='word_1_185' title='bbox 599 1714 893 1770; x_wconf 86' lang='lat' dir='ltr'>documento,</span> <span class='ocrx_word' id='word_1_186' title='bbox 932 1715 1052 1775; x_wconf 91' lang='lat' dir='ltr'>quod</span> <span class='ocrx_word' id='word_1_187' title='bbox 1088 1716 1311 1775; x_wconf 87' lang='lat' dir='ltr'>Scriptura</span> <span class='ocrx_word' id='word_1_188' title='bbox 1343 1716 1730 1761; x_wconf 83' lang='lat' dir='ltr'>confirmatissimae</span> 
     </span>
     <span class='ocr_line' id='line_1_23' title="bbox 337 1785 1730 1847; baseline 0.001 -16"><span class='ocrx_word' id='word_1_189' title='bbox 337 1786 604 1831; x_wconf 82' lang='lat' dir='ltr'>auctoritatis</span> <span class='ocrx_word' id='word_1_190' title='bbox 631 1795 674 1830; x_wconf 91' lang='lat' dir='ltr'>et</span> <span class='ocrx_word' id='word_1_191' title='bbox 703 1786 927 1831; x_wconf 90' lang='lat' dir='ltr'>Christum</span> <span class='ocrx_word' id='word_1_192' title='bbox 949 1785 1055 1831; x_wconf 91' lang='lat' dir='ltr'>dicit</span> <span class='ocrx_word' id='word_1_193' title='bbox 1086 1801 1138 1830; x_wconf 87' lang='lat' dir='ltr'>ex</span> <span class='ocrx_word' id='word_1_194' title='bbox 1168 1786 1331 1830; x_wconf 89' lang='lat' dir='ltr'>semine</span> <span class='ocrx_word' id='word_1_195' title='bbox 1365 1786 1529 1843; x_wconf 85' lang='lat' dir='ltr'>David,</span> <span class='ocrx_word' id='word_1_196' title='bbox 1565 1796 1609 1831; x_wconf 86' lang='lat' dir='ltr'>et</span> <span class='ocrx_word' id='word_1_197' title='bbox 1640 1788 1730 1847; x_wconf 83' lang='lat' dir='ltr'>ejus</span> 
     </span>
     <span class='ocr_line' id='line_1_24' title="bbox 338 1857 1730 1918; baseline 0.001 -17"><span class='ocrx_word' id='word_1_198' title='bbox 338 1869 519 1902; x_wconf 87' lang='lat' dir='ltr'>matrem</span> <span class='ocrx_word' id='word_1_199' title='bbox 549 1858 640 1902; x_wconf 90' lang='lat' dir='ltr'>sine</span> <span class='ocrx_word' id='word_1_200' title='bbox 668 1857 799 1902; x_wconf 82' lang='lat' dir='ltr'>ullius</span> <span class='ocrx_word' id='word_1_201' title='bbox 828 1858 1068 1903; x_wconf 87' lang='lat' dir='ltr'>concubitu</span> <span class='ocrx_word' id='word_1_202' title='bbox 1089 1858 1304 1918; x_wconf 84' lang='lat' dir='ltr'>virginem</span> <span class='ocrx_word' id='word_1_203' title='bbox 1326 1859 1550 1903; x_wconf 44' lang='lat' dir='ltr'>Mariam&amp;</span> <span class='ocrx_word' id='word_1_204' title='bbox 1588 1861 1730 1912; x_wconf 87' lang='lat' dir='ltr'>Quam</span> 
     </span>
     <span class='ocr_line' id='line_1_25' title="bbox 337 1929 1730 1991; baseline 0.001 -18"><span class='ocrx_word' id='word_1_205' title='bbox 337 1945 442 1974; x_wconf 86' lang='lat' dir='ltr'>vero</span> <span class='ocrx_word' id='word_1_206' title='bbox 474 1929 555 1973; x_wconf 85' lang='lat' dir='ltr'>sibi</span> <span class='ocrx_word' id='word_1_207' title='bbox 591 1932 777 1973; x_wconf 89' lang='lat' dir='ltr'>Faustus</span> <span class='ocrx_word' id='word_1_208' title='bbox 810 1929 1036 1991; x_wconf 85' lang='lat' dir='ltr'>cujusdam</span> <span class='ocrx_word' id='word_1_209' title='bbox 1069 1931 1194 1991; x_wconf 86' lang='lat' dir='ltr'>quasi</span> <span class='ocrx_word' id='word_1_210' title='bbox 1221 1929 1505 1990; x_wconf 88' lang='lat' dir='ltr'>turpitudinis</span> <span class='ocrx_word' id='word_1_211' title='bbox 1527 1930 1643 1975; x_wconf 90' lang='lat' dir='ltr'>visus</span> <span class='ocrx_word' id='word_1_212' title='bbox 1667 1938 1730 1975; x_wconf 90' lang='lat' dir='ltr'>est</span> 
     </span>
     <span class='ocr_line' id='line_1_26' title="bbox 339 2001 1730 2058; baseline 0.001 -12"><span class='ocrx_word' id='word_1_213' title='bbox 339 2001 733 2046; x_wconf 90' lang='lat' dir='ltr'>verecundissimus</span> <span class='ocrx_word' id='word_1_214' title='bbox 761 2001 1022 2058; x_wconf 88' lang='lat' dir='ltr'>detestator,</span> <span class='ocrx_word' id='word_1_215' title='bbox 1055 2018 1155 2047; x_wconf 88' lang='lat' dir='ltr'>cum</span> <span class='ocrx_word' id='word_1_216' title='bbox 1188 2003 1383 2047; x_wconf 90' lang='lat' dir='ltr'>diceret:</span> <span class='ocrx_word' id='word_1_217' title='bbox 1410 2004 1626 2047; x_wconf 86' lang='lat' dir='ltr'>«Frustra</span> <span class='ocrx_word' id='word_1_218' title='bbox 1654 2018 1730 2048; x_wconf 91' lang='lat' dir='ltr'>vos</span> 
     </span>
     <span class='ocr_line' id='line_1_27' title="bbox 338 2072 1731 2134; baseline 0.001 -18"><span class='ocrx_word' id='word_1_219' title='bbox 338 2072 601 2116; x_wconf 87' lang='lat' dir='ltr'>calumniam</span> <span class='ocrx_word' id='word_1_220' title='bbox 623 2073 816 2132; x_wconf 83' lang='lat' dir='ltr'>ingeritis</span> <span class='ocrx_word' id='word_1_221' title='bbox 833 2074 1056 2134; x_wconf 88' lang='lat' dir='ltr'>scriptori,</span> <span class='ocrx_word' id='word_1_222' title='bbox 1082 2083 1292 2134; x_wconf 87' lang='lat' dir='ltr'>tanquam</span> <span class='ocrx_word' id='word_1_223' title='bbox 1308 2074 1387 2118; x_wconf 89' lang='lat' dir='ltr'>Dei</span> <span class='ocrx_word' id='word_1_224' title='bbox 1407 2073 1481 2118; x_wconf 89' lang='lat' dir='ltr'>ille</span> <span class='ocrx_word' id='word_1_225' title='bbox 1504 2073 1666 2118; x_wconf 88' lang='lat' dir='ltr'>Filium</span> <span class='ocrx_word' id='word_1_226' title='bbox 1686 2074 1731 2118; x_wconf 90' lang='lat' dir='ltr'>in</span> 
     </span>
     <span class='ocr_line' id='line_1_28' title="bbox 340 2143 1732 2205; baseline 0.001 -19"><span class='ocrx_word' id='word_1_227' title='bbox 340 2152 465 2187; x_wconf 86' lang='lat' dir='ltr'>utero</span> <span class='ocrx_word' id='word_1_228' title='bbox 487 2143 679 2188; x_wconf 88' lang='lat' dir='ltr'>mulieris</span> <span class='ocrx_word' id='word_1_229' title='bbox 696 2144 934 2189; x_wconf 89' lang='lat' dir='ltr'>incluserit.</span> <span class='ocrx_word' id='word_1_230' title='bbox 955 2162 975 2185; x_wconf 63' lang='grc' dir='ltr'>ι)</span> <span class='ocrx_word' id='word_1_231' title='bbox 999 2147 1098 2190; x_wconf 90' lang='lat' dir='ltr'>Non</span> <span class='ocrx_word' id='word_1_232' title='bbox 1110 2144 1240 2205; x_wconf 85' lang='lat' dir='ltr'>plane</span> <span class='ocrx_word' id='word_1_233' title='bbox 1254 2144 1467 2190; x_wconf 87' lang='lat' dir='ltr'>catholica</span> <span class='ocrx_word' id='word_1_234' title='bbox 1483 2143 1608 2200; x_wconf 89' lang='lat' dir='ltr'>fides,</span> <span class='ocrx_word' id='word_1_235' title='bbox 1631 2160 1732 2205; x_wconf 82' lang='lat' dir='ltr'>quae</span> 
     </span>
     <span class='ocr_line' id='line_1_29' title="bbox 338 2214 1730 2261; baseline 0.001 -2"><span class='ocrx_word' id='word_1_236' title='bbox 338 2214 561 2259; x_wconf 88' lang='lat' dir='ltr'>Christum</span> <span class='ocrx_word' id='word_1_237' title='bbox 585 2216 662 2260; x_wconf 90' lang='lat' dir='ltr'>Dei</span> <span class='ocrx_word' id='word_1_238' title='bbox 685 2217 846 2260; x_wconf 90' lang='lat' dir='ltr'>Filium</span> <span class='ocrx_word' id='word_1_239' title='bbox 874 2225 1029 2261; x_wconf 87' lang='lat' dir='ltr'>natum</span> <span class='ocrx_word' id='word_1_240' title='bbox 1051 2216 1294 2261; x_wconf 87' lang='lat' dir='ltr'>secundum</span> <span class='ocrx_word' id='word_1_241' title='bbox 1316 2230 1492 2261; x_wconf 87' lang='lat' dir='ltr'>carnem</span> <span class='ocrx_word' id='word_1_242' title='bbox 1515 2216 1653 2260; x_wconf 89' lang='lat' dir='ltr'>credit</span> <span class='ocrx_word' id='word_1_243' title='bbox 1679 2231 1730 2260; x_wconf 89' lang='lat' dir='ltr'>ex</span> 
     </span>
     <span class='ocr_line' id='line_1_30' title="bbox 337 2286 1731 2345; baseline 0.002 -16"><span class='ocrx_word' id='word_1_244' title='bbox 337 2286 519 2345; x_wconf 88' lang='lat' dir='ltr'>virgine,</span> <span class='ocrx_word' id='word_1_245' title='bbox 542 2287 634 2332; x_wconf 88' lang='lat' dir='ltr'>ullo</span> <span class='ocrx_word' id='word_1_246' title='bbox 657 2287 789 2333; x_wconf 90' lang='lat' dir='ltr'>modo</span> <span class='ocrx_word' id='word_1_247' title='bbox 807 2287 1011 2333; x_wconf 90' lang='lat' dir='ltr'>eumdem</span> <span class='ocrx_word' id='word_1_248' title='bbox 1034 2289 1108 2333; x_wconf 93' lang='lat' dir='ltr'>Dei</span> <span class='ocrx_word' id='word_1_249' title='bbox 1134 2287 1296 2333; x_wconf 91' lang='lat' dir='ltr'>Filium</span> <span class='ocrx_word' id='word_1_250' title='bbox 1321 2288 1381 2332; x_wconf 90' lang='lat' dir='ltr'>sic</span> <span class='ocrx_word' id='word_1_251' title='bbox 1402 2288 1449 2332; x_wconf 91' lang='lat' dir='ltr'>in</span> <span class='ocrx_word' id='word_1_252' title='bbox 1478 2296 1604 2332; x_wconf 88' lang='lat' dir='ltr'>utero</span> <span class='ocrx_word' id='word_1_253' title='bbox 1631 2303 1731 2332; x_wconf 91' lang='lat' dir='ltr'>mu—</span> 
     </span>
     <span class='ocr_line' id='line_1_31' title="bbox 339 2355 1732 2421; baseline 0.001 -21"><span class='ocrx_word' id='word_1_254' title='bbox 339 2355 452 2401; x_wconf 90' lang='lat' dir='ltr'>lieris</span> <span class='ocrx_word' id='word_1_255' title='bbox 470 2357 676 2415; x_wconf 89' lang='lat' dir='ltr'>includit,</span> <span class='ocrx_word' id='word_1_256' title='bbox 696 2360 818 2421; x_wconf 85' lang='lat' dir='ltr'>quasi</span> <span class='ocrx_word' id='word_1_257' title='bbox 835 2368 956 2404; x_wconf 89' lang='lat' dir='ltr'>extra</span> <span class='ocrx_word' id='word_1_258' title='bbox 973 2375 1062 2405; x_wconf 91' lang='lat' dir='ltr'>non</span> <span class='ocrx_word' id='word_1_259' title='bbox 1083 2360 1164 2415; x_wconf 88' lang='lat' dir='ltr'>sit,</span> <span class='ocrx_word' id='word_1_260' title='bbox 1189 2359 1311 2420; x_wconf 89' lang='lat' dir='ltr'>quasi</span> <span class='ocrx_word' id='word_1_261' title='bbox 1330 2358 1431 2404; x_wconf 80' lang='lat' dir='ltr'>coeli</span> <span class='ocrx_word' id='word_1_262' title='bbox 1449 2367 1492 2403; x_wconf 91' lang='lat' dir='ltr'>et</span> <span class='ocrx_word' id='word_1_263' title='bbox 1509 2367 1637 2402; x_wconf 84' lang='lat' dir='ltr'>terrae</span> <span class='ocrx_word' id='word_1_264' title='bbox 1658 2358 1732 2403; x_wconf 91' lang='lat' dir='ltr'>ad-</span> 
     </span>
     <span class='ocr_line' id='line_1_32' title="bbox 339 2429 1729 2492; baseline 0.002 -21"><span class='ocrx_word' id='word_1_265' title='bbox 339 2429 697 2474; x_wconf 82' lang='lat' dir='ltr'>ministrationem</span> <span class='ocrx_word' id='word_1_266' title='bbox 732 2430 991 2485; x_wconf 84' lang='lat' dir='ltr'>deseruerit,</span> <span class='ocrx_word' id='word_1_267' title='bbox 1022 2432 1144 2492; x_wconf 86' lang='lat' dir='ltr'>quasi</span> <span class='ocrx_word' id='word_1_268' title='bbox 1169 2448 1191 2475; x_wconf 89' lang='lat' dir='ltr'>a</span> <span class='ocrx_word' id='word_1_269' title='bbox 1222 2435 1347 2475; x_wconf 88' lang='lat' dir='ltr'>Patre</span> <span class='ocrx_word' id='word_1_270' title='bbox 1377 2431 1628 2476; x_wconf 87' lang='lat' dir='ltr'>recesserit:</span> <span class='ocrx_word' id='word_1_271' title='bbox 1654 2430 1729 2474; x_wconf 91' lang='lat' dir='ltr'>sed</span> 
     </span>
     <span class='ocr_line' id='line_1_33' title="bbox 342 2502 1730 2564; baseline -0.002 -16"><span class='ocrx_word' id='word_1_272' title='bbox 342 2514 417 2544; x_wconf 83' lang='lat' dir='ltr'>VOS</span> <span class='ocrx_word' id='word_1_273' title='bbox 441 2504 666 2550; x_wconf 76' lang='lat' dir='ltr'>Manichaei</span> <span class='ocrx_word' id='word_1_274' title='bbox 692 2505 927 2555; x_wconf 73' lang='lat' dir='ltr'>cordeillo,</span> <span class='ocrx_word' id='word_1_275' title='bbox 953 2521 1044 2564; x_wconf 87' lang='lat' dir='ltr'>quo</span> <span class='ocrx_word' id='word_1_276' title='bbox 1062 2505 1169 2549; x_wconf 87' lang='lat' dir='ltr'>nihil</span> <span class='ocrx_word' id='word_1_277' title='bbox 1190 2504 1367 2564; x_wconf 88' lang='lat' dir='ltr'>potestis</span> <span class='ocrx_word' id='word_1_278' title='bbox 1390 2504 1470 2547; x_wconf 90' lang='lat' dir='ltr'>nisi</span> <span class='ocrx_word' id='word_1_279' title='bbox 1490 2502 1730 2562; x_wconf 82' lang='lat' dir='ltr'>corporalia</span> 
     </span>
    </p>
   </div>
   <div class='ocr_carea' id='block_1_2' title="bbox 396 2596 598 2630">
    <p class='ocr_par' dir='ltr' id='par_1_4' title="bbox 396 2596 598 2630">
     <span class='ocr_line' id='line_1_34' title="bbox 396 2596 598 2630; baseline -0.01 -5"><span class='ocrx_word' id='word_1_280' title='bbox 396 2616 400 2625; x_wconf 91' lang='lat'><em>.</em></span> <span class='ocrx_word' id='word_1_281' title='bbox 428 2597 515 2624; x_wconf 73' lang='lat' dir='ltr'>nom.</span> <span class='ocrx_word' id='word_1_282' title='bbox 539 2607 560 2630; x_wconf 74' lang='grc' dir='ltr'>ι,</span> <span class='ocrx_word' id='word_1_283' title='bbox 584 2596 598 2623; x_wconf 75' lang='grc' dir='ltr'>’ὶ</span> 
     </span>
    </p>
   </div>
  </div>
 </body>
</html>
