1803 3250
384 188 549 219 CONTRA
582 188 886 218 anvssasaiuum
917 188 1052 226 LEGIS,
1088 189 1169 215 Lm.
1207 190 1237 214 1.
1423 178 1506 219 339

123 258 294 318 gentius
316 272 469 304 arcana
493 257 685 302 veritatis
706 255 943 315 inquirant.
976 257 1169 313 «Magna
1193 255 1356 314 quippe
1377 269 1508 313 opera

126 349 144 370 »
174 329 372 385 Domini,
404 328 615 390 exquisita
648 328 694 371 in
719 342 869 370 omnes
904 325 1150 370 voluntates
1183 327 1316 387 ejus¹.
1337 344 1356 367 υ
1391 325 1509 379 Quid

122 408 269 450 autem
295 400 449 447 mirum
475 409 566 454 est,
592 400 693 459 quia
717 396 916 456 displicet
947 398 1150 442 humanae
1173 397 1367 442 stultitiae
1389 396 1511 458 quod.

121 486 250 532 opera
271 487 348 520 sua
371 471 546 531 placent
568 470 728 515 divinae
745 469 997 528 sapientiae?
1020 468 1127 529 quid
1150 478 1213 514 est
1228 470 1343 514 enim
1363 469 1510 516 aliud:

124 560 146 587 ι(
168 541 287 587 Vidit
307 542 453 591 lucem
471 542 574 603 quia
599 542 712 585 hona
730 543 836 594 est²‚
860 559 878 581 »
902 540 978 584 nisi
999 541 1100 600 quia
1121 541 1284 600 placuit
1305 542 1375 585 ei?

179 615 236 663 X·
275 613 359 661 Sed
381 614 460 659 iste
482 613 742 673 vaniloquus
772 611 1122 671 blasphemator,
1155 613 1232 671 qui
1259 614 1427 673 scripsit
1458 613 1514 658 li·

122 685 249 735 hrum
275 684 493 746 sacrilegis
515 685 721 731 conviciis
746 683 947 743 plenum,
982 684 1057 742 (in
1083 699 1174 745 quo
1206 685 1373 728 utinam
1406 701 1517 744 opus

119 759 214 818 ejus
233 756 480 818 displiceret
503 758 562 811 ei,
597 766 640 802 et
673 773 762 802 non
796 765 971 815 putaret
996 756 1099 816 quia
1122 755 1291 800 bonum
1315 765 1408 810 est,
1441 756 1519 801 sed

121 827 289 873 videret
301 830 403 888 quia
421 829 585 873 malum
605 830 708 888 est‚)
731 818 872 873 videte
885 827 995 888 quid
1010 827 1190 873 dixerit:
1216 846 1235 869 «
1253 826 1376 872 Adeo
1392 836 1521 873 antea

121 900 326 954 nescivit,
352 900 520 961 inquit,
552 901 627 944 lux
648 899 757 959 quid
791 908 926 954 esset,
962 908 1012 943 ut
1043 898 1176 943 modo
1206 914 1301 943 eam
1326 898 1518 959 primum

122 962 272 1017 videns
285 971 766 1034 optimamjudicaret.»
786 973 900 1028 Ergo
916 979 959 1014 et
972 971 1184 1015 Dominus
1197 973 1320 1015 Jesus
1339 970 1520 1031 quando

121 1041 281 1089 auditis
304 1043 445 1088 verbis
466 1042 746 1088 Centurionis
768 1042 945 1086 miratus
968 1052 1058 1097 est,
1083 1052 1127 1086 et
1155 1043 1262 1086 dixit
1286 1043 1520 1102 Discipulis

94 1108 97 1111 ’
120 1113 207 1158 suis
229 1133 238 1158 2
268 1117 446 1159 «Amen
464 1115 563 1159 dico
585 1114 726 1170 vobis,
752 1130 840 1158 non
866 1115 1011 1158 inveni
1036 1124 1200 1158 tantam
1223 1115 1352 1158 fidem
1383 1115 1427 1159 in
1453 1119 1517 1159 Is-

125 1202 146 1230 »
173 1183 308 1240 rael³‚
332 1203 352 1227 »
380 1185 560 1230 nescivit
583 1195 709 1229 antea
733 1184 840 1230 fides
859 1185 930 1229 illa
954 1186 1060 1246 quid
1081 1196 1206 1240 esset,
1228 1198 1278 1230 ut
1296 1196 1402 1231 tune
1425 1201 1522 1231 eam

121 1255 312 1315 primum
336 1255 488 1302 videns
509 1256 720 1315 optimam
738 1255 987 1315 judicaret?
1011 1261 1077 1300 An
1100 1273 1202 1301 vero
1225 1258 1334 1301 alius
1357 1273 1452 1301 eam
1476 1258 1521 1301 in

122 1325 255 1372 corde
275 1327 554 1372 Centurionis
576 1327 855 1386 operabatur.
879 1343 1011 1386 quam
1034 1328 1124 1385 ipse
1147 1328 1226 1387 qui
1251 1329 1521 1372 mirabatur?

120 1401 178 1444 Et
200 1398 397 1458 profecto
425 1396 611 1458 amplius
641 1409 704 1443 est
726 1399 845 1443 unde
876 1400 1042 1458 possint
1079 1399 1383 1458 blasphemare
1413 1399 1521 1444 insi÷

56 1500 59 1501 γ
120 1470 284 1529 pientes
306 1480 349 1514 et
370 1469 584 1524 infideles,
609 1469 732 1531 quod
755 1471 933 1514 miratus
951 1481 1013 1514 est
1033 1473 1519 1530 Jesusquantamcum-

121 1556 210 1602 que
237 1541 424 1586 hominis
456 1541 589 1587 fidem
608 1577 619 1595 ⁷
644 1557 776 1602 quam
810 1540 931 1601 quod
963 1542 1073 1586 vidit
1107 1545 1220 1587 Deus
1248 1543 1391 1590 lucem
1419 1543 1522 1603 quia

124 1611 240 1658 bona
267 1622 346 1657 est.
374 1616 521 1658 Potest
548 1613 664 1657 enirn
698 1613 887 1673 quisque
918 1614 1049 1657 etiam
1084 1614 1210 1659 solita
1245 1615 1392 1659 videre
1415 1616 1518 1675 quia

124 1683 241 1730 bona
261 1693 390 1738 sunt,
415 1684 498 1729 hoc
518 1693 604 1739 est,
625 1684 706 1729 sibi
724 1699 774 1728 ea
793 1683 947 1742 placita
972 1687 1258 1744 comprobare
1286 1705 1294 1732 :
1321 1686 1521 1746 quisquiS

126 1764 273 1801 autem
302 1754 509 1809 miratur,
541 1753 739 1814 profecto
764 1753 1008 1802 secundum
1041 1756 1403 1802 consuetudinem
1430 1773 1520 1818 qua

125 1826 323 1875 homines
349 1827 618 1891 loquuntur,
654 1826 931 1885 inopinatum
954 1836 1085 1886 atque
1116 1827 1401 1888 improvisum
1435 1828 1519 1873 sibi

125 1914 216 1944 esse
237 1899 453 1959 significat
470 1897 594 1958 quod
616 1898 811 1943 miratur.
845 1897 928 1943 Sed
956 1901 1081 1943 Jesus
1102 1900 1181 1959 qui
1207 1902 1353 1946 omnia
1383 1917 1518 1961 praese.-

124 1971 290 2026 ciebat‚
315 1958 438 2032 qiiod
454 1969 699 2014 mirandum
722 1969 813 2014 aliis
829 1971 1184 2028 commendabat,
1203 1973 1403 2019 mirando
1421 1973 1519 2018 laut-

125 2041 276 2090 dabat.
298 2042 413 2097 Quid
433 2052 580 2087 autem
604 2045 717 2105 Deus
738 2041 846 2086 vidit
869 2058 893 2086 a
918 2057 962 2086 se
985 2041 1178 2100 factum,
1209 2046 1330 2106 quod
1353 2062 1443 2092 non
1470 2047 1517 2091 in

124 2112 241 2168 luce,
265 2113 386 2174 quod
409 2114 500 2174 ipse
521 2122 608 2168 est,
634 2112 888 2173 prius-vidit
916 2129 1006 2158 esse
1028 2114 1275 2161 faciendum
1295 2120 1314 2161 Ρ
1332 2121 1387 2162 Εῖ
1407 2115 1517 2178 quid

124 2191 216 2230 tam
248 2185 490 2230 necessario
518 2194 666 2231 sancta
702 2184 922 2243 Scriptura
957 2185 1082 2229 toties
1113 2197 1351 2246 repeteret,
1382 2202 1516 2249 quam

125 2255 248 2315 quod
265 2255 374 2299 vidit
396 2258 509 2299 Deus
532 2255 750 2299 bonaesse
763 2271 862 2315 quae
880 2254 1004 2309 fecit,
1026 2266 1074 2299 ut
1088 2257 1190 2302 hinc
1208 2257 1517 2304 informaretur

125 2325 263 2384 pietas
286 2325 502 2379 fidelium,
530 2341 617 2370 non
642 2341 721 2385 pro
742 2327 936 2371 humano
957 2342 1083 2371 sensu
1098 2363 1108 2381 ‚
1138 2330 1216 2389 qui
1244 2346 1359 2390 saepe
1381 2331 1514 2375 etiam

125 2395 252 2447 bonis
293 2397 425 2445 rebus
461 2395 716 2452 offenditur,
754 2413 941 2458 quarum
972 2414 1120 2444 causas
1158 2410 1290 2461 atque
1315 2402 1515 2450 ¹ordinem

127 2469 285 2525 nescit,
305 2468 366 2515 de
392 2477 588 2516 ereatura
615 2469 772 2515 visibili
799 2479 931 2530 atque
961 2470 1165 2517 invisibili
1193 2473 1414 2532 judicare,
1439 2473 1516 2520 sed

178 2561 187 2579 ¹
214 2554 296 2589 Psal.
315 2566 366 2599 cx,
385 2565 417 2588 2.
437 2573 475 2580 —
494 2563 506 2580 ²
528 2558 608 2590 Gen.
629 2567 654 2598 π,
677 2555 708 2598 4.
726 2574 765 2581 -—
783 2553 796 2579 3
819 2555 931 2589 Matth.
954 2568 1023 2597 vm,
1046 2569 1092 2589 ιο.

1262 2616 1327 2656 ἑὲ.
