1803 3250
341 204 389 240 18
766 209 797 237 s.
836 211 1066 239 Aucusruu
1101 211 1278 238 muscow

334 278 418 330 bis,
449 292 497 320 ea
519 291 620 336 quae
643 276 786 335 priora
808 276 960 334 posui,
984 275 1248 324 virtutibus;
1278 288 1379 333 quae
1401 282 1547 318 autem
1570 283 1722 331 poste-

331 348 468 402 riora,
503 347 618 391 vitiis
655 356 878 406 apponant
914 366 922 393 :
963 346 1081 407 pleni
1118 354 1220 389 sunt
1251 354 1399 389 tamen
1433 345 1535 389 libri
1568 360 1723 390 eorum

329 420 539 463 abusione
579 418 759 462 istorum
790 419 1047 471 nominum,
1084 432 1183 477 quae
1215 416 1385 476 proprie
1419 416 1523 460 vitia
1553 416 1725 475 signifi-

331 499 449 545 cant,
463 504 564 534 cum
585 490 715 534 etiam
730 489 912 534 virtutes
933 490 991 533 sic
1012 487 1315 548 appellantur,
1339 502 1441 532 cum
1459 486 1530 532 vel
1552 486 1727 547 cupidi-

332 570 394 605 tas
418 576 496 620 pro
517 560 741 605 voluntate
758 595 769 614 ,
801 560 870 604 vel
897 560 1047 604 loetitia
1077 575 1156 618 pro
1180 557 1368 617 gaudio,
1393 557 1463 603 vel
1487 567 1626 602 metus
1647 572 1728 616 pro

330 633 557 685 cautione,
583 631 651 675 vel
674 630 967 675 misericordia
991 645 1068 689 pro
1091 628 1324 673 clementia
1340 663 1351 683 ,
1372 629 1442 673 vel
1468 630 1625 673 astutia
1648 642 1728 687 pro

330 702 562 762 prudentia
578 736 589 753 ,
614 701 683 745 vel
705 700 885 745 audacia
901 716 978 759 pro
998 699 1153 745 fiducia
1174 700 1368 757 ponitur.
1392 701 1449 743 Et
1468 699 1565 759 quis
1583 697 1730 743 omnia

329 787 668 818 commemorare
690 762 856 827 valeat,
882 787 982 831 quae
1005 770 1060 814 ad
1090 769 1275 814 similem
1296 769 1522 814 licentiam
1547 785 1640 814 mos
1661 767 1730 814 lo-

326 844 512 888 cutionis
537 844 743 901 usurpat?
767 844 864 886 Huc
887 841 1053 886 accedit
1068 841 1199 885 etiam
1219 840 1497 900 singularum
1514 854 1730 900 quarum—

325 930 412 974 que
437 914 686 973 linguarum
704 928 779 956 sua
800 912 1005 972 quaedam
1023 914 1280 971 proprietas.
1298 914 1408 958 Nam
1427 912 1474 955 in
1494 910 1731 955 Ecclesias-

327 985 419 1029 ticis
460 984 614 1028 litteris
663 998 880 1043 nusquam
929 982 1274 1027 misericordiam
1319 983 1365 1026 in
1407 981 1732 1041 vituperatione

327 1055 512 1115 positam
535 1054 694 1099 recolo.
715 1054 798 1099 Cui
821 1054 881 1097 rei
898 1054 1107 1099 sermonis
1126 1054 1257 1097 etiam
1277 1052 1527 1114 quotidiani
1544 1067 1734 1098 consue-

328 1126 437 1171 tudo
459 1126 709 1172 concordat.
743 1125 883 1170 Graeci
905 1124 1012 1169 duas
1040 1140 1107 1169 res
1140 1125 1301 1169 vicinas
1333 1124 1537 1184 quidem,
1562 1123 1639 1169 sed
1660 1133 1731 1168 ta-

329 1213 429 1242 men
451 1198 673 1241 distinctas
690 1231 699 1249 ,
729 1212 816 1240 uno
840 1197 1017 1240 nomine
1035 1195 1287 1255 appellant,
1314 1195 1512 1239 laborem
1536 1203 1581 1239 et
1600 1194 1730 1239 dolo-

329 1283 450 1325 rem,
488 1283 567 1312 nos
598 1282 668 1311 eas
703 1266 881 1325 singulis
918 1267 1171 1311 nominibus
1200 1266 1483 1310 enuntiamus
1515 1285 1524 1311 ι
1562 1267 1675 1310 sicut
1707 1281 1732 1310 a

329 1341 454 1384 nobis
478 1355 567 1384 uno
589 1339 766 1384 nomine
798 1338 1043 1397 appellatur
1071 1338 1158 1382 vita
1174 1373 1184 1393 ,
1215 1338 1304 1382 sive
1326 1338 1572 1382 secundum
1594 1352 1732 1398 quam

331 1410 541 1464 dicimus,
577 1410 710 1464 vivit,
746 1410 867 1469 quod
898 1411 1095 1453 exanime
1127 1425 1215 1453 non
1244 1419 1335 1459 est:
1370 1410 1459 1454 sive
1489 1409 1732 1454 secundum

333 1498 465 1543 quam
488 1481 670 1526 dicimus
688 1517 698 1536 ,
736 1481 864 1524 bonae
889 1481 988 1524 vitae
1012 1482 1142 1525 homo
1165 1490 1229 1524 est
1258 1499 1268 1525 ι
1298 1481 1438 1525 G-raeci
1471 1489 1619 1525 autem
1652 1480 1735 1524 ista

334 1552 424 1597 duo
447 1552 620 1597 duobus
643 1567 821 1612 quoque
853 1550 1078 1596 vocabulis
1100 1552 1359 1609 significant.
1388 1552 1512 1596 Unde
1534 1552 1629 1596 fieri
1652 1567 1734 1611 po-

335 1632 445 1677 test,
480 1633 530 1667 ut
563 1633 741 1683 excepta
774 1623 1010 1667 verborum
1042 1623 1277 1677 abusione,
1313 1638 1412 1682 quae
1446 1623 1492 1666 in
1528 1623 1734 1667 omnibus

341 1696 498 1755 linguis
519 1694 605 1738 late
639 1703 781 1754 patet,
807 1694 953 1755 aliqua
975 1694 1104 1738 etiam
1126 1694 1315 1738 hebraeae
1343 1694 1507 1753 linguae
1536 1695 1735 1753 proprie—

344 1777 430 1812 tate
449 1766 565 1812 zelus
586 1766 633 1810 in
656 1775 844 1825 utroque
866 1775 1083 1824 ponatur,
1107 1766 1194 1808 sive
1216 1781 1318 1809 cum
1340 1766 1536 1825 conjugis
1559 1764 1735 1810 adulte-

341 1841 404 1883 rio
441 1838 644 1882 turbatus
676 1837 846 1881 animus
877 1836 1171 1890 contabescit,
1205 1835 1326 1895 quod
1348 1836 1394 1879 in
1420 1839 1557 1880 Deum
1579 1836 1736 1880 cadere

341 1924 431 1953 non
454 1918 595 1968 potest
613 1929 623 1964 3
644 1909 731 1952 sive
751 1923 852 1952 curn
871 1906 1094 1952 servandae
1113 1906 1337 1967 pudicitiae
1356 1906 1576 1967 conjugali
1593 1916 1738 1952 custo-

338 1979 411 2023 dia
433 1979 616 2038 diligens
644 1978 878 2023 adhibetur
894 2013 905 2031 ,
934 1976 1054 2037 quod
1080 1981 1216 2022 Deum
1240 1976 1381 2022 facere
1396 2013 1407 2033 ,
1435 1994 1537 2022 cum
1558 1978 1735 2037 plebem

341 2066 465 2095 suam
492 2060 702 2110 tanquam
740 2051 976 2110 conjugem
1003 2047 1267 2109 alloquitur,
1302 2064 1434 2109 quam
1469 2064 1545 2107 per
1574 2049 1737 2094 multos

339 2122 470 2167 falsos
501 2122 605 2166 deos
638 2119 842 2166 fornicari
876 2135 964 2164 non
998 2119 1122 2173 vult,
1148 2135 1238 2164 non
1267 2120 1408 2164 solum
1440 2120 1533 2164 sine
1554 2120 1736 2165 dubita-

340 2194 459 2237 tione
474 2227 484 2247 ,
514 2193 801 2238 verumetiam
818 2206 919 2235 cum
942 2191 1178 2249 gratiarum
1207 2192 1378 2236 actione
1402 2191 1528 2236 nobis
1551 2190 1660 2236 utile
1673 2201 1738 2237 est

339 2264 553 2309 confiteri.
579 2266 672 2309 Hoc
693 2273 737 2308 et
753 2263 808 2308 de
829 2263 891 2307 ira
914 2262 992 2307 Dei
1009 2262 1190 2307 dixerim
1209 2281 1218 2307 ε
1250 2278 1394 2321 neque
1418 2263 1537 2307 enim
1558 2272 1736 2323 pertur-

342 2335 473 2380 batur
490 2338 605 2380 Deus
622 2370 634 2390 ,
658 2350 760 2380 cum
776 2333 910 2378 infert
932 2334 1068 2392 iram,
1099 2332 1175 2378 sed
1202 2334 1265 2378 ira
1287 2349 1366 2393 pro
1387 2333 1579 2379 vindicta
1608 2334 1737 2393 poni-

342 2415 414 2450 tur
431 2441 442 2461 ,
469 2406 558 2451 sive
582 2407 793 2451 abusione
808 2439 820 2459 ,
854 2405 944 2449 sive
971 2405 1117 2466 aliqua
1139 2404 1426 2465 praecedentis
1446 2404 1610 2464 linguae
1631 2421 1737 2466 pro·
1802 2411 1803 2414 ’

347 2487 546 2537 prletate.
