1803 3250
351 228 434 266 370
790 233 821 258 s.
859 236 883 260 A
892 234 1087 260 ucus‘nivi
1124 233 1304 260 BHSCOPI

345 313 410 348 est
430 299 702 361 providentia
720 332 732 352 ‚
764 313 851 358 qua
872 314 963 344 non
988 298 1090 343 sinit
1118 313 1190 342 eos
1218 313 1329 358 quos
1353 298 1549 343 subditos
1571 302 1702 344 habet
1719 336 1729 354 ,

346 376 526 432 impune
548 385 692 414 amare
713 369 834 430 quod
852 371 1069 431 prohibet.
1098 368 1222 415 Unde
1243 369 1323 413 iste
1343 369 1420 428 qui
1444 378 1531 414 tam
1545 369 1734 430 loquaci-

346 454 409 489 ter
431 441 661 500 exagitavit
682 441 754 485 Dei
775 443 1094 502 poenitentiam,
1120 440 1256 485 discat
1274 441 1435 499 primo,
1462 440 1532 485 vix
1553 441 1737 486 inveniri

344 511 512 574 aliquid
530 511 653 572 quod
666 512 798 572 digne
815 512 869 557 dc
888 516 975 558 Deo
993 512 1078 559 dici
1094 513 1250 571 possit,
1267 510 1341 556 sed
1360 510 1549 570 plurima
1566 520 1609 555 et
1626 526 1737 571 pene

343 585 488 632 omnia
513 599 590 628 nos
613 586 668 627 de
690 583 766 629 illo
789 584 932 630 dicere
948 583 1158 645 loquendi
1187 583 1458 638 necessitate,
1484 599 1584 643 quae
1605 583 1738 642 magis

340 655 537 702 homines
556 670 607 698 ex
625 655 873 700 hominibus
894 655 1155 709 metiuntur,
1183 655 1297 698 sicut
1313 662 1461 698 autem
1489 670 1589 714 quae
1608 653 1739 698 intel—

340 726 516 787 ligenda
538 724 594 769 de
614 724 688 769 illo
709 735 827 780 sunt,
849 727 917 769 vix
935 743 958 768 a
973 726 1120 784 paucis
1137 733 1180 767 et
1197 722 1464 782 spiritalibus
1487 723 1741 782 intelligun-

346 807 430 842 tur.
461 799 641 855 Propter
655 795 775 855 quod
796 794 1171 854 providentissime
1195 794 1419 853 Scriptura
1434 793 1582 838 divina
1598 794 1653 839 de
1666 795 1743 840 illo

342 865 559 912 ineflabili
580 866 764 925 loquens
782 865 837 909 ad
859 864 1062 926 quaedam
1081 864 1212 907 etiam
1226 865 1359 908 verba
1379 864 1623 921 descendit,
1644 881 1743 926 quae

339 940 431 998 jam
455 934 708 979 hominibus
730 944 774 979 et
792 935 893 995 ipsis
915 932 1180 988 carnalibus,
1201 948 1303 977 cum
1326 935 1381 977 dc
1401 937 1491 979 Deo
1506 951 1648 980 sermo
1660 947 1740 992 est,

347 1008 553 1052 videntur
576 1006 765 1050 absurda
787 1015 830 1050 et
852 1004 1031 1065 indigna
1053 1023 1062 1049 :
1089 1013 1139 1048 ut
1152 1020 1254 1048 cum
1270 1006 1483 1049 timentur
1502 1007 1580 1050 ista
1599 1007 1658 1051 sie
1675 1022 1747 1051 ac-

350 1077 452 1138 cipi,
478 1075 702 1136 quomodo
726 1076 771 1119 in
794 1075 1046 1120 hominibus
1068 1073 1194 1130 solet,
1210 1083 1253 1118 et
1269 1075 1564 1120 discutiuntur
1589 1092 1746 1137 quem-

354 1147 594 1194 admodum
614 1146 669 1191 de
692 1151 782 1192 Deo
805 1148 917 1192 bene
949 1147 1085 1206 accipi
1112 1146 1299 1206 possint,
1324 1147 1382 1190 ibi
1401 1146 1593 1192 discatur
1621 1150 1749 1193 etiarn

353 1220 428 1266 illa
450 1234 549 1280 quae
573 1219 774 1263 humanis
796 1219 992 1262 sensibus
1011 1219 1055 1261 in
1078 1216 1240 1261 eisdem
1261 1219 1492 1277 Scripturis
1514 1222 1601 1263 Deo
1619 1219 1752 1279 digna

356 1292 642 1345 videbantur,
675 1306 765 1335 nou
790 1290 1033 1334 secundum
1058 1289 1287 1332 hominum
1311 1304 1451 1334 mores
1473 1291 1657 1350 intelligi
1685 1290 1753 1335 vel

357 1363 477 1409 credi
495 1370 710 1421 oportere.
732 1360 830 1405 Cito
846 1360 961 1404 enim
983 1359 1156 1405 videtur
1173 1359 1447 1418 poenitentia,
1473 1362 1585 1405 sicut
1605 1363 1660 1406 ab
1678 1362 1752 1406 ho-

360 1434 552 1479 minibus
571 1433 733 1490 agitur,
756 1448 844 1476 non
866 1430 1022 1476 cadere
1044 1431 1090 1473 in
1113 1434 1253 1473 Deum
1275 1449 1283 1474 :
1309 1433 1385 1475 sed
1407 1447 1498 1476 non
1520 1432 1608 1478 cito
1630 1433 1752 1478 vide-

358 1515 432 1551 tur
458 1505 589 1548 etiam
611 1502 902 1547 misericordia
924 1537 935 1557 ,
975 1503 1087 1546 sicut
1119 1502 1316 1546 homines
1346 1504 1634 1560 miserentur,
1665 1521 1754 1549 non

359 1575 515 1622 cadere
536 1575 581 1618 in
604 1577 757 1618 Deum.
784 1576 851 1618 Ex
872 1572 947 1618 illo
969 1587 1072 1631 ergo
1093 1572 1217 1631 quod
1240 1574 1554 1634 requirendum
1572 1575 1752 1633 fatetur,

363 1647 470 1694 dicit
491 1648 623 1691 homo
645 1655 688 1690 et
710 1646 792 1690 hoc
817 1644 1036 1705 requirere
1052 1679 1063 1699 ,
1089 1644 1211 1703 quod
1229 1646 1321 1704 jam
1344 1646 1545 1698 sufficere
1568 1650 1755 1693 arbitra-

364 1719 508 1764 batur.
536 1718 604 1762 Sic
635 1731 737 1775 ergo
770 1714 948 1775 quando
980 1729 1081 1758 eum
1108 1714 1315 1774 poenitet,
1347 1731 1436 1760 non
1458 1727 1653 1762 mutatur
1673 1753 1684 1774 ,
1716 1729 1759 1763 et

366 1796 535 1846 mutat,
560 1785 861 1847 sicutquando
881 1785 1096 1841 irascitur,
1123 1800 1214 1829 non
1233 1796 1451 1842 movetur,
1477 1797 1521 1832 et
1539 1788 1756 1848 vindicat,

366 1871 411 1907 et
431 1860 611 1922 quando
631 1859 859 1903 miseretur
878 1891 890 1913 ,
925 1872 1014 1901 non
1043 1856 1186 1912 dolet,
1224 1867 1267 1902 et
1297 1858 1483 1919 liberat3
1514 1870 1558 1905 et
1579 1862 1760 1922 quando

369 1932 506 1988 zelat,
531 1946 624 1975 non
645 1931 879 1984 cruciatur,
902 1938 946 1972 et
967 1929 1149 1973 cruciat.

431 2006 549 2048 XLI.
576 2001 801 2062 Numquid
822 2009 967 2044 autem
985 1999 1166 2044 inlibris
1190 2002 1455 2046 Testamenti
1475 1978 1589 2049 Novi
1604 2004 1764 2049 desunt

376 2080 470 2122 haec
484 2075 641 2130 verbo,
663 2089 761 2134 quae
784 2072 819 2117 si
841 2072 1110 2132 accipiantur
1122 2072 1233 2116 sicut
1249 2072 1294 2116 in
1309 2074 1561 2120 hominibus
1580 2076 1763 2136 intelligi

375 2147 532 2202 solent,
557 2143 681 2189 nullo
713 2142 845 2189 modo
874 2151 1123 2201 congruunt
1150 2143 1385 2199 Divinitati,
1410 2155 1453 2190 et
1480 2161 1656 2205 gravem
1688 2163 1764 2206 pa—

375 2220 494 2264 riunt
516 2216 835 2262 offensionem?
856 2215 970 2260 Cum
993 2213 1111 2257 enim
1135 2214 1189 2258 de
1213 2215 1386 2260 Christo
1409 2217 1627 2261 verissime
1648 2218 1764 2264 dicat

376 2287 669 2346 Evangelista,
688 2305 707 2328 «
725 2285 855 2339 Quod
879 2300 966 2329 non
990 2299 1099 2344 opus
1122 2285 1281 2330 habeat
1302 2296 1352 2330 ut
1371 2287 1409 2331 ei
1430 2288 1661 2348 quisquam
1680 2298 1765 2333 tes-

377 2381 396 2403 »
425 2360 657 2405 timonium
677 2355 931 2418 prohiberet
948 2356 1005 2405 dc¹
1024 2356 1216 2411 homine,
1235 2358 1245 2400 i
1253 2373 1326 2416 pse
1345 2360 1460 2402 enim
1479 2361 1643 2403 sciebat
1657 2360 1763 2421 quid

378 2452 397 2474 »
424 2440 534 2476 esset
556 2432 600 2473 in
623 2429 799 2473 homine
818 2431 828 2452 ¹
854 2447 863 2472 2
887 2446 906 2469 »
933 2443 1010 2470 cur
1025 2428 1115 2486 ipse
1131 2429 1394 2487 quibusdam
1410 2429 1515 2474 dicit
1538 2450 1548 2476 ;
1579 2453 1593 2471 1«
1613 2435 1765 2477 Nescio

379 2521 399 2544 »
426 2503 554 2546 vos2'r
575 2520 593 2541 »
621 2504 740 2559 Ipsos
778 2497 967 2558 (lenique
1003 2508 1172 2542 sanctos
1205 2516 1303 2543 suos
1337 2517 1436 2544 cuni
1467 2503 1699 2560 praescierit
1722 2519 1765 2547 et

430 2595 434 2609 ¹
465 2590 545 2619 doun
576 2598 611 2625 ιι,
629 2585 683 2617 25.
701 2601 738 2607 —-
761 2592 772 2606 ²
796 2584 909 2615 Matth.
932 2594 1008 2624 xxv,
1034 2594 1082 2614 ιιι.
