<?xml version="1.0" encoding="UTF-8"?>
<!DOCTYPE html PUBLIC "-//W3C//DTD XHTML 1.0 Transitional//EN"
    "http://www.w3.org/TR/xhtml1/DTD/xhtml1-transitional.dtd">
<html xmlns="http://www.w3.org/1999/xhtml" xml:lang="en" lang="en">
 <head>
  <title>
</title>
<meta http-equiv="Content-Type" content="text/html;charset=utf-8" />
  <meta name='ocr-system' content='tesseract 3.04.00' />
  <meta name='ocr-capabilities' content='ocr_page ocr_carea ocr_par ocr_line ocrx_word'/>
</head>
<body>
  <div class='ocr_page' id='page_1' title='image "./operaomniaaccura29auguuoft/operaomniaaccura29auguuoft_0384.png"; bbox 0 0 1803 3250; ppageno 0'>
   <div class='ocr_carea' id='block_1_1' title="bbox 339 253 1283 292">
    <p class='ocr_par' dir='ltr' id='par_1_1' title="bbox 339 253 1283 292">
     <span class='ocr_line' id='line_1_1' title="bbox 339 253 1283 292; baseline -0.001 0"><span class='ocrx_word' id='word_1_1' title='bbox 339 253 422 292; x_wconf 84' lang='lat'>374</span> <span class='ocrx_word' id='word_1_2' title='bbox 770 260 803 289; x_wconf 87' lang='lat' dir='ltr'>s.</span> <span class='ocrx_word' id='word_1_3' title='bbox 841 261 1068 291; x_wconf 68' lang='lat' dir='ltr'>Aucus-nm</span> <span class='ocrx_word' id='word_1_4' title='bbox 1102 263 1283 291; x_wconf 73' lang='lat' dir='ltr'>nmscom</span> 
     </span>
    </p>
   </div>
   <div class='ocr_carea' id='block_1_2' title="bbox 335 326 1756 2528">
    <p class='ocr_par' dir='ltr' id='par_1_2' title="bbox 335 326 1752 2385">
     <span class='ocr_line' id='line_1_2' title="bbox 339 326 1720 391; baseline 0.002 -17"><span class='ocrx_word' id='word_1_5' title='bbox 339 331 453 374; x_wconf 87' lang='lat' dir='ltr'>niam</span> <span class='ocrx_word' id='word_1_6' title='bbox 479 342 568 372; x_wconf 91' lang='lat' dir='ltr'>non</span> <span class='ocrx_word' id='word_1_7' title='bbox 590 326 645 371; x_wconf 87' lang='lat' dir='ltr'>de</span> <span class='ocrx_word' id='word_1_8' title='bbox 666 342 744 372; x_wconf 91' lang='lat' dir='ltr'>suo</span> <span class='ocrx_word' id='word_1_9' title='bbox 765 326 910 373; x_wconf 88' lang='lat' dir='ltr'>lucere</span> <span class='ocrx_word' id='word_1_10' title='bbox 932 344 976 373; x_wconf 87' lang='lat' dir='ltr'>sc</span> <span class='ocrx_word' id='word_1_11' title='bbox 998 330 1140 373; x_wconf 87' lang='lat' dir='ltr'>sciunt</span> <span class='ocrx_word' id='word_1_12' title='bbox 1159 364 1170 384; x_wconf 88' lang='lat'>,</span> <span class='ocrx_word' id='word_1_13' title='bbox 1206 329 1281 373; x_wconf 89' lang='lat' dir='ltr'>sed</span> <span class='ocrx_word' id='word_1_14' title='bbox 1313 329 1368 373; x_wconf 91' lang='lat' dir='ltr'>de</span> <span class='ocrx_word' id='word_1_15' title='bbox 1392 328 1490 374; x_wconf 91' lang='lat' dir='ltr'>Sole</span> <span class='ocrx_word' id='word_1_16' title='bbox 1517 331 1720 391; x_wconf 51' lang='lat' dir='ltr'>justitian</span> 
     </span>
     <span class='ocr_line' id='line_1_3' title="bbox 340 396 1725 459; baseline 0.004 -17"><span class='ocrx_word' id='word_1_17' title='bbox 340 400 449 442; x_wconf 79' lang='lat' dir='ltr'>sicut</span> <span class='ocrx_word' id='word_1_18' title='bbox 471 396 556 441; x_wconf 70' lang='lat' dir='ltr'>illre</span> <span class='ocrx_word' id='word_1_19' title='bbox 578 397 718 441; x_wconf 89' lang='lat' dir='ltr'>nubes</span> <span class='ocrx_word' id='word_1_20' title='bbox 738 398 793 442; x_wconf 92' lang='lat' dir='ltr'>de</span> <span class='ocrx_word' id='word_1_21' title='bbox 815 397 904 443; x_wconf 88' lang='lat' dir='ltr'>sole</span> <span class='ocrx_word' id='word_1_22' title='bbox 926 399 1097 444; x_wconf 85' lang='lat' dir='ltr'>visibili.</span> <span class='ocrx_word' id='word_1_23' title='bbox 1126 398 1211 444; x_wconf 85' lang='lat' dir='ltr'>Sed</span> <span class='ocrx_word' id='word_1_24' title='bbox 1227 415 1276 443; x_wconf 85' lang='lat' dir='ltr'>ex</span> <span class='ocrx_word' id='word_1_25' title='bbox 1300 397 1374 443; x_wconf 81' lang='lat' dir='ltr'>illo</span> <span class='ocrx_word' id='word_1_26' title='bbox 1391 400 1512 459; x_wconf 83' lang='lat' dir='ltr'>quod</span> <span class='ocrx_word' id='word_1_27' title='bbox 1533 417 1725 447; x_wconf 90' lang='lat' dir='ltr'>comme—</span> 
     </span>
     <span class='ocr_line' id='line_1_4' title="bbox 339 467 1724 530; baseline 0.004 -17"><span class='ocrx_word' id='word_1_28' title='bbox 339 470 526 524; x_wconf 82' lang='lat' dir='ltr'>moravi,</span> <span class='ocrx_word' id='word_1_29' title='bbox 551 467 771 526; x_wconf 84' lang='lat' dir='ltr'>urgendus</span> <span class='ocrx_word' id='word_1_30' title='bbox 790 479 869 525; x_wconf 88' lang='lat' dir='ltr'>est,</span> <span class='ocrx_word' id='word_1_31' title='bbox 890 469 1113 529; x_wconf 84' lang='lat' dir='ltr'>quomodo</span> <span class='ocrx_word' id='word_1_32' title='bbox 1130 470 1313 530; x_wconf 83' lang='lat' dir='ltr'>accipiat</span> <span class='ocrx_word' id='word_1_33' title='bbox 1332 472 1564 516; x_wconf 90' lang='lat' dir='ltr'>Dominum</span> <span class='ocrx_word' id='word_1_34' title='bbox 1583 472 1724 518; x_wconf 90' lang='lat' dir='ltr'>dicen·</span> 
     </span>
     <span class='ocr_line' id='line_1_5' title="bbox 340 540 1724 601; baseline 0.002 -16"><span class='ocrx_word' id='word_1_35' title='bbox 340 551 427 585; x_wconf 91' lang='lat' dir='ltr'>tem</span> <span class='ocrx_word' id='word_1_36' title='bbox 463 540 517 584; x_wconf 88' lang='lat' dir='ltr'>de</span> <span class='ocrx_word' id='word_1_37' title='bbox 561 543 723 584; x_wconf 84' lang='lat' dir='ltr'>Lazaro</span> <span class='ocrx_word' id='word_1_38' title='bbox 754 559 762 586; x_wconf 81' lang='lat' dir='ltr'>z</span> <span class='ocrx_word' id='word_1_39' title='bbox 804 542 930 586; x_wconf 90' lang='lat' dir='ltr'>«Ubi</span> <span class='ocrx_word' id='word_1_40' title='bbox 965 542 1166 601; x_wconf 82' lang='lat' dir='ltr'>posuistis</span> <span class='ocrx_word' id='word_1_41' title='bbox 1198 544 1353 599; x_wconf 75' lang='lat' dir='ltr'>eum¹3</span> <span class='ocrx_word' id='word_1_42' title='bbox 1385 563 1400 583; x_wconf 87' lang='lat'>»</span> <span class='ocrx_word' id='word_1_43' title='bbox 1433 552 1477 587; x_wconf 88' lang='lat' dir='ltr'>et</span> <span class='ocrx_word' id='word_1_44' title='bbox 1509 542 1630 588; x_wconf 89' lang='lat' dir='ltr'>locus</span> <span class='ocrx_word' id='word_1_45' title='bbox 1653 545 1724 600; x_wconf 88' lang='lat' dir='ltr'>ei,</span> 
     </span>
     <span class='ocr_line' id='line_1_6' title="bbox 336 611 1725 672; baseline 0.002 -15"><span class='ocrx_word' id='word_1_46' title='bbox 336 622 544 672; x_wconf 81' lang='lat' dir='ltr'>tanquam</span> <span class='ocrx_word' id='word_1_47' title='bbox 566 611 764 671; x_wconf 84' lang='lat' dir='ltr'>ignoret,</span> <span class='ocrx_word' id='word_1_48' title='bbox 792 613 1053 657; x_wconf 76' lang='lat' dir='ltr'>ostenditur.</span> <span class='ocrx_word' id='word_1_49' title='bbox 1081 613 1169 658; x_wconf 90' lang='lat' dir='ltr'>Nisi</span> <span class='ocrx_word' id='word_1_50' title='bbox 1189 613 1304 656; x_wconf 88' lang='lat' dir='ltr'>enim</span> <span class='ocrx_word' id='word_1_51' title='bbox 1326 612 1493 672; x_wconf 85' lang='lat' dir='ltr'>aliquid</span> <span class='ocrx_word' id='word_1_52' title='bbox 1513 629 1613 658; x_wconf 92' lang='lat' dir='ltr'>eum</span> <span class='ocrx_word' id='word_1_53' title='bbox 1631 615 1725 671; x_wconf 80' lang='lat' dir='ltr'>ista,</span> 
     </span>
     <span class='ocr_line' id='line_1_7' title="bbox 335 683 1726 744; baseline 0.001 -16"><span class='ocrx_word' id='word_1_54' title='bbox 335 700 420 744; x_wconf 87' lang='lat' dir='ltr'>qua</span> <span class='ocrx_word' id='word_1_55' title='bbox 444 684 634 727; x_wconf 85' lang='lat' dir='ltr'>nesciens</span> <span class='ocrx_word' id='word_1_56' title='bbox 653 683 896 737; x_wconf 83' lang='lat' dir='ltr'>videbatur,</span> <span class='ocrx_word' id='word_1_57' title='bbox 918 683 1197 743; x_wconf 81' lang='lat' dir='ltr'>inquisitione</span> <span class='ocrx_word' id='word_1_58' title='bbox 1215 684 1479 742; x_wconf 79' lang='lat' dir='ltr'>significasse</span> <span class='ocrx_word' id='word_1_59' title='bbox 1495 683 1726 742; x_wconf 80' lang='lat' dir='ltr'>fateamur,</span> 
     </span>
     <span class='ocr_line' id='line_1_8' title="bbox 336 753 1730 816; baseline 0.003 -18"><span class='ocrx_word' id='word_1_60' title='bbox 336 754 560 816; x_wconf 87' lang='lat' dir='ltr'>quomodo</span> <span class='ocrx_word' id='word_1_61' title='bbox 583 754 870 814; x_wconf 77' lang='lat' dir='ltr'>praedicamus</span> <span class='ocrx_word' id='word_1_62' title='bbox 891 754 1113 799; x_wconf 87' lang='lat' dir='ltr'>Christum</span> <span class='ocrx_word' id='word_1_63' title='bbox 1137 769 1225 797; x_wconf 90' lang='lat' dir='ltr'>non</span> <span class='ocrx_word' id='word_1_64' title='bbox 1239 753 1379 798; x_wconf 88' lang='lat' dir='ltr'>solum</span> <span class='ocrx_word' id='word_1_65' title='bbox 1396 755 1522 800; x_wconf 86' lang='lat' dir='ltr'>scisse</span> <span class='ocrx_word' id='word_1_66' title='bbox 1540 771 1730 815; x_wconf 85' lang='lat' dir='ltr'>praesen-</span> 
     </span>
     <span class='ocr_line' id='line_1_9' title="bbox 337 824 1731 887; baseline 0 -15"><span class='ocrx_word' id='word_1_67' title='bbox 337 828 418 880; x_wconf 84' lang='lat' dir='ltr'>tia,</span> <span class='ocrx_word' id='word_1_68' title='bbox 450 827 733 870; x_wconf 76' lang='lat' dir='ltr'>verumetiam</span> <span class='ocrx_word' id='word_1_69' title='bbox 763 824 913 869; x_wconf 86' lang='lat' dir='ltr'>futura</span> <span class='ocrx_word' id='word_1_70' title='bbox 952 825 1202 884; x_wconf 75' lang='lat' dir='ltr'>praescisse?</span> <span class='ocrx_word' id='word_1_71' title='bbox 1230 826 1415 870; x_wconf 77' lang='lat' dir='ltr'>Maxime</span> <span class='ocrx_word' id='word_1_72' title='bbox 1447 827 1550 887; x_wconf 89' lang='lat' dir='ltr'>quia</span> <span class='ocrx_word' id='word_1_73' title='bbox 1583 828 1664 872; x_wconf 89' lang='lat' dir='ltr'>iste</span> <span class='ocrx_word' id='word_1_74' title='bbox 1685 829 1731 872; x_wconf 88' lang='lat' dir='ltr'>in</span> 
     </span>
     <span class='ocr_line' id='line_1_10' title="bbox 338 895 1732 956; baseline 0.001 -14"><span class='ocrx_word' id='word_1_75' title='bbox 338 914 433 942; x_wconf 86' lang='lat' dir='ltr'>eam</span> <span class='ocrx_word' id='word_1_76' title='bbox 455 913 498 942; x_wconf 90' lang='lat' dir='ltr'>se</span> <span class='ocrx_word' id='word_1_77' title='bbox 522 896 806 956; x_wconf 71' lang='lat' dir='ltr'>praecipitavit</span> <span class='ocrx_word' id='word_1_78' title='bbox 830 895 1017 940; x_wconf 85' lang='lat' dir='ltr'>mirabili</span> <span class='ocrx_word' id='word_1_79' title='bbox 1039 896 1232 940; x_wconf 77' lang='lat' dir='ltr'>caecitate</span> <span class='ocrx_word' id='word_1_80' title='bbox 1259 898 1518 941; x_wconf 87' lang='lat' dir='ltr'>sententiam</span> <span class='ocrx_word' id='word_1_81' title='bbox 1535 933 1546 953; x_wconf 88' lang='lat'>‚</span> <span class='ocrx_word' id='word_1_82' title='bbox 1577 908 1628 942; x_wconf 92' lang='lat' dir='ltr'>ut</span> <span class='ocrx_word' id='word_1_83' title='bbox 1661 898 1732 943; x_wconf 89' lang='lat' dir='ltr'>di-</span> 
     </span>
     <span class='ocr_line' id='line_1_11' title="bbox 338 968 1734 1027; baseline 0.001 -13"><span class='ocrx_word' id='word_1_84' title='bbox 338 978 455 1014; x_wconf 86' lang='lat' dir='ltr'>ceret</span> <span class='ocrx_word' id='word_1_85' title='bbox 480 988 489 1013; x_wconf 72' lang='grc' dir='ltr'>ε</span> <span class='ocrx_word' id='word_1_86' title='bbox 519 970 693 1013; x_wconf 88' lang='lat' dir='ltr'>«Nemo</span> <span class='ocrx_word' id='word_1_87' title='bbox 717 968 796 1011; x_wconf 80' lang='lat' dir='ltr'>nisi</span> <span class='ocrx_word' id='word_1_88' title='bbox 819 968 995 1027; x_wconf 88' lang='lat' dir='ltr'>ignarus</span> <span class='ocrx_word' id='word_1_89' title='bbox 1018 968 1258 1026; x_wconf 87' lang='lat' dir='ltr'>interrogat</span> <span class='ocrx_word' id='word_1_90' title='bbox 1275 969 1293 1010; x_wconf 75' lang='lat'>‘3</span> <span class='ocrx_word' id='word_1_91' title='bbox 1312 969 1395 1013; x_wconf 88' lang='lat' dir='ltr'>Ubi</span> <span class='ocrx_word' id='word_1_92' title='bbox 1423 970 1613 1027; x_wconf 83' lang='lat' dir='ltr'>cogitare</span> <span class='ocrx_word' id='word_1_93' title='bbox 1645 987 1734 1016; x_wconf 91' lang='lat' dir='ltr'>non</span> 
     </span>
     <span class='ocr_line' id='line_1_12' title="bbox 340 1039 1735 1100; baseline 0.001 -16"><span class='ocrx_word' id='word_1_94' title='bbox 340 1040 511 1100; x_wconf 82' lang='lat' dir='ltr'>potuit,</span> <span class='ocrx_word' id='word_1_95' title='bbox 547 1040 717 1099; x_wconf 86' lang='lat' dir='ltr'>quoties</span> <span class='ocrx_word' id='word_1_96' title='bbox 740 1039 936 1084; x_wconf 88' lang='lat' dir='ltr'>Christus</span> <span class='ocrx_word' id='word_1_97' title='bbox 959 1039 1305 1097; x_wconf 84' lang='lat' dir='ltr'>interrogaverit.</span> <span class='ocrx_word' id='word_1_98' title='bbox 1330 1059 1348 1080; x_wconf 72' lang='grc' dir='ltr'><strong>υ</strong></span> <span class='ocrx_word' id='word_1_99' title='bbox 1375 1044 1443 1084; x_wconf 86' lang='lat' dir='ltr'>An</span> <span class='ocrx_word' id='word_1_100' title='bbox 1472 1056 1560 1086; x_wconf 91' lang='lat' dir='ltr'>non</span> <span class='ocrx_word' id='word_1_101' title='bbox 1599 1042 1735 1086; x_wconf 88' lang='lat' dir='ltr'>inter-</span> 
     </span>
     <span class='ocr_line' id='line_1_13' title="bbox 336 1110 1734 1173; baseline 0.002 -18"><span class='ocrx_word' id='word_1_102' title='bbox 336 1121 461 1170; x_wconf 81' lang='lat' dir='ltr'>rogat</span> <span class='ocrx_word' id='word_1_103' title='bbox 483 1112 558 1171; x_wconf 86' lang='lat' dir='ltr'>qui</span> <span class='ocrx_word' id='word_1_104' title='bbox 582 1110 718 1156; x_wconf 87' lang='lat' dir='ltr'>dicit:</span> <span class='ocrx_word' id='word_1_105' title='bbox 749 1111 903 1164; x_wconf 89' lang='lat' dir='ltr'>«Quid</span> <span class='ocrx_word' id='word_1_106' title='bbox 932 1111 1056 1155; x_wconf 88' lang='lat' dir='ltr'>vobis</span> <span class='ocrx_word' id='word_1_107' title='bbox 1087 1111 1257 1155; x_wconf 87' lang='lat' dir='ltr'>videtur</span> <span class='ocrx_word' id='word_1_108' title='bbox 1289 1111 1343 1155; x_wconf 92' lang='lat' dir='ltr'>de</span> <span class='ocrx_word' id='word_1_109' title='bbox 1375 1113 1578 1157; x_wconf 75' lang='lat' dir='ltr'>Christo?</span> <span class='ocrx_word' id='word_1_110' title='bbox 1610 1114 1734 1173; x_wconf 88' lang='lat' dir='ltr'>cujus</span> 
     </span>
     <span class='ocr_line' id='line_1_14' title="bbox 345 1180 1735 1236; baseline 0.004 -13"><span class='ocrx_word' id='word_1_111' title='bbox 345 1201 364 1224; x_wconf 87' lang='lat'>»</span> <span class='ocrx_word' id='word_1_112' title='bbox 390 1191 453 1226; x_wconf 88' lang='lat' dir='ltr'>est</span> <span class='ocrx_word' id='word_1_113' title='bbox 473 1181 648 1225; x_wconf 67' lang='lat' dir='ltr'>fitius2i&gt;</span> <span class='ocrx_word' id='word_1_114' title='bbox 666 1200 685 1221; x_wconf 74' lang='lat' dir='ltr'>n</span> <span class='ocrx_word' id='word_1_115' title='bbox 712 1181 829 1235; x_wconf 88' lang='lat' dir='ltr'>Quid</span> <span class='ocrx_word' id='word_1_116' title='bbox 848 1182 930 1226; x_wconf 90' lang='lat' dir='ltr'>hoc</span> <span class='ocrx_word' id='word_1_117' title='bbox 958 1181 1206 1226; x_wconf 89' lang='lat' dir='ltr'>testimonio</span> <span class='ocrx_word' id='word_1_118' title='bbox 1233 1180 1530 1227; x_wconf 75' lang='lat' dir='ltr'>manifestius?</span> <span class='ocrx_word' id='word_1_119' title='bbox 1549 1182 1679 1236; x_wconf 88' lang='lat' dir='ltr'>Quod</span> <span class='ocrx_word' id='word_1_120' title='bbox 1701 1184 1735 1228; x_wconf 94' lang='lat' dir='ltr'>si</span> 
     </span>
     <span class='ocr_line' id='line_1_15' title="bbox 340 1252 1734 1314; baseline 0.001 -16"><span class='ocrx_word' id='word_1_121' title='bbox 340 1254 523 1299; x_wconf 88' lang='lat' dir='ltr'>nimium</span> <span class='ocrx_word' id='word_1_122' title='bbox 537 1253 673 1297; x_wconf 90' lang='lat' dir='ltr'>durus</span> <span class='ocrx_word' id='word_1_123' title='bbox 688 1262 768 1307; x_wconf 91' lang='lat' dir='ltr'>est,</span> <span class='ocrx_word' id='word_1_124' title='bbox 789 1252 1005 1313; x_wconf 85' lang='lat' dir='ltr'>numquid</span> <span class='ocrx_word' id='word_1_125' title='bbox 1027 1253 1157 1297; x_wconf 89' lang='lat' dir='ltr'>etiam</span> <span class='ocrx_word' id='word_1_126' title='bbox 1177 1253 1238 1296; x_wconf 87' lang='lat' dir='ltr'>ibi</span> <span class='ocrx_word' id='word_1_127' title='bbox 1253 1253 1427 1311; x_wconf 82' lang='lat' dir='ltr'>negabit</span> <span class='ocrx_word' id='word_1_128' title='bbox 1446 1253 1734 1314; x_wconf 68' lang='lat' dir='ltr'>interrogasse</span> 
     </span>
     <span class='ocr_line' id='line_1_16' title="bbox 340 1323 1732 1383; baseline -0.001 -12"><span class='ocrx_word' id='word_1_129' title='bbox 340 1326 581 1373; x_wconf 63' lang='lat' dir='ltr'>Christum„</span> <span class='ocrx_word' id='word_1_130' title='bbox 607 1324 683 1367; x_wconf 87' lang='lat' dir='ltr'>ubi</span> <span class='ocrx_word' id='word_1_131' title='bbox 712 1340 754 1368; x_wconf 89' lang='lat' dir='ltr'>se</span> <span class='ocrx_word' id='word_1_132' title='bbox 777 1324 866 1383; x_wconf 89' lang='lat' dir='ltr'>ipse</span> <span class='ocrx_word' id='word_1_133' title='bbox 892 1324 1158 1382; x_wconf 77' lang='lat' dir='ltr'>interrogare</span> <span class='ocrx_word' id='word_1_134' title='bbox 1181 1332 1381 1378; x_wconf 85' lang='lat' dir='ltr'>testatur,</span> <span class='ocrx_word' id='word_1_135' title='bbox 1408 1323 1583 1369; x_wconf 87' lang='lat' dir='ltr'>dicens:</span> <span class='ocrx_word' id='word_1_136' title='bbox 1614 1344 1634 1367; x_wconf 92' lang='lat'>«</span> <span class='ocrx_word' id='word_1_137' title='bbox 1656 1329 1732 1370; x_wconf 87' lang='lat' dir='ltr'>In-</span> 
     </span>
     <span class='ocr_line' id='line_1_17' title="bbox 346 1395 1737 1455; baseline 0.003 -18"><span class='ocrx_word' id='word_1_138' title='bbox 346 1416 366 1438; x_wconf 90' lang='lat'>»</span> <span class='ocrx_word' id='word_1_139' title='bbox 392 1398 620 1455; x_wconf 88' lang='lat' dir='ltr'>terrogabo</span> <span class='ocrx_word' id='word_1_140' title='bbox 642 1411 717 1440; x_wconf 92' lang='lat' dir='ltr'>vos</span> <span class='ocrx_word' id='word_1_141' title='bbox 740 1405 782 1440; x_wconf 91' lang='lat' dir='ltr'>et</span> <span class='ocrx_word' id='word_1_142' title='bbox 797 1411 878 1454; x_wconf 81' lang='lat' dir='ltr'>ego</span> <span class='ocrx_word' id='word_1_143' title='bbox 894 1410 1033 1439; x_wconf 89' lang='lat' dir='ltr'>unum</span> <span class='ocrx_word' id='word_1_144' title='bbox 1056 1409 1320 1449; x_wconf 80' lang='lat' dir='ltr'>sermonem,</span> <span class='ocrx_word' id='word_1_145' title='bbox 1345 1410 1478 1454; x_wconf 85' lang='lat' dir='ltr'>quem</span> <span class='ocrx_word' id='word_1_146' title='bbox 1494 1395 1528 1438; x_wconf 91' lang='lat' dir='ltr'>si</span> <span class='ocrx_word' id='word_1_147' title='bbox 1546 1396 1737 1441; x_wconf 85' lang='lat' dir='ltr'>dixeritis</span> 
     </span>
     <span class='ocr_line' id='line_1_18' title="bbox 348 1466 1733 1526; baseline 0.003 -18"><span class='ocrx_word' id='word_1_148' title='bbox 348 1486 368 1509; x_wconf 89' lang='lat'>»</span> <span class='ocrx_word' id='word_1_149' title='bbox 394 1468 519 1522; x_wconf 86' lang='lat' dir='ltr'>mihi,</span> <span class='ocrx_word' id='word_1_150' title='bbox 545 1477 587 1510; x_wconf 86' lang='lat' dir='ltr'>et</span> <span class='ocrx_word' id='word_1_151' title='bbox 608 1482 688 1526; x_wconf 85' lang='lat' dir='ltr'>ego</span> <span class='ocrx_word' id='word_1_152' title='bbox 708 1467 830 1510; x_wconf 90' lang='lat' dir='ltr'>vobis</span> <span class='ocrx_word' id='word_1_153' title='bbox 849 1466 1008 1519; x_wconf 86' lang='lat' dir='ltr'>dicam,</span> <span class='ocrx_word' id='word_1_154' title='bbox 1038 1466 1082 1508; x_wconf 89' lang='lat' dir='ltr'>in</span> <span class='ocrx_word' id='word_1_155' title='bbox 1112 1481 1199 1525; x_wconf 88' lang='lat' dir='ltr'>qua</span> <span class='ocrx_word' id='word_1_156' title='bbox 1222 1474 1434 1523; x_wconf 86' lang='lat' dir='ltr'>potestate</span> <span class='ocrx_word' id='word_1_157' title='bbox 1463 1468 1558 1512; x_wconf 84' lang='lat' dir='ltr'>haec</span> <span class='ocrx_word' id='word_1_158' title='bbox 1589 1467 1702 1512; x_wconf 85' lang='lat' dir='ltr'>facio</span> <span class='ocrx_word' id='word_1_159' title='bbox 1724 1487 1733 1512; x_wconf 93' lang='lat'>:</span> 
     </span>
     <span class='ocr_line' id='line_1_19' title="bbox 345 1535 1734 1597; baseline 0.001 -19"><span class='ocrx_word' id='word_1_160' title='bbox 345 1558 364 1579; x_wconf 84' lang='lat'>»</span> <span class='ocrx_word' id='word_1_161' title='bbox 391 1538 610 1597; x_wconf 89' lang='lat' dir='ltr'>Baptisma</span> <span class='ocrx_word' id='word_1_162' title='bbox 625 1538 802 1581; x_wconf 89' lang='lat' dir='ltr'>Joannis</span> <span class='ocrx_word' id='word_1_163' title='bbox 817 1536 934 1581; x_wconf 89' lang='lat' dir='ltr'>unde</span> <span class='ocrx_word' id='word_1_164' title='bbox 951 1545 1058 1591; x_wconf 86' lang='lat' dir='ltr'>erat,</span> <span class='ocrx_word' id='word_1_165' title='bbox 1075 1550 1098 1579; x_wconf 87' lang='lat' dir='ltr'>e</span> <span class='ocrx_word' id='word_1_166' title='bbox 1111 1535 1241 1590; x_wconf 84' lang='lat' dir='ltr'>coelo,</span> <span class='ocrx_word' id='word_1_167' title='bbox 1259 1552 1314 1582; x_wconf 89' lang='lat' dir='ltr'>an</span> <span class='ocrx_word' id='word_1_168' title='bbox 1332 1552 1382 1581; x_wconf 88' lang='lat' dir='ltr'>ex</span> <span class='ocrx_word' id='word_1_169' title='bbox 1400 1538 1652 1582; x_wconf 88' lang='lat' dir='ltr'>hominibus</span> <span class='ocrx_word' id='word_1_170' title='bbox 1665 1540 1734 1581; x_wconf 78' lang='lat'>3?»</span> 
     </span>
     <span class='ocr_line' id='line_1_20' title="bbox 350 1607 1742 1668; baseline 0 -14"><span class='ocrx_word' id='word_1_171' title='bbox 350 1610 431 1654; x_wconf 90' lang='lat' dir='ltr'>Ubi</span> <span class='ocrx_word' id='word_1_172' title='bbox 452 1624 570 1652; x_wconf 90' lang='lat' dir='ltr'>nunc</span> <span class='ocrx_word' id='word_1_173' title='bbox 592 1624 635 1652; x_wconf 91' lang='lat' dir='ltr'>se</span> <span class='ocrx_word' id='word_1_174' title='bbox 658 1607 896 1653; x_wconf 85' lang='lat' dir='ltr'>abscondet</span> <span class='ocrx_word' id='word_1_175' title='bbox 914 1607 1243 1668; x_wconf 87' lang='lat' dir='ltr'>loquacissimus</span> <span class='ocrx_word' id='word_1_176' title='bbox 1260 1617 1412 1653; x_wconf 86' lang='lat' dir='ltr'>contra</span> <span class='ocrx_word' id='word_1_177' title='bbox 1429 1612 1565 1653; x_wconf 86' lang='lat' dir='ltr'>Deum</span> <span class='ocrx_word' id='word_1_178' title='bbox 1585 1620 1628 1654; x_wconf 91' lang='lat' dir='ltr'>et</span> <span class='ocrx_word' id='word_1_179' title='bbox 1643 1608 1742 1654; x_wconf 89' lang='lat' dir='ltr'>des-</span> 
     </span>
     <span class='ocr_line' id='line_1_21' title="bbox 350 1679 1742 1742; baseline 0 -17"><span class='ocrx_word' id='word_1_180' title='bbox 350 1681 640 1742; x_wconf 87' lang='lat' dir='ltr'>peratissimus</span> <span class='ocrx_word' id='word_1_181' title='bbox 656 1679 932 1740; x_wconf 81' lang='lat' dir='ltr'>disputator?</span> <span class='ocrx_word' id='word_1_182' title='bbox 954 1681 1031 1724; x_wconf 88' lang='lat' dir='ltr'>ubi</span> <span class='ocrx_word' id='word_1_183' title='bbox 1046 1689 1109 1725; x_wconf 91' lang='lat' dir='ltr'>est</span> <span class='ocrx_word' id='word_1_184' title='bbox 1127 1680 1247 1740; x_wconf 89' lang='lat' dir='ltr'>quod</span> <span class='ocrx_word' id='word_1_185' title='bbox 1262 1681 1321 1724; x_wconf 91' lang='lat' dir='ltr'>ait</span> <span class='ocrx_word' id='word_1_186' title='bbox 1339 1699 1348 1725; x_wconf 75' lang='grc' dir='ltr'>ε</span> <span class='ocrx_word' id='word_1_187' title='bbox 1369 1683 1507 1726; x_wconf 88' lang='lat' dir='ltr'>Nemo</span> <span class='ocrx_word' id='word_1_188' title='bbox 1525 1682 1606 1726; x_wconf 87' lang='lat' dir='ltr'>nisi</span> <span class='ocrx_word' id='word_1_189' title='bbox 1624 1682 1742 1741; x_wconf 88' lang='lat' dir='ltr'>igna-</span> 
     </span>
     <span class='ocr_line' id='line_1_22' title="bbox 351 1751 1740 1811; baseline 0 -15"><span class='ocrx_word' id='word_1_190' title='bbox 351 1768 422 1796; x_wconf 90' lang='lat' dir='ltr'>rus</span> <span class='ocrx_word' id='word_1_191' title='bbox 444 1753 717 1811; x_wconf 74' lang='lat' dir='ltr'>interrogat?</span> <span class='ocrx_word' id='word_1_192' title='bbox 743 1754 855 1796; x_wconf 91' lang='lat' dir='ltr'>Ecce</span> <span class='ocrx_word' id='word_1_193' title='bbox 877 1751 1074 1796; x_wconf 89' lang='lat' dir='ltr'>Christus</span> <span class='ocrx_word' id='word_1_194' title='bbox 1098 1751 1274 1810; x_wconf 91' lang='lat' dir='ltr'>ignarus</span> <span class='ocrx_word' id='word_1_195' title='bbox 1309 1767 1399 1795; x_wconf 89' lang='lat' dir='ltr'>non</span> <span class='ocrx_word' id='word_1_196' title='bbox 1423 1761 1510 1808; x_wconf 83' lang='lat' dir='ltr'>est,</span> <span class='ocrx_word' id='word_1_197' title='bbox 1536 1761 1578 1796; x_wconf 92' lang='lat' dir='ltr'>et</span> <span class='ocrx_word' id='word_1_198' title='bbox 1595 1761 1740 1796; x_wconf 88' lang='lat' dir='ltr'>tamen</span> 
     </span>
     <span class='ocr_line' id='line_1_23' title="bbox 350 1822 1743 1882; baseline 0 -14"><span class='ocrx_word' id='word_1_199' title='bbox 350 1825 601 1882; x_wconf 86' lang='lat' dir='ltr'>interrogat.</span> <span class='ocrx_word' id='word_1_200' title='bbox 644 1823 718 1867; x_wconf 90' lang='lat' dir='ltr'>His</span> <span class='ocrx_word' id='word_1_201' title='bbox 753 1838 910 1882; x_wconf 84' lang='lat' dir='ltr'>nempe</span> <span class='ocrx_word' id='word_1_202' title='bbox 945 1822 1081 1867; x_wconf 90' lang='lat' dir='ltr'>oeulis</span> <span class='ocrx_word' id='word_1_203' title='bbox 1120 1823 1401 1882; x_wconf 87' lang='lat' dir='ltr'>reprehendit</span> <span class='ocrx_word' id='word_1_204' title='bbox 1427 1824 1743 1882; x_wconf 85' lang='lat' dir='ltr'>Prophetarum</span> 
     </span>
     <span class='ocr_line' id='line_1_24' title="bbox 351 1894 1746 1956; baseline 0 -16"><span class='ocrx_word' id='word_1_205' title='bbox 351 1898 508 1951; x_wconf 84' lang='lat' dir='ltr'>Deum,</span> <span class='ocrx_word' id='word_1_206' title='bbox 534 1895 693 1956; x_wconf 85' lang='lat' dir='ltr'>quibus</span> <span class='ocrx_word' id='word_1_207' title='bbox 711 1910 800 1939; x_wconf 90' lang='lat' dir='ltr'>non</span> <span class='ocrx_word' id='word_1_208' title='bbox 821 1894 941 1938; x_wconf 92' lang='lat' dir='ltr'>videt</span> <span class='ocrx_word' id='word_1_209' title='bbox 955 1894 1193 1939; x_wconf 91' lang='lat' dir='ltr'>Christum.</span> <span class='ocrx_word' id='word_1_210' title='bbox 1216 1894 1300 1939; x_wconf 90' lang='lat' dir='ltr'>Sed</span> <span class='ocrx_word' id='word_1_211' title='bbox 1317 1894 1359 1938; x_wconf 91' lang='lat' dir='ltr'>in</span> <span class='ocrx_word' id='word_1_212' title='bbox 1384 1894 1541 1940; x_wconf 84' lang='lat' dir='ltr'>talibus</span> <span class='ocrx_word' id='word_1_213' title='bbox 1560 1896 1746 1940; x_wconf 89' lang='lat' dir='ltr'>interro-</span> 
     </span>
     <span class='ocr_line' id='line_1_25' title="bbox 355 1964 1747 2026; baseline 0.001 -16"><span class='ocrx_word' id='word_1_214' title='bbox 355 1966 603 2026; x_wconf 84' lang='lat' dir='ltr'>gationibus</span> <span class='ocrx_word' id='word_1_215' title='bbox 626 1965 892 2025; x_wconf 86' lang='lat' dir='ltr'>apertissime</span> <span class='ocrx_word' id='word_1_216' title='bbox 916 1964 1068 2009; x_wconf 83' lang='lat' dir='ltr'>doctor</span> <span class='ocrx_word' id='word_1_217' title='bbox 1096 1974 1160 2008; x_wconf 91' lang='lat' dir='ltr'>est</span> <span class='ocrx_word' id='word_1_218' title='bbox 1181 1965 1393 2010; x_wconf 87' lang='lat' dir='ltr'>Christus.</span> <span class='ocrx_word' id='word_1_219' title='bbox 1424 1968 1474 2009; x_wconf 92' lang='lat' dir='ltr'>ln</span> <span class='ocrx_word' id='word_1_220' title='bbox 1504 1966 1570 2010; x_wconf 91' lang='lat' dir='ltr'>his</span> <span class='ocrx_word' id='word_1_221' title='bbox 1600 1975 1747 2011; x_wconf 88' lang='lat' dir='ltr'>autem</span> 
     </span>
     <span class='ocr_line' id='line_1_26' title="bbox 351 2036 1745 2099; baseline -0.003 -17"><span class='ocrx_word' id='word_1_222' title='bbox 351 2037 530 2099; x_wconf 89' lang='lat' dir='ltr'>quando</span> <span class='ocrx_word' id='word_1_223' title='bbox 545 2038 603 2082; x_wconf 88' lang='lat' dir='ltr'>ait</span> <span class='ocrx_word' id='word_1_224' title='bbox 621 2057 630 2082; x_wconf 75' lang='grc' dir='ltr'><strong><em>ι</em></strong></span> <span class='ocrx_word' id='word_1_225' title='bbox 651 2038 768 2081; x_wconf 88' lang='lat' dir='ltr'>«Ubi</span> <span class='ocrx_word' id='word_1_226' title='bbox 789 2036 989 2096; x_wconf 77' lang='lat' dir='ltr'>posuistis</span> <span class='ocrx_word' id='word_1_227' title='bbox 1002 2052 1103 2080; x_wconf 88' lang='lat' dir='ltr'>eum</span> <span class='ocrx_word' id='word_1_228' title='bbox 1118 2037 1166 2079; x_wconf 73' lang='lat'>4?</span> <span class='ocrx_word' id='word_1_229' title='bbox 1185 2054 1204 2077; x_wconf 93' lang='lat'>»</span> <span class='ocrx_word' id='word_1_230' title='bbox 1222 2045 1281 2091; x_wconf 83' lang='lat' dir='ltr'>et,</span> <span class='ocrx_word' id='word_1_231' title='bbox 1301 2037 1437 2090; x_wconf 88' lang='lat' dir='ltr'>«Quis</span> <span class='ocrx_word' id='word_1_232' title='bbox 1450 2052 1520 2081; x_wconf 90' lang='lat' dir='ltr'>me</span> <span class='ocrx_word' id='word_1_233' title='bbox 1537 2038 1660 2097; x_wconf 86' lang='lat' dir='ltr'>tetigi</span> <span class='ocrx_word' id='word_1_234' title='bbox 1673 2040 1688 2064; x_wconf 84' lang='lat'>⁵</span> <span class='ocrx_word' id='word_1_235' title='bbox 1701 2039 1745 2082; x_wconf 69' lang='lat' dir='ltr'>P»</span> 
     </span>
     <span class='ocr_line' id='line_1_27' title="bbox 356 2106 1751 2169; baseline -0.001 -15"><span class='ocrx_word' id='word_1_236' title='bbox 356 2120 399 2154; x_wconf 89' lang='lat' dir='ltr'>et</span> <span class='ocrx_word' id='word_1_237' title='bbox 420 2110 453 2153; x_wconf 90' lang='lat' dir='ltr'>si</span> <span class='ocrx_word' id='word_1_238' title='bbox 475 2109 583 2169; x_wconf 86' lang='lat' dir='ltr'>quid</span> <span class='ocrx_word' id='word_1_239' title='bbox 606 2108 761 2154; x_wconf 83' lang='lat' dir='ltr'>dixisse</span> <span class='ocrx_word' id='word_1_240' title='bbox 784 2106 1034 2169; x_wconf 87' lang='lat' dir='ltr'>hujusmodi</span> <span class='ocrx_word' id='word_1_241' title='bbox 1053 2108 1215 2166; x_wconf 87' lang='lat' dir='ltr'>legitur</span> <span class='ocrx_word' id='word_1_242' title='bbox 1230 2143 1240 2162; x_wconf 80' lang='lat'><strong>‚</strong></span> <span class='ocrx_word' id='word_1_243' title='bbox 1270 2108 1444 2152; x_wconf 87' lang='lat' dir='ltr'>videtur</span> <span class='ocrx_word' id='word_1_244' title='bbox 1475 2108 1621 2153; x_wconf 89' lang='lat' dir='ltr'>doceri</span> <span class='ocrx_word' id='word_1_245' title='bbox 1637 2108 1751 2153; x_wconf 86' lang='lat' dir='ltr'>velle</span> 
     </span>
     <span class='ocr_line' id='line_1_28' title="bbox 356 2179 1752 2241; baseline -0.001 -16"><span class='ocrx_word' id='word_1_246' title='bbox 356 2180 478 2241; x_wconf 86' lang='lat' dir='ltr'>quod</span> <span class='ocrx_word' id='word_1_247' title='bbox 501 2180 649 2235; x_wconf 74' lang='lat' dir='ltr'>nescit,</span> <span class='ocrx_word' id='word_1_248' title='bbox 676 2190 718 2224; x_wconf 90' lang='lat' dir='ltr'>et</span> <span class='ocrx_word' id='word_1_249' title='bbox 740 2189 885 2224; x_wconf 90' lang='lat' dir='ltr'>tamen</span> <span class='ocrx_word' id='word_1_250' title='bbox 903 2180 997 2224; x_wconf 90' lang='lat' dir='ltr'>seit.</span> <span class='ocrx_word' id='word_1_251' title='bbox 1027 2179 1094 2224; x_wconf 87' lang='lat' dir='ltr'>Sic</span> <span class='ocrx_word' id='word_1_252' title='bbox 1113 2194 1214 2237; x_wconf 87' lang='lat' dir='ltr'>ergo</span> <span class='ocrx_word' id='word_1_253' title='bbox 1236 2189 1279 2223; x_wconf 86' lang='lat' dir='ltr'>et</span> <span class='ocrx_word' id='word_1_254' title='bbox 1308 2181 1352 2223; x_wconf 91' lang='lat' dir='ltr'>in</span> <span class='ocrx_word' id='word_1_255' title='bbox 1380 2179 1464 2224; x_wconf 90' lang='lat' dir='ltr'>illis</span> <span class='ocrx_word' id='word_1_256' title='bbox 1495 2179 1615 2224; x_wconf 87' lang='lat' dir='ltr'>libris</span> <span class='ocrx_word' id='word_1_257' title='bbox 1638 2183 1752 2224; x_wconf 89' lang='lat' dir='ltr'>Deus</span> 
     </span>
     <span class='ocr_line' id='line_1_29' title="bbox 361 2249 1752 2313; baseline -0.001 -16"><span class='ocrx_word' id='word_1_258' title='bbox 361 2262 570 2313; x_wconf 87' lang='lat' dir='ltr'>tanquam</span> <span class='ocrx_word' id='word_1_259' title='bbox 590 2252 752 2297; x_wconf 91' lang='lat' dir='ltr'>oblitus</span> <span class='ocrx_word' id='word_1_260' title='bbox 775 2252 1053 2300; x_wconf 76' lang='lat' dir='ltr'>admonetur,</span> <span class='ocrx_word' id='word_1_261' title='bbox 1068 2249 1145 2296; x_wconf 91' lang='lat' dir='ltr'>sed</span> <span class='ocrx_word' id='word_1_262' title='bbox 1159 2260 1305 2296; x_wconf 88' lang='lat' dir='ltr'>tamen</span> <span class='ocrx_word' id='word_1_263' title='bbox 1318 2252 1430 2296; x_wconf 88' lang='lat' dir='ltr'>absit</span> <span class='ocrx_word' id='word_1_264' title='bbox 1444 2260 1493 2296; x_wconf 89' lang='lat' dir='ltr'>ut</span> <span class='ocrx_word' id='word_1_265' title='bbox 1510 2251 1752 2313; x_wconf 88' lang='lat' dir='ltr'>quidquam</span> 
     </span>
     <span class='ocr_line' id='line_1_30' title="bbox 366 2323 875 2385; baseline -0.002 -16"><span class='ocrx_word' id='word_1_266' title='bbox 366 2340 561 2385; x_wconf 87' lang='lat' dir='ltr'>unquam</span> <span class='ocrx_word' id='word_1_267' title='bbox 581 2323 875 2369; x_wconf 88' lang='lat' dir='ltr'>obliviscatur.</span> 
     </span>
    </p>

    <p class='ocr_par' dir='ltr' id='par_1_3' title="bbox 365 2392 1756 2528">
     <span class='ocr_line' id='line_1_31' title="bbox 423 2392 1756 2455; baseline -0.002 -15"><span class='ocrx_word' id='word_1_268' title='bbox 423 2398 582 2441; x_wconf 83' lang='lat' dir='ltr'>XLIV.</span> <span class='ocrx_word' id='word_1_269' title='bbox 610 2394 727 2449; x_wconf 88' lang='lat' dir='ltr'>Quid</span> <span class='ocrx_word' id='word_1_270' title='bbox 748 2394 857 2440; x_wconf 90' lang='lat' dir='ltr'>illud</span> <span class='ocrx_word' id='word_1_271' title='bbox 876 2395 1019 2455; x_wconf 92' lang='lat' dir='ltr'>ipsum</span> <span class='ocrx_word' id='word_1_272' title='bbox 1040 2394 1160 2455; x_wconf 86' lang='lat' dir='ltr'>quod</span> <span class='ocrx_word' id='word_1_273' title='bbox 1180 2393 1287 2438; x_wconf 83' lang='lat' dir='ltr'>dixit</span> <span class='ocrx_word' id='word_1_274' title='bbox 1302 2395 1512 2439; x_wconf 79' lang='lat' dir='ltr'>Dominus</span> <span class='ocrx_word' id='word_1_275' title='bbox 1527 2392 1756 2454; x_wconf 88' lang='lat' dir='ltr'>Discipulis</span> 
     </span>
     <span class='ocr_line' id='line_1_32' title="bbox 365 2465 1754 2528; baseline -0.002 -17"><span class='ocrx_word' id='word_1_276' title='bbox 365 2468 449 2511; x_wconf 91' lang='lat' dir='ltr'>suis</span> <span class='ocrx_word' id='word_1_277' title='bbox 466 2487 476 2512; x_wconf 72' lang='grc' dir='ltr'>ι</span> <span class='ocrx_word' id='word_1_278' title='bbox 500 2467 745 2525; x_wconf 80' lang='lat' dir='ltr'>«Gaudete,</span> <span class='ocrx_word' id='word_1_279' title='bbox 762 2468 864 2528; x_wconf 88' lang='lat' dir='ltr'>quia</span> <span class='ocrx_word' id='word_1_280' title='bbox 879 2467 1054 2512; x_wconf 88' lang='lat' dir='ltr'>nomina</span> <span class='ocrx_word' id='word_1_281' title='bbox 1066 2476 1206 2511; x_wconf 88' lang='lat' dir='ltr'>vestra</span> <span class='ocrx_word' id='word_1_282' title='bbox 1219 2467 1376 2526; x_wconf 86' lang='lat' dir='ltr'>scripta</span> <span class='ocrx_word' id='word_1_283' title='bbox 1389 2467 1547 2511; x_wconf 89' lang='lat' dir='ltr'>suntin</span> <span class='ocrx_word' id='word_1_284' title='bbox 1559 2465 1754 2522; x_wconf 80' lang='lat' dir='ltr'>coelis⁶‚»</span> 
     </span>
    </p>
   </div>
   <div class='ocr_carea' id='block_1_3' title="bbox 373 2567 1758 2664">
    <p class='ocr_par' dir='ltr' id='par_1_4' title="bbox 373 2567 1758 2664">
     <span class='ocr_line' id='line_1_33' title="bbox 419 2567 1758 2611; baseline 0.001 -11"><span class='ocrx_word' id='word_1_285' title='bbox 419 2576 426 2591; x_wconf 85' lang='lat'>¹</span> <span class='ocrx_word' id='word_1_286' title='bbox 447 2571 537 2601; x_wconf 83' lang='lat' dir='ltr'>Joan.</span> <span class='ocrx_word' id='word_1_287' title='bbox 555 2581 598 2609; x_wconf 80' lang='lat' dir='ltr'>xi,</span> <span class='ocrx_word' id='word_1_288' title='bbox 614 2569 668 2611; x_wconf 68' lang='grc'>34.</span> <span class='ocrx_word' id='word_1_289' title='bbox 686 2577 749 2592; x_wconf 75' lang='lat'>—2</span> <span class='ocrx_word' id='word_1_290' title='bbox 770 2569 885 2602; x_wconf 81' lang='lat' dir='ltr'>Matth.</span> <span class='ocrx_word' id='word_1_291' title='bbox 905 2580 983 2608; x_wconf 80' lang='lat' dir='ltr'>xxii,</span> <span class='ocrx_word' id='word_1_292' title='bbox 1001 2568 1043 2610; x_wconf 72' lang='lat'>42</span> <span class='ocrx_word' id='word_1_293' title='bbox 1058 2587 1101 2594; x_wconf 90' lang='lat'><strong>—</strong></span> <span class='ocrx_word' id='word_1_294' title='bbox 1119 2567 1131 2593; x_wconf 86' lang='lat'><strong>3</strong></span> <span class='ocrx_word' id='word_1_295' title='bbox 1148 2569 1196 2602; x_wconf 91' lang='lat' dir='ltr'>Id.</span> <span class='ocrx_word' id='word_1_296' title='bbox 1216 2581 1305 2610; x_wconf 74' lang='lat' dir='ltr'>xxiii,</span> <span class='ocrx_word' id='word_1_297' title='bbox 1323 2568 1379 2611; x_wconf 67' lang='lat'>24.</span> <span class='ocrx_word' id='word_1_298' title='bbox 1394 2569 1459 2599; x_wconf 79' lang='lat'>-4</span> <span class='ocrx_word' id='word_1_299' title='bbox 1479 2571 1571 2602; x_wconf 86' lang='lat' dir='ltr'>Joan.</span> <span class='ocrx_word' id='word_1_300' title='bbox 1592 2579 1637 2609; x_wconf 84' lang='lat' dir='ltr'>xi,</span> <span class='ocrx_word' id='word_1_301' title='bbox 1658 2568 1758 2610; x_wconf 78' lang='lat'>34.—</span> 
     </span>
     <span class='ocr_line' id='line_1_34' title="bbox 373 2624 939 2664; baseline 0.002 -9"><span class='ocrx_word' id='word_1_302' title='bbox 373 2624 386 2648; x_wconf 79' lang='lat'><strong><em>5</em></strong></span> <span class='ocrx_word' id='word_1_303' title='bbox 404 2627 510 2658; x_wconf 79' lang='lat' dir='ltr'>Marc.</span> <span class='ocrx_word' id='word_1_304' title='bbox 532 2638 565 2663; x_wconf 76' lang='lat' dir='ltr'>v,</span> <span class='ocrx_word' id='word_1_305' title='bbox 583 2627 635 2657; x_wconf 84' lang='lat'>31.</span> <span class='ocrx_word' id='word_1_306' title='bbox 651 2643 691 2648; x_wconf 92' lang='lat'><em>—</em></span> <span class='ocrx_word' id='word_1_307' title='bbox 705 2624 720 2647; x_wconf 83' lang='lat'>6</span> <span class='ocrx_word' id='word_1_308' title='bbox 739 2628 815 2658; x_wconf 88' lang='lat' dir='ltr'>Luc.</span> <span class='ocrx_word' id='word_1_309' title='bbox 834 2637 866 2664; x_wconf 82' lang='lat' dir='ltr'>x,</span> <span class='ocrx_word' id='word_1_310' title='bbox 885 2635 939 2659; x_wconf 77' lang='lat'>20.</span> 
     </span>
    </p>
   </div>
  </div>
 </body>
</html>
