1803 3250
335 180 413 217 208
770 189 801 214 s.
840 187 1070 216 Aucusnm
1106 190 1285 217 zmscom

330 262 452 313 putas
473 251 583 295 hanc
602 251 846 296 doctrinam
865 253 919 297 ad
939 253 1056 298 illam
1080 254 1309 298 veritatem
1332 255 1564 312 pertinere,
1590 271 1721 315 quam

328 338 402 382 per
445 321 654 379 Spiritum
689 332 886 367 sanctum
922 325 1118 369 Christus
1156 324 1378 384 promisit,
1416 325 1638 384 interrogo
1678 336 1720 370 te

326 402 435 451 quot
460 392 545 435 sint
567 391 717 438 stellae.
741 395 783 439 Si
808 396 1008 455 accepisti
1030 396 1237 455 Spiritum
1256 395 1398 450 illum,
1421 395 1475 439 de
1494 411 1582 455 quo
1595 396 1719 451 dicis,

324 462 378 506 ad
401 478 531 523 quern
556 466 745 524 pertinet
769 465 926 510 docere
955 467 1051 520 ista,
1078 483 1177 527 quae
1208 482 1286 524 ego
1315 467 1413 511 dico
1437 465 1491 510 ad
1525 466 1722 526 discipli-

324 549 425 578 nam
454 545 498 579 et
520 536 764 581 doctrinam
794 538 1071 582 christianam
1096 554 1185 582 non
1215 539 1453 598 pertinere3
1479 547 1653 596 oportet
1675 546 1724 582 ut

323 607 545 652 renunties
571 617 614 653 et
637 609 898 668 respondeas
922 611 1043 654 mihi.
1075 611 1326 655 Debitorem
1348 611 1462 655 enim
1490 620 1531 654 te
1554 609 1719 665 fecisti,

324 687 374 722 ut
395 678 428 722 si
451 678 559 739 quid
582 679 637 725 de
659 679 819 725 talibus
843 681 1167 739 interrogavero
1184 716 1194 736 ‚
1232 682 1267 725 si
1296 697 1384 725 non
1417 678 1690 739 responderis
1710 714 1721 734 ,

322 764 411 793 non
435 751 477 793 in
504 759 544 794 te
567 761 774 810 appareat
807 752 991 810 Spiritus
1025 750 1113 803 illc,
1145 751 1200 795 de
1223 767 1312 811 quo
1340 751 1507 795 dictum
1529 761 1591 795 est
1616 770 1623 796 :
1649 754 1725 794 ln-

324 821 456 865 ducet
476 822 520 865 in
539 837 712 867 omnem
737 824 963 866 veritatem
988 822 1050 867 :si
1070 822 1143 866 illa
1162 831 1225 866 est
1248 824 1404 868 veritas
1424 839 1514 883 quo
1533 824 1610 867 ista
1630 838 1726 881 par-

326 892 481 936 tinent.
513 896 667 952 Itaque
691 893 800 952 elige
821 894 897 937 tibi
921 903 1070 937 utrum
1094 892 1200 937 velis
1218 903 1260 938 et
1278 902 1455 953 paratus
1473 893 1528 936 sis
1549 894 1652 935 mihi
1669 894 1725 937 de

325 962 389 1006 his
413 963 542 1007 rebus
567 964 847 1023 respondere⁷
872 973 1083 1025 tanquam
1106 965 1239 1009 homo
1262 966 1338 1025 qui
1361 964 1563 1022 accepisti
1585 964 1725 1024 Spiri-

322 1042 415 1078 tum
440 1036 514 1096 qui
539 1036 779 1081 introducit
801 1039 845 1080 in
874 1052 1051 1081 omnem
1075 1037 1320 1091 veritatem,
1347 1045 1390 1080 et
1415 1035 1521 1080 dicis
1539 1035 1640 1096 quia
1670 1035 1726 1080 ad

320 1105 456 1164 ipsam
480 1107 703 1150 veritatem
736 1108 924 1165 pertinet
947 1109 1055 1152 scire
1087 1108 1165 1152 ista
1196 1107 1434 1152 mundana.
1468 1110 1622 1167 Itaque
1644 1122 1725 1166 ego

321 1175 399 1221 tibi
425 1193 601 1236 possunt
629 1194 679 1222 ea
701 1177 845 1222 dicere
869 1194 967 1238 quae
988 1180 1209 1237 pertinent
1232 1179 1287 1223 ad
1311 1179 1556 1223 doctrinam
1587 1178 1726 1223 chris-

320 1249 515 1294 tianam:
542 1259 592 1293 ut
614 1259 761 1294 autem
791 1250 868 1310 qui
891 1259 1018 1309 putas
1047 1248 1102 1293 ad
1133 1265 1225 1294 eam
1252 1251 1470 1309 pertinere
1500 1248 1726 1311 quomodo

318 1321 372 1366 sit
399 1321 540 1366 sactus
565 1322 783 1377 mundus,
817 1330 861 1365 et
889 1337 988 1380 quae
1009 1332 1193 1379 agantur
1218 1322 1261 1364 in
1283 1321 1467 1375 mundo,
1495 1319 1550 1364 ad
1578 1322 1726 1365 omnia

319 1393 426 1437 mihi
451 1409 623 1437 necesse
645 1402 708 1438 est
731 1392 1008 1453 respondeas.
1038 1392 1122 1437 Sed
1144 1393 1273 1452 plane
1294 1408 1395 1437 cum
1420 1391 1721 1451 responderis,

319 1464 586 1524 probaturus
607 1479 666 1508 es.
691 1464 775 1509 Sed
799 1473 1035 1525 antequam
1057 1464 1235 1523 incipias
1258 1463 1430 1519 dicere,
1456 1464 1489 1508 si
1512 1462 1623 1508 sorte
1643 1464 1725 1508 ha-

319 1534 395 1579 bes
417 1534 539 1594 quod
562 1534 636 1578 ille
661 1535 948 1590 confinxerit,
981 1550 1113 1595 quem
1133 1544 1307 1579 secutus
1329 1550 1398 1590 es,
1431 1535 1613 1579 doceam
1643 1549 1724 1594 ego

319 1607 437 1667 prius
464 1606 585 1667 quod
615 1607 826 1667 promisi,
852 1607 971 1650 unde
1007 1607 1182 1651 dicebat
1216 1606 1453 1666 Apostolus
1479 1626 1487 1651 2
1515 1610 1578 1651 Ex
1601 1616 1723 1665 parte

317 1679 494 1733 scimus,
521 1688 566 1723 et
587 1694 639 1723 ex
663 1687 785 1738 parte
807 1678 1137 1738 prophetamus.

376 1753 457 1796 XI.
489 1752 672 1796 Dicebat
689 1752 806 1796 enim
825 1788 836 1807 ‚
868 1752 981 1797 sicut
998 1751 1127 1797 lectio
1143 1752 1235 1812 ipsa
1251 1767 1350 1796 mox
1368 1751 1612 1796 indicatura
1628 1760 1716 1806 est,

318 1822 421 1882 quia
448 1823 495 1866 in
520 1823 610 1868 vita
634 1824 767 1868 homo
789 1839 890 1868 cum
921 1832 1007 1878 est,
1044 1839 1133 1868 non
1170 1832 1312 1882 potest
1346 1822 1518 1882 assequi
1546 1824 1720 1880 omnia;

319 1893 396 1938 sed
434 1902 557 1953 parte
591 1895 834 1954 assequitur
868 1895 913 1938 in
950 1895 1030 1939 hac
1069 1895 1156 1939 vita
1185 1913 1194 1939 ε
1226 1895 1317 1953 ipse
1353 1903 1502 1938 autem
1537 1893 1723 1953 Spiritus

320 1974 494 2010 sanctus
511 2001 522 2020 ,
547 1966 624 2027 qui
646 1981 696 2011 cx
714 1975 837 2026 parte
866 1965 994 2010 docet
1016 1965 1060 2009 in
1088 1966 1169 2010 hac
1194 1966 1304 2019 vita,
1336 1975 1428 2025 post
1451 1965 1565 2009 hanc
1589 1964 1721 2008 vitam

316 2037 567 2083 introducet
599 2039 646 2082 in
686 2054 863 2083 omnem
907 2038 1149 2082 veritatem.
1198 2038 1329 2092 Quod
1366 2047 1415 2083 ut
1453 2036 1723 2097 apertissime

319 2106 553 2164 doceatur,
579 2110 680 2154 audi
702 2109 981 2170 Apostolum.
1008 2113 1065 2154 Et
1087 2125 1187 2154 cum
1218 2110 1409 2165 diceret,
1436 2123 1488 2153 ex
1511 2107 1722 2168 Apostolo

318 2178 423 2240 legit
446 2201 455 2226 :
485 2201 504 2223 «
526 2182 624 2227 Sive
645 2191 793 2227 autem
814 2182 1057 2243 prophetiae
1079 2180 1427 2236 evacuabuntur,
1450 2180 1538 2225 sive
1560 2179 1723 2238 linguae

323 2267 345 2293 »
373 2254 621 2311 cessabunt,
657 2255 746 2301 sive
783 2255 960 2300 scicntia
995 2254 1279 2299 evacuabitur
1311 2273 1320 2300 :
1357 2269 1410 2298 ex
1442 2262 1565 2313 parte
1606 2251 1723 2296 enim

325 2340 346 2363 >›
372 2324 547 2382 scimus,
571 2336 615 2371 et
640 2342 694 2371 ex
718 2336 840 2387 parte
870 2327 1206 2387 prophetamus3
1239 2341 1340 2371 cum
1374 2335 1520 2370 autem
1554 2320 1723 2365 venerit

327 2411 348 2434 »
377 2397 499 2453 quod
522 2398 767 2452 perfeetum
805 2408 896 2450 est,
938 2397 1056 2452 quod
1090 2414 1140 2435 ex
1171 2407 1292 2451 parte
1321 2401 1382 2436 est
1419 2391 1717 2436 evacuabitur.

325 2481 346 2506 »
378 2465 493 2510 Cum
520 2479 654 2509 essem
680 2463 908 2525 parvulus,
933 2463 1145 2524 loquebar
1168 2473 1216 2507 ut
1239 2461 1444 2522 parvulus
1461 2498 1472 2518 ,
1498 2462 1720 2523 sapiebam

325 2553 347 2578 »
372 2535 496 2597 quasi
519 2534 741 2596 parvulus,
768 2533 1015 2596 cogitabam
1037 2534 1161 2596 quasi
1181 2534 1390 2595 parvulus
1415 2553 1425 2580 :
1451 2549 1553 2580 curn
1570 2543 1719 2579 autem
