1803 3250
353 201 439 243 446
786 210 817 235 s.
854 206 1085 237 Auensruu
1119 208 1299 237 13121500121

355 300 374 322 »
398 279 513 324 Patri
531 280 588 331 ¹,»
608 275 652 320 id
666 284 751 328 est,
772 289 872 319 cum
888 274 1138 335 perduxerit
1153 283 1325 319 sanctos
1342 287 1440 318 suos
1462 274 1517 318 ad
1538 283 1738 319 contem-

350 349 585 410 plationem
610 347 772 404 Patris,
798 347 950 408 utique
973 356 1015 391 et
1039 345 1093 391 ad
1117 360 1237 390 suam
1254 380 1265 400 ‚
1290 344 1534 390 secundum
1554 344 1599 389 id
1615 344 1737 406 quod

350 423 461 464 Deus
481 427 545 463 est
560 416 739 478 aequalis
763 417 894 462 Patri.
920 420 1018 463 Non
1037 417 1150 460 enim
1171 415 1229 461 sic
1252 413 1401 472 tradit,
1429 425 1480 460 ut
1500 416 1591 476 ipse
1609 416 1739 462 amit-

349 499 437 535 tat:
458 489 561 550 quia
579 497 622 533 et
643 508 660 529 «
683 491 809 534 Pater
821 487 941 533 dedit
954 487 1064 535 Filio
1079 487 1240 531 habere
1254 486 1389 531 vitam
1402 486 1448 530 in
1459 487 1691 548 semetipso
1700 489 1736 544 ²,

347 576 428 605 nec
451 560 603 620 utique
625 559 765 604 amisit
792 559 896 620 ipse.
923 562 985 604 Ae
1013 574 1089 618 per
1118 558 1200 604 hoc
1222 558 1257 603 si
1276 557 1397 617 regni
1426 558 1518 620 ejus
1546 573 1637 603 non
1658 557 1740 603 erit

346 632 460 683 finis,
485 629 681 691 profecto
704 631 840 676 sancti
857 632 949 691 ejus
970 630 1045 690 qui
1068 639 1172 675 sunt
1192 644 1377 689 regnum
1402 630 1518 690 ejus,
1541 644 1644 674 cum
1662 627 1740 675 illo

345 703 435 747 sine
454 702 539 747 fine
558 702 821 762 regnabunt.
841 701 970 755 Quod
988 710 1135 744 autem
1147 700 1223 744 illo
1240 699 1337 744 loeo
1353 699 1459 745 dicit
1476 698 1737 760 Apostolus:

349 793 369 815 «
391 775 558 819 Deinde
581 774 677 818 finis
700 789 801 818 eum
824 770 1052 816 tradiderit
1075 787 1259 830 regnum
1283 774 1372 816 Deo
1399 781 1443 816 et
1467 771 1610 829 Patri,
1633 790 1654 814 η
1678 771 1742 816 ibi

347 844 496 899 finem,
522 859 611 888 non
633 851 980 897 consumentem,
1005 841 1081 886 sed
1101 841 1397 902 perficientem
1415 842 1628 902 significat
1649 860 1659 887 :
1685 841 1743 886 si-

346 924 421 959 cut
449 914 616 960 dictum
645 924 738 958 est:
769 913 926 957 «Finis
955 914 1071 957 enim
1094 913 1201 973 legis
1229 914 1428 959 Christus
1455 914 1510 958 ad
1526 912 1743 974 justitiam

350 1003 369 1025 »
396 985 517 1030 omni
538 985 732 1028 credenti
746 985 760 1010 ³
778 1005 790 1042 3
809 1002 828 1026 »
854 999 944 1046 quo
965 984 1034 1028 lex
1058 985 1326 1045 perficiatur,
1347 1000 1437 1030 non
1459 999 1549 1047 quo
1567 982 1743 1029 abolea-

347 1066 432 1101 tur.
459 1057 589 1110 Quod
607 1065 650 1101 et
666 1055 754 1100 illic
772 1056 1002 1116 significat,
1019 1057 1097 1101 ubi
1115 1057 1173 1102 ait
1195 1076 1203 1102 :
1236 1076 1256 1100 «
1273 1059 1371 1103 Non
1387 1056 1488 1103 veni
1501 1056 1646 1117 legem
1659 1054 1743 1102 sol-

348 1145 369 1169 »
394 1142 511 1183 vere,
537 1128 613 1172 sed
630 1126 870 1188 adimplere
885 1129 917 1171 4.
940 1147 959 1169 »

406 1201 485 1243 IX.
520 1197 651 1252 Quod
676 1207 822 1243 autem
851 1197 1008 1243 dicunt
1035 1198 1090 1243 de
1119 1198 1405 1243 rationalibus
1434 1198 1667 1253 creaturis,
1697 1196 1745 1241 id

345 1278 424 1325 est,
450 1270 609 1314 sanetis
632 1269 806 1328 Angelis
833 1280 876 1315 et
897 1269 1134 1315 immundis
1153 1269 1446 1326 daemonibus,
1466 1278 1509 1314 et
1530 1269 1633 1329 ipsis
1649 1267 1744 1313 ani-

345 1340 499 1386 mabus
520 1341 768 1397 hominum,
795 1341 917 1402 quod
940 1342 1147 1402 majorem
1167 1341 1314 1386 locum
1336 1343 1480 1386 minor
1497 1340 1626 1400 culpa
1646 1355 1745 1401 pro-

347 1412 569 1467 meruerit,
595 1428 680 1472 qua
702 1413 973 1472 impudentia
995 1422 1211 1456 conentur
1234 1411 1441 1456 Ecclesiae
1464 1411 1627 1457 Christi
1650 1426 1746 1471 per-

345 1484 551 1538 suadere,
579 1498 667 1527 non
701 1482 844 1527 video.
873 1482 1030 1527 Melius
1052 1483 1201 1543 itaque
1223 1483 1465 1539 eredimus,
1494 1484 1632 1527 Deum
1655 1498 1746 1531 non

345 1554 529 1612 peccatis
548 1553 828 1598 rationalium
839 1553 1074 1613 spirituum
1088 1554 1331 1599 adductum
1349 1570 1439 1599 esse
1456 1553 1511 1598 ad
1532 1553 1745 1599 fabricam

343 1623 522 1679 mundi,
550 1640 603 1668 ne
632 1622 705 1667 illa
733 1632 974 1683 sequantur
1001 1624 1207 1680 absurda,
1234 1626 1356 1685 quod
1381 1625 1490 1670 duos
1513 1624 1650 1680 soles,
1677 1622 1745 1672 vel

345 1705 445 1750 tres,
472 1696 539 1740 vel
563 1704 769 1756 quatuor,
798 1694 865 1739 vel
898 1705 1121 1756 quotquot
1151 1695 1259 1741 libet
1280 1696 1443 1742 habere
1477 1696 1604 1741 nobis
1633 1704 1745 1741 esset

343 1782 543 1822 necesse,
580 1766 614 1811 si
645 1765 883 1826 plurimum
917 1766 1150 1827 spirituum
1183 1782 1260 1826 per
1292 1767 1480 1812 liberum
1515 1768 1744 1812 arbitrium

340 1846 461 1883 tanta
475 1837 604 1898 culpa
618 1838 901 1898 praecederet,
920 1848 1086 1898 quanta
1101 1837 1197 1883 illos
1214 1839 1260 1884 in
1278 1839 1493 1884 similibus
1506 1853 1742 1899 corporum

342 1908 589 1954 coelestium
613 1909 752 1967 globis
773 1918 995 1970 oporteret
1015 1909 1182 1954 includi
1202 1929 1210 1955 :
1229 1910 1305 1954 sed
1323 1909 1490 1955 factum
1507 1926 1598 1955 esse
1611 1926 1745 1957 mun-

341 1978 450 2023 dum
470 1979 545 2023 Dei
562 1979 772 2035 bonitate,
791 1994 1018 2038 magnum,
1036 1981 1220 2035 bonum,
1239 1996 1261 2024 a
1280 1996 1452 2026 summo
1465 1990 1509 2025 et
1521 1997 1611 2026 non
1623 1980 1742 2026 facto

342 2049 486 2108 bono,
510 2050 555 2094 in
577 2065 666 2109 quo
697 2050 853 2094 fierent
881 2050 1028 2094 omnia
1050 2050 1164 2094 bona
1187 2050 1315 2095 valde
1342 2051 1585 2097 secundum
1608 2062 1740 2097 natu-

341 2137 451 2177 ram,
473 2130 517 2165 et
536 2119 629 2165 aliis
652 2119 733 2164 alia
751 2119 946 2176 meliora,
972 2136 996 2165 a
1019 2121 1198 2166 summis
1216 2123 1425 2168 creaturis
1448 2137 1585 2183 usque
1608 2123 1664 2168 ad
1679 2123 1741 2168 in-

341 2193 445 2238 fima
460 2191 672 2236 distinctis
690 2190 896 2250 gradibus
909 2191 1123 2247 ordinata,
1141 2202 1191 2237 ut
1203 2208 1254 2238 eo
1269 2193 1403 2239 modo
1418 2203 1560 2239 essent
1572 2195 1736 2250 omnia,

340 2262 448 2307 dum
470 2277 561 2308 non
581 2271 722 2306 essent
744 2259 834 2306 sola
852 2262 1038 2322 potiora,
1065 2271 1107 2307 et
1124 2263 1339 2309 haberent
1354 2265 1446 2325 ejus
1464 2265 1634 2309 numeri
1651 2273 1741 2310 ter-

343 2334 530 2389 minum,
556 2348 688 2394 quem
710 2332 1065 2378 constituendum
1091 2333 1209 2393 apud
1231 2349 1275 2378 se
1297 2335 1406 2380 vidit
1433 2335 1633 2382 omnium
1657 2351 1739 2381 na-

342 2414 541 2450 turarum
575 2412 874 2449 ereaturarum
909 2402 1110 2449 conditor
1139 2407 1253 2449 Deus
1270 2441 1281 2461 ,
1317 2407 1394 2466 qui
1419 2421 1468 2451 ea
1502 2422 1591 2452 non
1624 2406 1738 2452 lacta

345 2475 524 2534 didicit,
549 2477 626 2522 sed
640 2485 821 2522 noverat
833 2491 923 2521 esse
945 2474 1159 2523 facienda.
1190 2479 1313 2522 Unde
1326 2477 1436 2523 illud
1452 2479 1573 2540 quod
1594 2479 1734 2535 aiunt,

394 2568 405 2584 ¹
426 2572 439 2594 1
462 2562 536 2595 Cor.
555 2572 610 2604 xv,
631 2561 686 2604 24.
703 2578 744 2587 -
758 2567 772 2584 ²
789 2562 880 2595 Joan.
901 2570 934 2602 v,
957 2560 1012 2594 26.
1029 2577 1070 2585 —
1085 2559 1098 2585 3
1117 2563 1208 2595 Rom.
1229 2573 1264 2604 x,
1286 2562 1321 2605 4:
1335 2562 1401 2593 -4
1414 2562 1535 2596 Matth.
1552 2574 1586 2605 v,
1614 2574 1665 2604 17.
