1803 3250
309 140 392 179 324
745 149 779 176 s.
815 145 1046 176 Avensa-mr
1079 148 1260 177 nmscom

306 216 445 260 carnis
464 222 629 257 mutare
642 212 867 271 potuisset,
891 228 1030 258 unum
1045 213 1221 272 virginis
1236 222 1409 259 uterum
1426 215 1693 277 formidatis,

307 298 350 331 et
378 287 453 331 Dei
491 283 601 329 vivi²
627 293 826 328 naturam
851 294 1065 330 mutatam
1099 294 1230 346 atque
1257 286 1471 346 pollutam
1497 290 1694 335 omnium

305 356 602 410 soeminarum,
629 371 717 399 non
741 356 969 401 hominum
993 366 1188 412 tantum,
1214 356 1289 401 sed
1315 358 1552 403 bestiarum
1581 376 1694 420 quo-

303 443 390 487 que
415 425 543 471 uteris
568 425 798 485 implicatis
820 447 830 485 3
856 442 904 472 ac
927 443 1002 487 per
1031 428 1114 472 hoc
1149 428 1225 489 qui
1261 444 1400 473 unum
1435 431 1695 475 Patriarchae

302 498 446 543 femur
468 498 650 542 horretis
665 533 675 553 ,
696 515 795 558 quae
815 499 992 544 tandem
1016 499 1199 555 femora,
1226 515 1315 545 non
1333 501 1431 545 dico
1455 503 1696 561 Propheta-

307 586 427 625 rum,
459 569 535 614 sed
574 570 871 630 quarumlibet
901 571 1236 631 prostitutarum
1263 572 1480 628 invenitis,
1507 573 1584 617 ubi
1607 589 1695 619 non

300 658 378 702 per
401 646 537 687 Deum
561 651 752 687 vestrum
784 642 871 687 illic
895 652 986 687 tam
1015 645 1201 702 turpiter
1229 644 1528 703 compeditum
1546 646 1694 705 jurare

301 713 493 759 debeatis
515 734 523 759 :
550 715 629 759 nisi
644 713 754 759 forte
769 730 857 758 non
873 713 1052 773 quidem
1068 724 1182 758 caste
1195 723 1374 773 tangere
1388 716 1570 760 humani
1593 732 1694 762 cor-

300 786 412 845 poris
435 785 699 839 membrum,
725 785 799 828 sed
824 784 962 843 pudet
975 786 1123 844 jurare
1144 800 1222 844 per
1240 788 1378 830 Deum
1397 795 1486 831 tam
1505 788 1691 847 turpiter

298 856 508 902 vinctum.
527 859 663 900 Tanta
679 855 766 899 illic
785 854 1061 900 deformitate
1079 857 1251 916 captivo
1270 859 1447 903 nomine
1465 860 1691 919 pancarpi,

296 928 372 987 qui
395 928 439 970 in
460 925 638 970 ludicris
660 926 918 970 Muneribus
940 925 1011 970 edi
1032 926 1164 982 solet,
1185 938 1365 988 propter
1392 929 1589 974 omnium
1616 945 1693 989 ge-

296 1015 450 1043 nerum
474 1015 572 1059 quae
589 999 760 1043 inerant
776 998 948 1053 bestias,
972 999 1195 1058 exagitatis
1212 1015 1356 1044 arcam
1375 1003 1482 1055 No'e',
1503 1018 1602 1061 quae
1619 1017 1694 1061 per

296 1059 426 1116 omne
443 1085 579 1130 genus
597 1069 850 1113 animalium
874 1071 1066 1114 futuram
1081 1085 1132 1113 ex
1147 1071 1350 1116 omnibus
1369 1073 1571 1130 gentibus
1586 1074 1695 1133 figu-

296 1144 415 1188 rabat
440 1141 693 1187 Ecclesiam.
721 1141 806 1186 Ubi
830 1150 871 1185 te
888 1141 956 1186 vel
976 1156 1065 1186 non
1081 1140 1380 1186 advertentem
1398 1142 1467 1187 vel
1490 1144 1694 1203 ignoran-

296 1223 383 1258 tem
416 1212 610 1272 gratulor
649 1227 893 1270 congruum
925 1212 1116 1271 posuisse
1153 1212 1418 1257 vocabulum
1457 1233 1465 1258 ε
1506 1223 1693 1268 πάγκαρπος

295 1287 411 1329 enim
423 1285 563 1329 omnis
582 1293 645 1328 est
662 1284 847 1338 fructus,
866 1282 987 1342 quod
1005 1283 1049 1326 in
1069 1283 1259 1328 Ecclesia
1274 1283 1525 1342 spiritaliter
1541 1299 1693 1328 verum

294 1367 357 1401 est
385 1377 392 1402 2
421 1367 464 1401 et
486 1372 574 1401 non
599 1355 807 1410 attendis,
829 1357 923 1399 Noe
945 1370 1045 1399 cum
1069 1355 1156 1398 suis
1179 1355 1292 1398 inter
1315 1354 1410 1398 illas
1439 1353 1549 1398 seras
1566 1390 1577 1410 ,
1603 1371 1692 1415 quo

294 1428 456 1472 illaesus
476 1428 690 1485 ingressus
710 1436 799 1481 est,
825 1425 943 1469 unde
967 1424 1125 1469 illaesus
1147 1440 1342 1484 egressus
1360 1435 1439 1478 est,
1466 1441 1598 1486 quam
1624 1426 1693 1471 fe-

295 1501 416 1543 licior
435 1498 568 1542 fuerit
588 1501 676 1542 Deo
693 1507 850 1551 vestro,
866 1496 943 1556 qui
961 1494 1100 1539 ferina
1115 1496 1234 1540 rabie
1251 1497 1390 1555 gentis
1408 1497 1690 1541 tenebrarum

295 1569 526 1614 dilaniatus
550 1578 592 1612 et
614 1568 847 1613 devoratus
868 1575 946 1611 est.
972 1569 1124 1627 Itaque
1139 1566 1212 1610 ille
1225 1582 1315 1611 non
1331 1583 1590 1627 pancarpus,
1612 1568 1688 1612 sed

293 1640 420 1700 plane
443 1648 691 1700 compartus
714 1638 853 1683 factus
876 1646 956 1696 est,
985 1638 1061 1697 qui
1090 1638 1210 1682 omni
1244 1638 1416 1693 feritate
1445 1631 1691 1699 discerptus

294 1723 372 1757 est.
405 1716 583 1756 Luctam
606 1710 744 1755 Jacob
766 1725 867 1755 cum
889 1708 1058 1767 Angelo
1090 1709 1240 1754 irrides
1252 1713 1285 1765 ²,
1312 1711 1390 1754 ubi
1416 1710 1565 1756 futura
1588 1727 1690 1756 cum

293 1800 420 1830 carue
442 1784 603 1829 Christi
634 1782 752 1827 lucta
775 1780 926 1842 populi
951 1780 1082 1825 Israel
1110 1782 1362 1841 prophetice
1386 1783 1570 1842 figurata
1603 1793 1685 1828 est.

296 1857 378 1902 Sed
402 1854 736 1916 quomodolibet
765 1852 1003 1912 intelligas,
1029 1863 1197 1913 quanto
1220 1853 1374 1898 melius
1405 1857 1518 1898 Deus
1548 1864 1690 1899 vester

293 1944 393 1972 cum
426 1927 604 1970 homine
635 1924 904 1978 luctaretur,
938 1939 1073 1983 quam
1105 1924 1246 1968 victus
1281 1933 1412 1984 atque
1445 1925 1642 1984 captivus
1665 1941 1689 1970 a

294 2003 545 2044 daemonum
570 2006 697 2056 gente
720 1995 998 2054 diriperetur.
1026 1994 1153 2039 Falso
1174 1995 1396 2039 Abraham
1416 2030 1426 2050 ,
1461 1995 1581 2056 quod
1606 2011 1689 2056 pu-

291 2071 483 2115 dicitiam
499 2068 695 2128 conjugis
707 2065 953 2111 vendiderit
965 2065 1230 2110 criminaris³
1254 2085 1262 2109 :
1290 2066 1364 2109 ubi
1379 2082 1467 2110 non
1483 2076 1546 2111 est
1559 2082 1687 2111 men-

295 2143 397 2186 titus
420 2154 610 2185 sororem
629 2174 639 2193 ,
672 2138 748 2182 sed
777 2136 946 2182 cautela
977 2137 1169 2180 humana
1198 2137 1335 2181 tacuit
1360 2153 1537 2182 uxorem
1555 2173 1567 2193 ,
1598 2141 1689 2184 Deo

294 2229 372 2258 suo
400 2212 673 2257 committens
696 2210 787 2269 ejus
811 2207 1068 2268 pudicitiam
1090 2209 1432 2252 conservandam
1466 2227 1474 2252 :
1506 2209 1581 2268 qui
1606 2210 1687 2255 nisi

293 2285 456 2330 faceret
471 2271 599 2343 'quod
617 2282 757 2326 facere
781 2287 938 2339 posset,
959 2278 1107 2323 nonin
1130 2282 1264 2321 Deum
1289 2278 1439 2334 fidere,
1456 2278 1531 2322 sed
1550 2282 1688 2325 Deum

298 2365 461 2399 tentare
481 2353 765 2415 judicaretur.
797 2353 885 2396 Nec
914 2359 1059 2394 tamen
1096 2348 1269 2409 respicis
1300 2352 1440 2393 Deum
1465 2360 1685 2407 vestrum,

295 2427 371 2487 qui
404 2441 492 2470 non
525 2438 731 2477 uxorem,
761 2422 838 2466 sed
871 2420 1065 2464 membra
1101 2435 1176 2463 sua
1197 2419 1395 2464 hostibus
1418 2420 1683 2479 polluenda,

345 2521 352 2534 ¹
375 2514 493 2551 Forte,
511 2510 621 2544 vestri.
641 2526 682 2532 —
698 2515 710 2531 ²
733 2511 816 2541 Gen.
839 2517 938 2549 xxxu,
967 2506 1020 2548 24.
1039 2503 1107 2529 —3
1129 2506 1176 2538 Id.
1198 2516 1252 2543 xn,
1278 2505 1330 2548 13,
1347 2510 1381 2539 et
1398 2517 1454 2549 xx,
1474 2507 1504 2540 5.
