1803 3250
354 272 438 312 406
788 282 819 309 s.
861 282 1087 312 Avensa-mi
1124 283 1303 311 Emscom

349 364 484 408 usque
501 346 555 391 ad
575 348 825 392 Zachariam
848 364 979 410 quem
1000 350 1067 394 isti
1097 349 1352 394 occiderunt
1370 385 1380 404 ,
1410 350 1735 409 persecutiones

347 418 616 477 impiissimas
638 428 681 462 et
698 418 1042 465 sceleratissimas
1064 419 1356 479 pertulerunt.
1381 421 1489 465 Nam
1514 420 1737 479 quomodo

343 504 471 547 super
494 489 596 532 istos
610 489 754 534 veniet
775 489 949 535 illorum
964 491 1154 548 sanguis,
1176 491 1249 549 qui
1275 489 1403 547 louge
1421 499 1522 534 ante
1535 490 1737 534 vixerunt

343 575 475 619 quam
501 560 566 603 isti
590 559 659 603 vel
693 571 999 615 nascerentur,
1039 561 1116 604 uisi
1152 562 1253 620 quia
1288 576 1426 604 unum
1455 576 1618 619 genus,
1652 576 1738 606 una

340 630 617 688 conspersio,
637 645 723 674 una
751 646 887 676 massa
907 640 971 676 est
1000 632 1261 690 impiorum,
1293 630 1533 675 imitatione
1566 630 1740 676 sibimet

339 702 667 745 connexorum?
694 701 831 746 Simul
860 703 990 746 etiam
1019 702 1284 755 declaratur,
1313 701 1357 744 in
1390 702 1543 745 eodem
1575 701 1739 760 populo

343 770 470 815 fuisse
495 773 634 831 justos
669 782 800 831 atque
828 773 1065 830 Prophetas
1092 773 1188 825 Dei,
1227 786 1417 831 quorum
1445 772 1542 825 isti,
1579 773 1740 832 quibus

343 844 435 887 haec
461 842 656 902 loquitur
686 844 918 897 Dominus,
944 843 1220 887 aedificabant
1245 843 1441 903 sepulcra
1462 879 1472 898 ,
1499 844 1742 888 ornabant-

342 930 428 974 que
453 922 751 957 monumenta.
780 915 907 974 Pejor
925 929 1027 972 ergo
1050 915 1131 958 iste
1159 923 1201 957 et
1224 915 1455 959 immanior
1477 916 1551 974 qui
1576 931 1647 959 eos
1668 915 1742 960 de-

342 985 518 1029 functos
555 984 705 1042 lingua
740 984 948 1029 maledica
973 984 1162 1039 lacerat,
1195 985 1356 1045 quibus
1377 986 1589 1030 honorem
1611 986 1740 1031 etiam

343 1055 461 1114 impii
480 1054 769 1111 deferebant,
793 1056 901 1099 etin
924 1056 1111 1100 animam
1146 1071 1267 1099 suam
1298 1055 1533 1100 crudeliter
1563 1056 1743 1101 saeviens

340 1143 412 1171 eos
446 1126 743 1186 blasphemat,
782 1141 883 1171 cum
910 1127 1013 1171 velit
1035 1127 1170 1171 videri
1189 1128 1486 1183 ChristianuS,
1507 1143 1616 1187 quos
1634 1131 1742 1172 Pro—

352 1200 504 1257 phetas
526 1207 568 1242 et
587 1199 723 1257 justos
741 1200 890 1242 asserit
910 1199 1122 1244 Christus.

399 1271 564 1313 XVIII.
602 1272 625 1313 J
631 1285 650 1312 a
659 1285 806 1314 mvero
824 1270 945 1330 quod
967 1270 1204 1330 adjungere
1222 1270 1363 1314 voluit
1378 1279 1547 1314 sanctos
1564 1271 1745 1329 patriar·

339 1343 457 1395 chas,
496 1341 732 1396 Abraham,
772 1345 890 1386 Isaac
913 1351 956 1386 et
978 1344 1131 1396 Jacob,
1164 1342 1230 1386 his
1262 1341 1317 1386 de
1345 1342 1505 1401 quibus
1534 1343 1745 1387 Dominus

343 1415 428 1457 ait:
454 1432 472 1453 (ι
501 1415 647 1456 Patres
677 1413 808 1456 vestri
835 1412 1211 1456 manducaverunt
1237 1427 1399 1474 manna·
1414 1413 1458 1455 in
1481 1411 1675 1465 deserto,
1703 1422 1746 1457 et

348 1502 366 1523 »
393 1484 555 1526 mortui
588 1492 690 1526 sunt
707 1486 737 1537 ¹,
765 1501 782 1523 »
809 1484 910 1542 quia
934 1492 978 1526 et
1006 1484 1072 1527 isti
1096 1491 1238 1541 patres
1259 1483 1418 1526 mortui
1440 1492 1570 1528 sunt:
1596 1493 1745 1528 utrum

348 1552 676 1608 fraudulentus,
716 1570 770 1597 an
802 1569 942 1598 caecus
969 1555 1022 1598 sit
1052 1553 1495 1614 potiusjudicandus,
1531 1555 1746 1599 incertum

343 1634 421 1668 est.
452 1624 535 1669 Sed
567 1625 797 1685 quodlibet
833 1641 985 1670 eorum
1020 1624 1167 1685 eligat,
1205 1625 1487 1670 detestandus
1521 1635 1600 1670 est.
1634 1626 1747 1671 Hinc

343 1697 458 1740 enim
487 1697 569 1740 hoc
593 1696 823 1741 ostendere
846 1697 986 1742 voluit
1001 1733 1011 1752 ,
1037 1698 1139 1757 quia
1163 1698 1373 1742 Dominus
1395 1698 1747 1742 commemoratis

345 1769 435 1812 eisd
453 1784 506 1811 =m
530 1769 742 1827 patribus,
770 1769 859 1814 ait:
884 1788 903 1810 «
922 1772 1019 1814 Non
1042 1779 1106 1813 est
1127 1772 1237 1813 Deus
1259 1778 1554 1823 mortuorum,
1581 1769 1655 1813 sed
1679 1770 1745 1813 vi·-

348 1858 368 1881 »
396 1856 547 1884 vorum
559 1843 597 1884 ²:
619 1859 638 1881 »
654 1856 753 1885 cum
768 1841 913 1900 potius
926 1857 998 1886 eos
1014 1842 1159 1886 vivere
1173 1840 1343 1885 dixerit.
1361 1840 1571 1885 Adhibito
1582 1841 1747 1901 quippe

345 1911 594 1955 testimonio
630 1912 684 1955 de
720 1915 857 1971 Lege,
893 1912 969 1956 ubi
1001 1912 1210 1971 scriptum
1243 1921 1332 1956 est:
1355 1931 1375 1953 «
1399 1914 1492 1970 Ego
1514 1927 1611 1956 sum
1633 1914 1746 1957 Deus

346 2000 366 2021 n
404 1982 626 2025 Abraham
643 2017 654 2037 ,
681 1991 723 2026 et
743 1986 854 2026 Deus
876 1986 1017 2035 Isaac,
1052 1992 1095 2027 et
1119 1986 1232 2027 Deus
1255 1983 1440 2041 Jacob33
1467 2001 1487 2023 »
1517 1983 1743 2044 adjunxit:

350 2070 370 2093 «
405 2054 502 2096 Non
533 2062 597 2097 est
636 2055 745 2097 Deus
779 2063 1070 2109 mortuorum,
1101 2053 1175 2098 sed
1205 2053 1421 2098 vivorum.
1447 2056 1542 2098 »Et
1571 2054 1743 2114 adjecit.

349 2142 368 2164 «
404 2124 566 2167 Omnes
598 2125 713 2167 enim
742 2123 804 2168 illi
832 2124 1015 2169 vivunt:
1039 2125 1165 2169 »vita
1197 2125 1352 2185 utique
1383 2139 1500 2179 vera,
1526 2140 1613 2185 qua
1640 2125 1747 2185 justi

342 2194 511 2248 vivunt,
530 2195 658 2238 etiam
677 2194 857 2255 quando
868 2211 1053 2255 corpore
1072 2196 1333 2240 moriuntur.
1354 2196 1438 2241 Sed
1455 2195 1635 2255 quando
1651 2196 1745 2241 haec

345 2264 510 2309 diceret
527 2266 623 2321 iste,
643 2267 677 2310 si
695 2267 888 2311 viveret?

404 2339 526 2380 xix.
567 2341 615 2381 In
633 2340 745 2382 hanc
763 2338 1025 2383 sententiam
1046 2338 1142 2382 vult
1163 2339 1299 2398 accipi
1316 2347 1359 2382 et
1375 2337 1496 2398 quod
1512 2339 1572 2383 ait
1593 2339 1745 2383 Domi-

327 2423 429 2463 ¹nus
446 2407 501 2451 ad
519 2411 541 2452 J
549 2409 720 2453 udaeos:
743 2429 762 2451 «
781 2413 933 2470 Neque
956 2425 1025 2453 me
1048 2411 1198 2465 nostis,
1225 2426 1368 2471 neque
1391 2413 1561 2454 Patrem
1579 2425 1742 2467 meum,

347 2497 366 2519 »
401 2478 475 2522 sed
502 2496 579 2524 nec
606 2482 789 2525 verbum
821 2483 895 2525 Dei
923 2481 1093 2526 habetis
1113 2482 1157 2525 in
1184 2482 1313 2526 vobis
1333 2483 1556 2526 manens&
1576 2482 1746 2535 »Quod

347 2549 501 2609 utique
518 2553 784 2596 eontrarium
805 2569 895 2598 non
909 2562 974 2597 est
990 2553 1029 2597 ei
1045 2553 1167 2614 quod
1184 2553 1292 2598 dixit
1310 2573 1319 2599 :
1345 2573 1365 2595 «
1385 2553 1560 2598 Tulistis
1580 2552 1746 2597 clavem

399 2641 406 2656 ¹
427 2637 520 2667 Joan.
542 2647 588 2677 vi,
609 2637 661 2669 3¹.
678 2645 742 2661 ——2
759 2637 874 2670 Matth.
903 2649 984 2680 xxu,
998 2638 1103 2671 32·—-
1119 2637 1132 2662 3
1150 2640 1247 2671 Exod.
1271 2649 1317 2677 m,
1335 2638 1369 2671 6.
1382 2655 1424 2663 —
1438 2637 1454 2669 4
1472 2638 1588 2672 Matth.
1608 2649 1673 2680 vm,
1692 2649 1744 2681 ¹9·
