1803 3250
421 243 583 269 CONTRA
617 245 850 270 SERMONEM
883 246 1152 275 ARIANORUM.
1395 239 1478 278 467

103 318 121 340 u
140 301 327 361 Attingit
349 319 371 347 a
393 305 479 348 fine
494 321 629 365 usque
648 307 701 350 ad
716 307 844 349 finem
864 307 1056 364 fortiter,
1078 320 1120 355 et
1133 310 1479 370 disponitomnia

99 387 119 410 ι»
145 372 393 415 suaviter1?
415 393 432 414 υ
469 377 580 419 Cum
612 390 712 433 ergo
746 376 910 436 ubique
942 380 994 422 sit
1027 381 1155 424 etiam
1190 383 1353 436 Filius,
1390 400 1479 444 quo

95 440 331 485 mittendus
354 442 493 488 fuerat
518 444 593 488 ubi
621 461 708 489 non
725 455 836 496 erat,
868 448 945 491 nisi
978 452 1226 508 apparendo
1260 453 1369 497 sieut
1388 469 1478 498 non

92 510 356 570 apparebat?
377 515 637 573 Quanquam
655 524 698 558 et
722 515 929 573 Spiritum
947 529 1145 562 sanctum
1169 521 1344 565 missum
1362 522 1476 581 lega-

91 595 203 634 mus,
236 582 312 641 qui
343 592 458 626 certe
491 584 536 626 in
560 584 772 628 unitatem
808 600 1000 644 personae
1032 603 1120 632 suae
1153 601 1352 634 naturam
1389 608 1477 637 non

91 652 319 710 assumpsit
340 653 590 697 humanam.
623 657 711 699 Nec
744 671 766 699 a
795 656 886 700 solo
920 657 1029 702 Filio
1056 660 1206 703 missus
1239 670 1302 704 est
1323 696 1333 715 ,
1367 663 1478 707 sicut

90 721 299 780 scriptum
324 732 388 767 est
410 742 419 767 :
450 725 597 768 «Cum
619 739 701 784 ego
722 726 812 769 iero
828 760 838 780 ,
874 727 1043 770 mittam
1079 727 1202 771 illum
1225 729 1279 773 ad
1302 745 1377 775 vos
1388 735 1429 776 ²:
1450 751 1469 774 n

87 791 163 835 sed
185 808 208 836 a
232 795 357 837 Patre
383 810 560 855 quoque
576 830 586 849 ,
619 796 730 840 sicut
762 797 971 855 scriptum
1006 807 1068 841 est
1091 817 1099 841 ε
1130 801 1308 850 «Quem
1330 802 1474 844 mittet

88 881 108 903 n
136 865 262 907 Pater
278 864 324 908 in
338 866 513 910 nomine
531 881 628 910 meo
642 868 673 910 ³.
694 886 713 908 n
736 868 816 910 Ubi
833 867 1093 922 ostenditur,
1110 868 1230 928 quod
1250 885 1328 913 nec
1348 873 1474 914 Pater

82 933 174 977 sine
196 934 329 989 Filio,
355 951 434 979 nec
459 935 590 980 Filius
612 937 703 980 siue
727 940 852 981 Patre
874 939 988 981 misit
1013 940 1220 997 Spiritum
1243 949 1466 995 sanctum,

83 1004 160 1047 sed
181 1019 282 1048 eum
297 1007 456 1064 pariter
471 1007 600 1050 ambo
617 1008 838 1052 miserunt.
862 1007 1170 1066 inseparabilia
1187 1010 1349 1068 quippe
1370 1019 1473 1054 sunt

84 1088 215 1133 opera
238 1075 470 1120 Trinitatis.
500 1076 624 1120 Solus
649 1080 774 1120 Pater
795 1092 884 1120 non
906 1077 1066 1136 legitur
1082 1078 1252 1132 missus,
1268 1080 1477 1138 qnoniam

82 1143 198 1188 solus
227 1160 316 1189 non
347 1146 482 1190 habet
510 1156 731 1190 auctorem
764 1163 787 1191 a
817 1162 906 1207 quo
929 1147 1097 1204 genitus
1129 1148 1212 1202 sit,
1244 1147 1313 1192 vel
1333 1164 1356 1191 a
1384 1164 1473 1208 quo

83 1216 303 1272 procedat.
331 1219 386 1259 Et
407 1215 505 1276 ideo
531 1232 621 1260 non
644 1225 821 1275 propter
844 1226 1011 1261 naturae
1033 1217 1346 1273 diversitatem,
1373 1234 1474 1278 quae

79 1285 126 1328 in
149 1285 357 1330 Trinitate
380 1286 501 1330 uulla
522 1296 601 1341 est,
627 1287 702 1330 sed
726 1296 901 1345 propter
920 1288 1056 1345 ipsam
1074 1278 1379 1332 auctoritatem
1398 1303 1472 1332 so—

77 1353 145 1399 lus
168 1358 292 1400 Pater
314 1372 403 1402 non
426 1356 588 1402 dicitur
610 1357 776 1401 missus.
795 1359 898 1403 Non
920 1358 1039 1401 enim
1061 1358 1268 1416 splendor
1287 1368 1362 1403 aut
1380 1358 1472 1403 fer-

80 1427 336 1485 vorignem3
357 1427 430 1472 sed
443 1428 552 1486 ignis
566 1427 715 1482 mittit,
729 1427 818 1471 sive
831 1427 1126 1486 splendorem,
1142 1429 1229 1472 sive
1239 1428 1471 1473 fervorem.

80 1497 288 1550 Quamvis
309 1498 403 1542 haec
424 1498 554 1557 longe
571 1499 655 1541 sint
677 1497 919 1551 dissimilia,
948 1512 1028 1540 uec
1042 1498 1289 1542 inveniatur
1305 1497 1474 1558 aliquid

78 1567 148 1612 vel
175 1568 220 1612 in
242 1567 508 1627 spiritalibus
534 1568 602 1612 vel
632 1568 678 1611 in
708 1566 1007 1627 corporalibus
1027 1569 1233 1612 creaturis
1252 1603 1263 1623 ,
1289 1568 1411 1628 quod
1433 1569 1474 1612 ei

83 1638 283 1682 Trinitati
299 1673 310 1693 ,
334 1654 434 1698 quae
458 1642 577 1682 Deus
597 1646 675 1692 est,
700 1637 856 1681 merito
880 1637 1145 1681 conferatur.

142 1710 194 1752 V.
232 1710 390 1753 Dicunt
411 1709 542 1752 etiam
561 1727 568 1752 ε
600 1727 619 1749 «
640 1711 696 1751 Et
717 1709 820 1767 quia
840 1708 894 1751 de
918 1707 1122 1751 omnibus
1145 1707 1410 1766 spiritalibus
1428 1717 1475 1752 et

84 1779 364 1824 rationalibus
387 1778 607 1838 gradibus,
636 1788 812 1837 propter
839 1777 1094 1838 qualitatem
1123 1788 1166 1822 et
1188 1778 1470 1836 fragilitatem

80 1850 271 1908 corporis
299 1849 574 1909 paulominus
597 1848 652 1891 ab
674 1847 850 1906 Angelis
874 1848 1053 1892 inferior
1076 1849 1314 1892 minoratus
1338 1849 1469 1892 homo

79 1920 326 1973 videbatur,
352 1935 406 1963 ne
427 1935 470 1962 se
492 1918 623 1963 vilem
644 1927 850 1977 speraret,
879 1928 920 1962 et
943 1919 997 1962 de
1014 1917 1152 1962 salute
1169 1933 1245 1962 sua
1262 1919 1467 1977 despera-

83 2001 162 2044 ret,
189 1990 398 2049 Dominus
416 1992 538 2033 Jesus
556 1989 775 2032 honorans
796 1987 1011 2032 facturam
1027 2003 1165 2042 suam,
1184 1987 1386 2046 dignatus
1405 1997 1469 2032 est

81 2063 316 2105 humanam
345 2075 520 2105 caruem
543 2059 758 2117 suscipere
773 2093 783 2112 ,
817 2068 860 2102 et
882 2057 1109 2101 ostendere
1125 2092 1135 2112 ,
1163 2058 1264 2118 quia
1293 2074 1382 2102 non
1404 2068 1468 2102 est

81 2132 214 2175 homo
245 2130 336 2174 vilis
354 2165 364 2181 ,
400 2129 475 2173 sed
496 2129 727 2188 pretiosus,
751 2129 862 2172 sicut
891 2128 1101 2185 scriptum
1127 2137 1216 2172 est:
1246 2131 1467 2186 «Magnus

82 2219 102 2242 »
130 2202 260 2244 homo
281 2209 326 2243 et
342 2199 554 2259 pretiosus
571 2198 678 2241 vir4.
698 2216 717 2238 »
746 2200 800 2241 Et
822 2197 920 2240 ideo
941 2196 1082 2240 solum
1104 2197 1324 2240 hominem
1350 2197 1466 2241 Patri

78 2287 157 2315 suo
181 2269 394 2314 haeredem
409 2304 419 2322 ,
445 2268 527 2312 sibi
548 2268 665 2311 enim
684 2265 956 2311 cohaeredem
980 2266 1119 2310 facere
1141 2266 1344 2324 dignatus
1373 2276 1436 2311 est
1451 2301 1463 2322 ,

79 2351 128 2385 ut
138 2339 258 2400 quod
273 2341 412 2383 minus
425 2347 650 2397 acceperat
658 2337 705 2380 in
716 2346 885 2390 natura,
898 2336 995 2395 plus
1009 2336 1243 2379 haberetin
1252 2337 1461 2381 honore.»

80 2412 184 2454 Haec
205 2409 414 2464 dicentes,
440 2409 524 2452 hoc
544 2406 701 2451 volunt
720 2405 931 2464 intelligi,
959 2405 1079 2465 quod
1111 2406 1344 2467 humanam
1369 2421 1465 2450 car—

129 2518 140 2534 1
161 2512 236 2553 Sap,
255 2521 327 2551 vm,
351 2520 380 2542 1.
400 2526 441 2532 —
465 2514 478 2530 ²
496 2510 588 2540 Joan.
609 2517 675 2548 xvi,
695 2517 725 2550 7.
745 2523 784 2534 -—
800 2505 876 2539 31d.
897 2516 964 2547 xiv,
984 2507 1090 2540 ¹26.——
1105 2506 1121 2534 4
1138 2508 1231 2538 Prov.
1253 2517 1307 2547 xx,
1324 2506 1358 2545 6,
1373 2506 1466 2547 juxta

82 2567 181 2599 Lxx.

1215 2614 1280 2653 30.
