<?xml version="1.0" encoding="UTF-8"?>
<!DOCTYPE html PUBLIC "-//W3C//DTD XHTML 1.0 Transitional//EN"
    "http://www.w3.org/TR/xhtml1/DTD/xhtml1-transitional.dtd">
<html xmlns="http://www.w3.org/1999/xhtml" xml:lang="en" lang="en">
 <head>
  <title>
</title>
<meta http-equiv="Content-Type" content="text/html;charset=utf-8" />
  <meta name='ocr-system' content='tesseract 3.04.00' />
  <meta name='ocr-capabilities' content='ocr_page ocr_carea ocr_par ocr_line ocrx_word'/>
</head>
<body>
  <div class='ocr_page' id='page_1' title='image "./operaomniaaccura29auguuoft/operaomniaaccura29auguuoft_0444.png"; bbox 0 0 1803 3250; ppageno 0'>
   <div class='ocr_carea' id='block_1_1' title="bbox 314 203 1225 243">
    <p class='ocr_par' dir='ltr' id='par_1_1' title="bbox 314 203 1225 243">
     <span class='ocr_line' id='line_1_1' title="bbox 314 203 1225 243; baseline -0.011 0"><span class='ocrx_word' id='word_1_1' title='bbox 314 203 397 243; x_wconf 76' lang='lat'>434</span> <span class='ocrx_word' id='word_1_2' title='bbox 768 206 1056 236; x_wconf 76' lang='lat' dir='ltr'>CONSULTATIO</span> <span class='ocrx_word' id='word_1_3' title='bbox 1087 207 1225 235; x_wconf 79' lang='lat' dir='ltr'>onosn</span> 
     </span>
    </p>
   </div>
   <div class='ocr_carea' id='block_1_2' title="bbox 303 268 1735 1748">
    <p class='ocr_par' dir='ltr' id='par_1_2' title="bbox 303 268 1735 1748">
     <span class='ocr_line' id='line_1_2' title="bbox 308 268 1696 335; baseline -0.006 -12"><span class='ocrx_word' id='word_1_4' title='bbox 308 277 626 335; x_wconf 81' lang='lat' dir='ltr'>veramsparge</span> <span class='ocrx_word' id='word_1_5' title='bbox 651 281 912 331; x_wconf 82' lang='lat' dir='ltr'>sementem,</span> <span class='ocrx_word' id='word_1_6' title='bbox 932 272 1058 317; x_wconf 89' lang='lat' dir='ltr'>nobis</span> <span class='ocrx_word' id='word_1_7' title='bbox 1078 271 1135 316; x_wconf 91' lang='lat' dir='ltr'>de</span> <span class='ocrx_word' id='word_1_8' title='bbox 1157 271 1244 316; x_wconf 87' lang='lat' dir='ltr'>tuis</span> <span class='ocrx_word' id='word_1_9' title='bbox 1265 268 1463 315; x_wconf 81' lang='lat' dir='ltr'>fontibus</span> <span class='ocrx_word' id='word_1_10' title='bbox 1481 272 1696 328; x_wconf 78' lang='lat' dir='ltr'><strong>rigaturis.</strong></span> 
     </span>
     <span class='ocr_line' id='line_1_3' title="bbox 312 340 1700 407; baseline -0.006 -15"><span class='ocrx_word' id='word_1_11' title='bbox 312 351 404 407; x_wconf 85' lang='lat' dir='ltr'>Ego</span> <span class='ocrx_word' id='word_1_12' title='bbox 438 355 588 390; x_wconf 80' lang='lat' dir='ltr'>testem</span> <span class='ocrx_word' id='word_1_13' title='bbox 621 344 760 386; x_wconf 91' lang='lat' dir='ltr'>Deum</span> <span class='ocrx_word' id='word_1_14' title='bbox 788 341 1010 402; x_wconf 86' lang='lat' dir='ltr'>spondeo,</span> <span class='ocrx_word' id='word_1_15' title='bbox 1044 351 1087 386; x_wconf 89' lang='lat' dir='ltr'>et</span> <span class='ocrx_word' id='word_1_16' title='bbox 1114 341 1433 386; x_wconf 86' lang='lat' dir='ltr'>incrementum</span> <span class='ocrx_word' id='word_1_17' title='bbox 1466 340 1607 399; x_wconf 90' lang='lat' dir='ltr'>operis</span> <span class='ocrx_word' id='word_1_18' title='bbox 1636 341 1700 384; x_wconf 91' lang='lat' dir='ltr'>tui</span> 
     </span>
     <span class='ocr_line' id='line_1_4' title="bbox 306 408 1701 476; baseline -0.005 -15"><span class='ocrx_word' id='word_1_19' title='bbox 306 432 448 476; x_wconf 88' lang='lat' dir='ltr'>spero,</span> <span class='ocrx_word' id='word_1_20' title='bbox 469 413 572 474; x_wconf 88' lang='lat' dir='ltr'>quia</span> <span class='ocrx_word' id='word_1_21' title='bbox 593 422 706 457; x_wconf 89' lang='lat' dir='ltr'>terra</span> <span class='ocrx_word' id='word_1_22' title='bbox 724 412 797 457; x_wconf 92' lang='lat' dir='ltr'>illa</span> <span class='ocrx_word' id='word_1_23' title='bbox 821 429 921 473; x_wconf 85' lang='lat' dir='ltr'>quae</span> <span class='ocrx_word' id='word_1_24' title='bbox 945 429 1063 457; x_wconf 86' lang='lat' dir='ltr'>nunc</span> <span class='ocrx_word' id='word_1_25' title='bbox 1091 412 1281 470; x_wconf 87' lang='lat' dir='ltr'>ingratos</span> <span class='ocrx_word' id='word_1_26' title='bbox 1301 408 1470 455; x_wconf 86' lang='lat' dir='ltr'>fructus</span> <span class='ocrx_word' id='word_1_27' title='bbox 1487 410 1701 454; x_wconf 82' lang='lat' dir='ltr'>insincere</span> 
     </span>
     <span class='ocr_line' id='line_1_5' title="bbox 303 481 1705 541; baseline -0.005 -10"><span class='ocrx_word' id='word_1_28' title='bbox 303 486 422 531; x_wconf 87' lang='lat' dir='ltr'>culta</span> <span class='ocrx_word' id='word_1_29' title='bbox 441 484 634 539; x_wconf 82' lang='lat' dir='ltr'>exhibet,</span> <span class='ocrx_word' id='word_1_30' title='bbox 656 484 689 528; x_wconf 92' lang='lat' dir='ltr'>si</span> <span class='ocrx_word' id='word_1_31' title='bbox 707 498 804 528; x_wconf 88' lang='lat' dir='ltr'>eam</span> <span class='ocrx_word' id='word_1_32' title='bbox 821 483 877 528; x_wconf 92' lang='lat' dir='ltr'>de</span> <span class='ocrx_word' id='word_1_33' title='bbox 897 498 1061 529; x_wconf 89' lang='lat' dir='ltr'>manna</span> <span class='ocrx_word' id='word_1_34' title='bbox 1079 483 1156 528; x_wconf 90' lang='lat' dir='ltr'>illo</span> <span class='ocrx_word' id='word_1_35' title='bbox 1179 482 1406 528; x_wconf 87' lang='lat' dir='ltr'>recondito</span> <span class='ocrx_word' id='word_1_36' title='bbox 1428 491 1478 526; x_wconf 86' lang='lat' dir='ltr'>tu</span> <span class='ocrx_word' id='word_1_37' title='bbox 1494 481 1613 541; x_wconf 90' lang='lat' dir='ltr'>apud</span> <span class='ocrx_word' id='word_1_38' title='bbox 1634 495 1705 525; x_wconf 86' lang='lat' dir='ltr'>me</span> 
     </span>
     <span class='ocr_line' id='line_1_6' title="bbox 308 553 1706 614; baseline -0.004 -13"><span class='ocrx_word' id='word_1_39' title='bbox 308 555 558 601; x_wconf 88' lang='lat' dir='ltr'>mandando</span> <span class='ocrx_word' id='word_1_40' title='bbox 579 564 624 599; x_wconf 89' lang='lat' dir='ltr'>et</span> <span class='ocrx_word' id='word_1_41' title='bbox 655 554 866 614; x_wconf 88' lang='lat' dir='ltr'>replendo</span> <span class='ocrx_word' id='word_1_42' title='bbox 889 554 1128 600; x_wconf 85' lang='lat' dir='ltr'>visitaveris</span> <span class='ocrx_word' id='word_1_43' title='bbox 1143 589 1154 610; x_wconf 89' lang='lat'>,</span> <span class='ocrx_word' id='word_1_44' title='bbox 1185 569 1324 614; x_wconf 88' lang='lat' dir='ltr'>usque</span> <span class='ocrx_word' id='word_1_45' title='bbox 1355 553 1399 597; x_wconf 91' lang='lat' dir='ltr'>in</span> <span class='ocrx_word' id='word_1_46' title='bbox 1421 553 1706 597; x_wconf 87' lang='lat' dir='ltr'>centesimum</span> 
     </span>
     <span class='ocr_line' id='line_1_7' title="bbox 309 623 1705 686; baseline -0.006 -13"><span class='ocrx_word' id='word_1_47' title='bbox 309 628 503 673; x_wconf 84' lang='lat' dir='ltr'>fructum</span> <span class='ocrx_word' id='word_1_48' title='bbox 545 624 721 686; x_wconf 61' lang='lat' dir='ltr'>profusa</span> <span class='ocrx_word' id='word_1_49' title='bbox 761 624 1000 686; x_wconf 89' lang='lat' dir='ltr'>aliquando</span> <span class='ocrx_word' id='word_1_50' title='bbox 1038 625 1219 670; x_wconf 89' lang='lat' dir='ltr'>liberius</span> <span class='ocrx_word' id='word_1_51' title='bbox 1255 625 1456 668; x_wconf 90' lang='lat' dir='ltr'>ubertate</span> <span class='ocrx_word' id='word_1_52' title='bbox 1491 623 1705 683; x_wconf 87' lang='lat' dir='ltr'>proficiet.</span> 
     </span>
     <span class='ocr_line' id='line_1_8' title="bbox 308 693 1708 755; baseline -0.004 -13"><span class='ocrx_word' id='word_1_53' title='bbox 308 701 387 742; x_wconf 90' lang='lat' dir='ltr'>Per</span> <span class='ocrx_word' id='word_1_54' title='bbox 407 706 448 742; x_wconf 88' lang='lat' dir='ltr'>te</span> <span class='ocrx_word' id='word_1_55' title='bbox 465 696 678 741; x_wconf 88' lang='lat' dir='ltr'>Dominus</span> <span class='ocrx_word' id='word_1_56' title='bbox 700 698 812 740; x_wconf 89' lang='lat' dir='ltr'>Deus</span> <span class='ocrx_word' id='word_1_57' title='bbox 831 705 979 739; x_wconf 90' lang='lat' dir='ltr'>noster</span> <span class='ocrx_word' id='word_1_58' title='bbox 995 728 1007 750; x_wconf 87' lang='lat'>‚</span> <span class='ocrx_word' id='word_1_59' title='bbox 1024 710 1104 754; x_wconf 86' lang='lat' dir='ltr'>per</span> <span class='ocrx_word' id='word_1_60' title='bbox 1124 704 1181 750; x_wconf 90' lang='lat' dir='ltr'>te,</span> <span class='ocrx_word' id='word_1_61' title='bbox 1200 695 1398 755; x_wconf 84' lang='lat' dir='ltr'>inquam,</span> <span class='ocrx_word' id='word_1_62' title='bbox 1413 693 1542 738; x_wconf 89' lang='lat' dir='ltr'>beate</span> <span class='ocrx_word' id='word_1_63' title='bbox 1562 697 1708 749; x_wconf 86' lang='lat' dir='ltr'>Pater,</span> 
     </span>
     <span class='ocr_line' id='line_1_9' title="bbox 312 763 1714 829; baseline -0.005 -15"><span class='ocrx_word' id='word_1_64' title='bbox 312 783 420 829; x_wconf 88' lang='lat' dir='ltr'>quos</span> <span class='ocrx_word' id='word_1_65' title='bbox 442 767 669 826; x_wconf 83' lang='lat' dir='ltr'>castigavit</span> <span class='ocrx_word' id='word_1_66' title='bbox 697 766 743 809; x_wconf 89' lang='lat' dir='ltr'>in</span> <span class='ocrx_word' id='word_1_67' title='bbox 777 764 945 824; x_wconf 89' lang='lat' dir='ltr'>gladio,</span> <span class='ocrx_word' id='word_1_68' title='bbox 980 764 1186 809; x_wconf 88' lang='lat' dir='ltr'>emendet</span> <span class='ocrx_word' id='word_1_69' title='bbox 1217 765 1264 809; x_wconf 90' lang='lat' dir='ltr'>in</span> <span class='ocrx_word' id='word_1_70' title='bbox 1292 764 1443 810; x_wconf 89' lang='lat' dir='ltr'>verbo.</span> <span class='ocrx_word' id='word_1_71' title='bbox 1470 763 1541 809; x_wconf 85' lang='lat' dir='ltr'>Ad</span> <span class='ocrx_word' id='word_1_72' title='bbox 1572 772 1614 808; x_wconf 87' lang='lat' dir='ltr'>te</span> <span class='ocrx_word' id='word_1_73' title='bbox 1636 778 1714 823; x_wconf 90' lang='lat' dir='ltr'>per</span> 
     </span>
     <span class='ocr_line' id='line_1_10' title="bbox 312 833 1714 896; baseline -0.004 -12"><span class='ocrx_word' id='word_1_74' title='bbox 312 843 452 884; x_wconf 91' lang='lat' dir='ltr'>Deum</span> <span class='ocrx_word' id='word_1_75' title='bbox 480 839 633 883; x_wconf 91' lang='lat' dir='ltr'>missus</span> <span class='ocrx_word' id='word_1_76' title='bbox 659 851 781 894; x_wconf 79' lang='lat' dir='ltr'>sum3</span> <span class='ocrx_word' id='word_1_77' title='bbox 804 834 860 879; x_wconf 91' lang='lat' dir='ltr'>de</span> <span class='ocrx_word' id='word_1_78' title='bbox 886 843 930 879; x_wconf 86' lang='lat' dir='ltr'>te</span> <span class='ocrx_word' id='word_1_79' title='bbox 952 849 1031 894; x_wconf 87' lang='lat' dir='ltr'>per</span> <span class='ocrx_word' id='word_1_80' title='bbox 1053 850 1156 879; x_wconf 92' lang='lat' dir='ltr'>eum</span> <span class='ocrx_word' id='word_1_81' title='bbox 1178 850 1328 896; x_wconf 89' lang='lat' dir='ltr'>spero,</span> <span class='ocrx_word' id='word_1_82' title='bbox 1353 836 1462 880; x_wconf 89' lang='lat' dir='ltr'>dum</span> <span class='ocrx_word' id='word_1_83' title='bbox 1486 833 1714 881; x_wconf 87' lang='lat' dir='ltr'>considero</span> 
     </span>
     <span class='ocr_line' id='line_1_11' title="bbox 313 904 1718 970; baseline -0.004 -16"><span class='ocrx_word' id='word_1_84' title='bbox 313 909 501 970; x_wconf 85' lang='lat' dir='ltr'>qualiter</span> <span class='ocrx_word' id='word_1_85' title='bbox 525 916 673 952; x_wconf 91' lang='lat' dir='ltr'>actum</span> <span class='ocrx_word' id='word_1_86' title='bbox 699 904 785 961; x_wconf 82' lang='lat' dir='ltr'>est,</span> <span class='ocrx_word' id='word_1_87' title='bbox 812 905 934 966; x_wconf 89' lang='lat' dir='ltr'>quod</span> <span class='ocrx_word' id='word_1_88' title='bbox 957 906 1043 949; x_wconf 92' lang='lat' dir='ltr'>huc</span> <span class='ocrx_word' id='word_1_89' title='bbox 1071 906 1279 950; x_wconf 89' lang='lat' dir='ltr'>venirem.</span> <span class='ocrx_word' id='word_1_90' title='bbox 1307 909 1509 965; x_wconf 82' lang='lat' dir='ltr'>Agnosco</span> <span class='ocrx_word' id='word_1_91' title='bbox 1541 921 1619 951; x_wconf 87' lang='lat' dir='ltr'>cur</span> <span class='ocrx_word' id='word_1_92' title='bbox 1642 919 1718 950; x_wconf 93' lang='lat' dir='ltr'>ve-</span> 
     </span>
     <span class='ocr_line' id='line_1_12' title="bbox 316 975 1718 1032; baseline -0.004 -8"><span class='ocrx_word' id='word_1_93' title='bbox 316 981 456 1024; x_wconf 90' lang='lat' dir='ltr'>nerim</span> <span class='ocrx_word' id='word_1_94' title='bbox 483 998 491 1024; x_wconf 88' lang='lat'>:</span> <span class='ocrx_word' id='word_1_95' title='bbox 511 979 603 1023; x_wconf 89' lang='lat' dir='ltr'>sine</span> <span class='ocrx_word' id='word_1_96' title='bbox 625 976 872 1032; x_wconf 86' lang='lat' dir='ltr'>voluntate,</span> <span class='ocrx_word' id='word_1_97' title='bbox 896 976 989 1020; x_wconf 91' lang='lat' dir='ltr'>sine</span> <span class='ocrx_word' id='word_1_98' title='bbox 1008 977 1288 1032; x_wconf 87' lang='lat' dir='ltr'>necessitate,</span> <span class='ocrx_word' id='word_1_99' title='bbox 1310 978 1401 1022; x_wconf 91' lang='lat' dir='ltr'>sine</span> <span class='ocrx_word' id='word_1_100' title='bbox 1423 991 1639 1022; x_wconf 90' lang='lat' dir='ltr'>consensu</span> <span class='ocrx_word' id='word_1_101' title='bbox 1663 975 1718 1020; x_wconf 93' lang='lat' dir='ltr'>de</span> 
     </span>
     <span class='ocr_line' id='line_1_13' title="bbox 318 1045 1721 1110; baseline -0.004 -16"><span class='ocrx_word' id='word_1_102' title='bbox 318 1050 458 1110; x_wconf 87' lang='lat' dir='ltr'>patria</span> <span class='ocrx_word' id='word_1_103' title='bbox 479 1063 674 1108; x_wconf 89' lang='lat' dir='ltr'>egressus</span> <span class='ocrx_word' id='word_1_104' title='bbox 697 1062 795 1092; x_wconf 88' lang='lat' dir='ltr'>sum</span> <span class='ocrx_word' id='word_1_105' title='bbox 809 1082 825 1102; x_wconf 90' lang='lat'><em>,</em></span> <span class='ocrx_word' id='word_1_106' title='bbox 849 1045 1024 1091; x_wconf 91' lang='lat' dir='ltr'>occulta</span> <span class='ocrx_word' id='word_1_107' title='bbox 1053 1045 1244 1105; x_wconf 90' lang='lat' dir='ltr'>quadam</span> <span class='ocrx_word' id='word_1_108' title='bbox 1266 1048 1310 1091; x_wconf 90' lang='lat' dir='ltr'>vi</span> <span class='ocrx_word' id='word_1_109' title='bbox 1333 1057 1453 1092; x_wconf 89' lang='lat' dir='ltr'>actus</span> <span class='ocrx_word' id='word_1_110' title='bbox 1468 1083 1479 1104; x_wconf 88' lang='lat'>‚</span> <span class='ocrx_word' id='word_1_111' title='bbox 1505 1047 1646 1092; x_wconf 87' lang='lat' dir='ltr'>donec</span> <span class='ocrx_word' id='word_1_112' title='bbox 1674 1045 1721 1090; x_wconf 93' lang='lat' dir='ltr'>in</span> 
     </span>
     <span class='ocr_line' id='line_1_14' title="bbox 323 1115 1723 1176; baseline -0.004 -11"><span class='ocrx_word' id='word_1_113' title='bbox 323 1121 442 1165; x_wconf 82' lang='lat' dir='ltr'>istius</span> <span class='ocrx_word' id='word_1_114' title='bbox 462 1130 589 1164; x_wconf 85' lang='lat' dir='ltr'>terrae</span> <span class='ocrx_word' id='word_1_115' title='bbox 603 1118 727 1163; x_wconf 86' lang='lat' dir='ltr'>littus</span> <span class='ocrx_word' id='word_1_116' title='bbox 746 1117 903 1162; x_wconf 81' lang='lat' dir='ltr'>allatus</span> <span class='ocrx_word' id='word_1_117' title='bbox 925 1132 1037 1161; x_wconf 91' lang='lat' dir='ltr'>sum.</span> <span class='ocrx_word' id='word_1_118' title='bbox 1069 1117 1149 1161; x_wconf 88' lang='lat' dir='ltr'>Hic</span> <span class='ocrx_word' id='word_1_119' title='bbox 1171 1117 1352 1162; x_wconf 88' lang='lat' dir='ltr'>demum</span> <span class='ocrx_word' id='word_1_120' title='bbox 1372 1119 1418 1163; x_wconf 91' lang='lat' dir='ltr'>in</span> <span class='ocrx_word' id='word_1_121' title='bbox 1439 1133 1540 1162; x_wconf 90' lang='lat' dir='ltr'>eum</span> <span class='ocrx_word' id='word_1_122' title='bbox 1559 1115 1723 1176; x_wconf 88' lang='lat' dir='ltr'>resipui</span> 
     </span>
     <span class='ocr_line' id='line_1_15' title="bbox 320 1187 1722 1250; baseline -0.004 -14"><span class='ocrx_word' id='word_1_123' title='bbox 320 1191 598 1236; x_wconf 88' lang='lat' dir='ltr'>intellectum</span> <span class='ocrx_word' id='word_1_124' title='bbox 626 1188 749 1250; x_wconf 87' lang='lat' dir='ltr'>quod</span> <span class='ocrx_word' id='word_1_125' title='bbox 780 1189 835 1232; x_wconf 87' lang='lat' dir='ltr'>ad</span> <span class='ocrx_word' id='word_1_126' title='bbox 867 1197 910 1233; x_wconf 91' lang='lat' dir='ltr'>te</span> <span class='ocrx_word' id='word_1_127' title='bbox 938 1189 1088 1233; x_wconf 88' lang='lat' dir='ltr'>venire</span> <span class='ocrx_word' id='word_1_128' title='bbox 1121 1187 1378 1233; x_wconf 85' lang='lat' dir='ltr'>mandabar.</span> <span class='ocrx_word' id='word_1_129' title='bbox 1412 1189 1722 1250; x_wconf 85' lang='lat' dir='ltr'>Impudentem</span> 
     </span>
     <span class='ocr_line' id='line_1_16' title="bbox 323 1259 1723 1323; baseline -0.004 -15"><span class='ocrx_word' id='word_1_130' title='bbox 323 1279 412 1308; x_wconf 88' lang='lat' dir='ltr'>non</span> <span class='ocrx_word' id='word_1_131' title='bbox 429 1262 599 1323; x_wconf 82' lang='lat' dir='ltr'>judices</span> <span class='ocrx_word' id='word_1_132' title='bbox 616 1296 628 1317; x_wconf 79' lang='lat'><strong>‚</strong></span> <span class='ocrx_word' id='word_1_133' title='bbox 651 1261 686 1305; x_wconf 91' lang='lat' dir='ltr'>si</span> <span class='ocrx_word' id='word_1_134' title='bbox 718 1260 878 1319; x_wconf 87' lang='lat' dir='ltr'>accipis</span> <span class='ocrx_word' id='word_1_135' title='bbox 901 1260 1203 1305; x_wconf 89' lang='lat' dir='ltr'>confitentem.</span> <span class='ocrx_word' id='word_1_136' title='bbox 1233 1263 1321 1305; x_wconf 88' lang='lat' dir='ltr'>Fac</span> <span class='ocrx_word' id='word_1_137' title='bbox 1345 1276 1412 1305; x_wconf 88' lang='lat' dir='ltr'>me</span> <span class='ocrx_word' id='word_1_138' title='bbox 1440 1261 1497 1305; x_wconf 92' lang='lat' dir='ltr'>ad</span> <span class='ocrx_word' id='word_1_139' title='bbox 1518 1259 1723 1304; x_wconf 82' lang='lat' dir='ltr'>dilectam</span> 
     </span>
     <span class='ocr_line' id='line_1_17' title="bbox 325 1330 1725 1389; baseline -0.004 -11"><span class='ocrx_word' id='word_1_140' title='bbox 325 1333 553 1378; x_wconf 89' lang='lat' dir='ltr'>dominam</span> <span class='ocrx_word' id='word_1_141' title='bbox 583 1346 727 1375; x_wconf 89' lang='lat' dir='ltr'>meam</span> <span class='ocrx_word' id='word_1_142' title='bbox 754 1330 967 1376; x_wconf 89' lang='lat' dir='ltr'>idoneum</span> <span class='ocrx_word' id='word_1_143' title='bbox 1002 1331 1320 1389; x_wconf 84' lang='lat' dir='ltr'>negotiatorem</span> <span class='ocrx_word' id='word_1_144' title='bbox 1347 1332 1526 1376; x_wconf 89' lang='lat' dir='ltr'>inventa</span> <span class='ocrx_word' id='word_1_145' title='bbox 1551 1333 1725 1388; x_wconf 87' lang='lat' dir='ltr'>Marga-</span> 
     </span>
     <span class='ocr_line' id='line_1_18' title="bbox 329 1402 1726 1460; baseline -0.001 -13"><span class='ocrx_word' id='word_1_146' title='bbox 329 1405 411 1449; x_wconf 86' lang='lat' dir='ltr'>rita</span> <span class='ocrx_word' id='word_1_147' title='bbox 431 1407 463 1458; x_wconf 79' lang='lat'>¹‚</span> <span class='ocrx_word' id='word_1_148' title='bbox 478 1419 570 1447; x_wconf 90' lang='lat' dir='ltr'>non</span> <span class='ocrx_word' id='word_1_149' title='bbox 584 1402 824 1460; x_wconf 85' lang='lat' dir='ltr'>fugitivum</span> <span class='ocrx_word' id='word_1_150' title='bbox 845 1417 1019 1447; x_wconf 88' lang='lat' dir='ltr'>servum</span> <span class='ocrx_word' id='word_1_151' title='bbox 1033 1416 1181 1446; x_wconf 86' lang='lat' dir='ltr'>eversa</span> <span class='ocrx_word' id='word_1_152' title='bbox 1200 1403 1443 1447; x_wconf 87' lang='lat' dir='ltr'>substantia</span> <span class='ocrx_word' id='word_1_153' title='bbox 1455 1402 1627 1447; x_wconf 85' lang='lat' dir='ltr'>reverti.</span> <span class='ocrx_word' id='word_1_154' title='bbox 1649 1402 1726 1445; x_wconf 89' lang='lat' dir='ltr'>Di-</span> 
     </span>
     <span class='ocr_line' id='line_1_19' title="bbox 333 1471 1726 1532; baseline -0.002 -14"><span class='ocrx_word' id='word_1_155' title='bbox 333 1473 510 1518; x_wconf 90' lang='lat' dir='ltr'>lacerati</span> <span class='ocrx_word' id='word_1_156' title='bbox 529 1472 701 1531; x_wconf 88' lang='lat' dir='ltr'>gravius</span> <span class='ocrx_word' id='word_1_157' title='bbox 718 1486 742 1514; x_wconf 88' lang='lat' dir='ltr'>a</span> <span class='ocrx_word' id='word_1_158' title='bbox 759 1471 1013 1516; x_wconf 90' lang='lat' dir='ltr'>doctoribus</span> <span class='ocrx_word' id='word_1_159' title='bbox 1031 1471 1190 1531; x_wconf 91' lang='lat' dir='ltr'>pravis,</span> <span class='ocrx_word' id='word_1_160' title='bbox 1216 1488 1350 1532; x_wconf 89' lang='lat' dir='ltr'>quam</span> <span class='ocrx_word' id='word_1_161' title='bbox 1367 1489 1391 1517; x_wconf 89' lang='lat' dir='ltr'>a</span> <span class='ocrx_word' id='word_1_162' title='bbox 1412 1471 1726 1518; x_wconf 87' lang='lat' dir='ltr'>cruentissimis</span> 
     </span>
     <span class='ocr_line' id='line_1_20' title="bbox 333 1542 1732 1603; baseline -0.001 -15"><span class='ocrx_word' id='word_1_163' title='bbox 333 1544 530 1588; x_wconf 89' lang='lat' dir='ltr'>hostibus</span> <span class='ocrx_word' id='word_1_164' title='bbox 563 1556 729 1586; x_wconf 86' lang='lat' dir='ltr'>sumus.</span> <span class='ocrx_word' id='word_1_165' title='bbox 765 1543 850 1586; x_wconf 86' lang='lat' dir='ltr'>Nos</span> <span class='ocrx_word' id='word_1_166' title='bbox 884 1542 1148 1585; x_wconf 88' lang='lat' dir='ltr'>confitemur</span> <span class='ocrx_word' id='word_1_167' title='bbox 1178 1542 1418 1600; x_wconf 83' lang='lat' dir='ltr'>offensam,</span> <span class='ocrx_word' id='word_1_168' title='bbox 1452 1553 1502 1588; x_wconf 93' lang='lat' dir='ltr'>tu</span> <span class='ocrx_word' id='word_1_169' title='bbox 1531 1542 1732 1603; x_wconf 88' lang='lat' dir='ltr'>pervides</span> 
     </span>
     <span class='ocr_line' id='line_1_21' title="bbox 335 1612 1733 1676; baseline -0.001 -16"><span class='ocrx_word' id='word_1_170' title='bbox 335 1616 508 1676; x_wconf 86' lang='lat' dir='ltr'>plagam</span> <span class='ocrx_word' id='word_1_171' title='bbox 537 1634 546 1660; x_wconf 87' lang='lat'>:</span> <span class='ocrx_word' id='word_1_172' title='bbox 570 1614 693 1675; x_wconf 88' lang='lat' dir='ltr'>quod</span> <span class='ocrx_word' id='word_1_173' title='bbox 721 1612 864 1657; x_wconf 89' lang='lat' dir='ltr'>solum</span> <span class='ocrx_word' id='word_1_174' title='bbox 885 1620 1110 1672; x_wconf 87' lang='lat' dir='ltr'>superest,</span> <span class='ocrx_word' id='word_1_175' title='bbox 1146 1612 1383 1673; x_wconf 87' lang='lat' dir='ltr'>adjuvante</span> <span class='ocrx_word' id='word_1_176' title='bbox 1411 1616 1621 1671; x_wconf 84' lang='lat' dir='ltr'>Domino,</span> <span class='ocrx_word' id='word_1_177' title='bbox 1645 1613 1733 1658; x_wconf 86' lang='lat' dir='ltr'>lar-</span> 
     </span>
     <span class='ocr_line' id='line_1_22' title="bbox 337 1685 1735 1748; baseline -0.001 -16"><span class='ocrx_word' id='word_1_178' title='bbox 337 1689 428 1748; x_wconf 89' lang='lat' dir='ltr'>gire</span> <span class='ocrx_word' id='word_1_179' title='bbox 455 1686 735 1732; x_wconf 84' lang='lat' dir='ltr'>medicinam.</span> <span class='ocrx_word' id='word_1_180' title='bbox 768 1685 962 1730; x_wconf 83' lang='lat' dir='ltr'>Breviter</span> <span class='ocrx_word' id='word_1_181' title='bbox 976 1699 1085 1744; x_wconf 56' lang='lat' dir='ltr'>&gt;ergo</span> <span class='ocrx_word' id='word_1_182' title='bbox 1107 1693 1151 1728; x_wconf 89' lang='lat' dir='ltr'>et</span> <span class='ocrx_word' id='word_1_183' title='bbox 1173 1685 1283 1745; x_wconf 87' lang='lat' dir='ltr'>quid</span> <span class='ocrx_word' id='word_1_184' title='bbox 1305 1695 1406 1731; x_wconf 89' lang='lat' dir='ltr'>ante</span> <span class='ocrx_word' id='word_1_185' title='bbox 1427 1685 1540 1731; x_wconf 87' lang='lat' dir='ltr'>male</span> <span class='ocrx_word' id='word_1_186' title='bbox 1559 1685 1735 1747; x_wconf 88' lang='lat' dir='ltr'>planta-</span> 
     </span>
    </p>
   </div>
   <div class='ocr_carea' id='block_1_3' title="bbox 339 1756 1733 1876">
    <p class='ocr_par' dir='ltr' id='par_1_3' title="bbox 339 1756 1733 1876">
     <span class='ocr_line' id='line_1_23' title="bbox 339 1756 1733 1819; baseline 0 -15"><span class='ocrx_word' id='word_1_187' title='bbox 339 1768 435 1804; x_wconf 90' lang='lat' dir='ltr'>tum</span> <span class='ocrx_word' id='word_1_188' title='bbox 454 1757 679 1804; x_wconf 88' lang='lat' dir='ltr'>convaluit</span> <span class='ocrx_word' id='word_1_189' title='bbox 693 1791 706 1813; x_wconf 90' lang='lat'>‚</span> <span class='ocrx_word' id='word_1_190' title='bbox 727 1765 772 1801; x_wconf 87' lang='lat' dir='ltr'>et</span> <span class='ocrx_word' id='word_1_191' title='bbox 797 1756 908 1818; x_wconf 89' lang='lat' dir='ltr'>quid</span> <span class='ocrx_word' id='word_1_192' title='bbox 924 1765 1074 1816; x_wconf 86' lang='lat' dir='ltr'>postea</span> <span class='ocrx_word' id='word_1_193' title='bbox 1096 1757 1219 1818; x_wconf 87' lang='lat' dir='ltr'>pejus</span> <span class='ocrx_word' id='word_1_194' title='bbox 1247 1758 1459 1803; x_wconf 86' lang='lat' dir='ltr'>insertum</span> <span class='ocrx_word' id='word_1_195' title='bbox 1481 1758 1733 1819; x_wconf 82' lang='lat' dir='ltr'>praevaluit,</span> 
     </span>
     <span class='ocr_line' id='line_1_24' title="bbox 340 1829 636 1876; baseline -0.017 0"><span class='ocrx_word' id='word_1_196' title='bbox 340 1829 586 1876; x_wconf 87' lang='lat' dir='ltr'>ostendam.</span> <span class='ocrx_word' id='word_1_197' title='bbox 615 1847 636 1871; x_wconf 89' lang='lat'>»</span> 
     </span>
    </p>
   </div>
   <div class='ocr_carea' id='block_1_4' title="bbox 345 1898 1749 2459">
    <p class='ocr_par' dir='ltr' id='par_1_4' title="bbox 345 1898 1749 2459">
     <span class='ocr_line' id='line_1_25' title="bbox 402 1898 1738 1959; baseline 0 -13"><span class='ocrx_word' id='word_1_198' title='bbox 402 1905 462 1946; x_wconf 78' lang='grc' dir='ltr'>[Ι.</span> <span class='ocrx_word' id='word_1_199' title='bbox 502 1920 523 1944; x_wconf 89' lang='lat'>»</span> <span class='ocrx_word' id='word_1_200' title='bbox 559 1898 852 1946; x_wconf 85' lang='lat' dir='ltr'>Priscillianus</span> <span class='ocrx_word' id='word_1_201' title='bbox 867 1933 879 1955; x_wconf 89' lang='lat'>,</span> <span class='ocrx_word' id='word_1_202' title='bbox 900 1899 1094 1959; x_wconf 86' lang='lat' dir='ltr'>primum</span> <span class='ocrx_word' id='word_1_203' title='bbox 1114 1900 1160 1944; x_wconf 89' lang='lat' dir='ltr'>in</span> <span class='ocrx_word' id='word_1_204' title='bbox 1182 1915 1233 1945; x_wconf 94' lang='lat' dir='ltr'>eo</span> <span class='ocrx_word' id='word_1_205' title='bbox 1250 1901 1504 1947; x_wconf 85' lang='lat' dir='ltr'>Manichaeis</span> <span class='ocrx_word' id='word_1_206' title='bbox 1524 1902 1738 1957; x_wconf 84' lang='lat' dir='ltr'>miserior,</span> 
     </span>
     <span class='ocr_line' id='line_1_26' title="bbox 345 1971 1742 2033; baseline 0 -16"><span class='ocrx_word' id='word_1_207' title='bbox 345 1971 468 2033; x_wconf 90' lang='lat' dir='ltr'>quod</span> <span class='ocrx_word' id='word_1_208' title='bbox 489 1987 541 2016; x_wconf 84' lang='lat' dir='ltr'>ex</span> <span class='ocrx_word' id='word_1_209' title='bbox 564 1972 710 2017; x_wconf 90' lang='lat' dir='ltr'>Veteri</span> <span class='ocrx_word' id='word_1_210' title='bbox 729 1986 909 2032; x_wconf 88' lang='lat' dir='ltr'>quoque</span> <span class='ocrx_word' id='word_1_211' title='bbox 932 1973 1211 2016; x_wconf 85' lang='lat' dir='ltr'>Testamento</span> <span class='ocrx_word' id='word_1_212' title='bbox 1226 1973 1426 2017; x_wconf 79' lang='lat' dir='ltr'>haeresim</span> <span class='ocrx_word' id='word_1_213' title='bbox 1446 1973 1742 2028; x_wconf 87' lang='lat' dir='ltr'>confirmavit,</span> 
     </span>
     <span class='ocr_line' id='line_1_27' title="bbox 348 2040 1746 2106; baseline 0.001 -17"><span class='ocrx_word' id='word_1_214' title='bbox 348 2043 509 2089; x_wconf 88' lang='lat' dir='ltr'>docens</span> <span class='ocrx_word' id='word_1_215' title='bbox 535 2042 728 2088; x_wconf 89' lang='lat' dir='ltr'>animam</span> <span class='ocrx_word' id='word_1_216' title='bbox 747 2058 850 2100; x_wconf 80' lang='lat' dir='ltr'>quae</span> <span class='ocrx_word' id='word_1_217' title='bbox 877 2058 902 2087; x_wconf 89' lang='lat' dir='ltr'>a</span> <span class='ocrx_word' id='word_1_218' title='bbox 925 2045 1016 2087; x_wconf 88' lang='lat' dir='ltr'>Deo</span> <span class='ocrx_word' id='word_1_219' title='bbox 1036 2050 1139 2086; x_wconf 81' lang='lat' dir='ltr'>nata</span> <span class='ocrx_word' id='word_1_220' title='bbox 1161 2040 1242 2096; x_wconf 83' lang='lat' dir='ltr'>sit,</span> <span class='ocrx_word' id='word_1_221' title='bbox 1266 2040 1323 2085; x_wconf 92' lang='lat' dir='ltr'>de</span> <span class='ocrx_word' id='word_1_222' title='bbox 1343 2045 1538 2102; x_wconf 89' lang='lat' dir='ltr'>quodam</span> <span class='ocrx_word' id='word_1_223' title='bbox 1568 2061 1746 2106; x_wconf 87' lang='lat' dir='ltr'>promp-</span> 
     </span>
     <span class='ocr_line' id='line_1_28' title="bbox 348 2111 1744 2176; baseline 0 -15"><span class='ocrx_word' id='word_1_224' title='bbox 348 2115 492 2161; x_wconf 86' lang='lat' dir='ltr'>tuario</span> <span class='ocrx_word' id='word_1_225' title='bbox 520 2113 780 2174; x_wconf 86' lang='lat' dir='ltr'>procedere,</span> <span class='ocrx_word' id='word_1_226' title='bbox 806 2111 1030 2171; x_wconf 82' lang='lat' dir='ltr'>profiteri,</span> <span class='ocrx_word' id='word_1_227' title='bbox 1054 2119 1156 2155; x_wconf 82' lang='lat' dir='ltr'>ante</span> <span class='ocrx_word' id='word_1_228' title='bbox 1176 2115 1316 2157; x_wconf 89' lang='lat' dir='ltr'>Deum</span> <span class='ocrx_word' id='word_1_229' title='bbox 1351 2128 1395 2158; x_wconf 88' lang='lat' dir='ltr'>se</span> <span class='ocrx_word' id='word_1_230' title='bbox 1416 2125 1714 2176; x_wconf 85' lang='lat' dir='ltr'>pugnaturam</span> <span class='ocrx_word' id='word_1_231' title='bbox 1733 2152 1744 2172; x_wconf 82' lang='lat'>‚</span> 
     </span>
     <span class='ocr_line' id='line_1_29' title="bbox 348 2180 1748 2248; baseline 0 -17"><span class='ocrx_word' id='word_1_232' title='bbox 348 2186 505 2232; x_wconf 86' lang='lat' dir='ltr'>instrui</span> <span class='ocrx_word' id='word_1_233' title='bbox 527 2184 766 2230; x_wconf 90' lang='lat' dir='ltr'>adhortatu</span> <span class='ocrx_word' id='word_1_234' title='bbox 783 2180 1055 2241; x_wconf 83' lang='lat' dir='ltr'>Angelorum</span> <span class='ocrx_word' id='word_1_235' title='bbox 1085 2200 1096 2227; x_wconf 88' lang='lat'>:</span> <span class='ocrx_word' id='word_1_236' title='bbox 1120 2181 1282 2227; x_wconf 87' lang='lat' dir='ltr'>dehinc</span> <span class='ocrx_word' id='word_1_237' title='bbox 1310 2183 1649 2233; x_wconf 88' lang='lat' dir='ltr'>descendentem</span> <span class='ocrx_word' id='word_1_238' title='bbox 1670 2203 1748 2248; x_wconf 91' lang='lat' dir='ltr'>per</span> 
     </span>
     <span class='ocr_line' id='line_1_30' title="bbox 350 2252 1748 2318; baseline 0.001 -16"><span class='ocrx_word' id='word_1_239' title='bbox 350 2255 566 2318; x_wconf 85' lang='lat' dir='ltr'>quosdam</span> <span class='ocrx_word' id='word_1_240' title='bbox 582 2253 769 2300; x_wconf 90' lang='lat' dir='ltr'>circulos</span> <span class='ocrx_word' id='word_1_241' title='bbox 790 2270 814 2297; x_wconf 90' lang='lat' dir='ltr'>a</span> <span class='ocrx_word' id='word_1_242' title='bbox 839 2252 1157 2313; x_wconf 86' lang='lat' dir='ltr'>principatibus</span> <span class='ocrx_word' id='word_1_243' title='bbox 1174 2253 1372 2313; x_wconf 86' lang='lat' dir='ltr'>malignis</span> <span class='ocrx_word' id='word_1_244' title='bbox 1393 2258 1507 2317; x_wconf 73' lang='lat' dir='ltr'>capi,</span> <span class='ocrx_word' id='word_1_245' title='bbox 1531 2267 1575 2302; x_wconf 86' lang='lat' dir='ltr'>et</span> <span class='ocrx_word' id='word_1_246' title='bbox 1596 2273 1748 2304; x_wconf 88' lang='lat' dir='ltr'>secun-</span> 
     </span>
     <span class='ocr_line' id='line_1_31' title="bbox 353 2324 1749 2386; baseline 0.001 -13"><span class='ocrx_word' id='word_1_247' title='bbox 353 2327 462 2373; x_wconf 90' lang='lat' dir='ltr'>dum</span> <span class='ocrx_word' id='word_1_248' title='bbox 480 2326 755 2372; x_wconf 89' lang='lat' dir='ltr'>voluntatem</span> <span class='ocrx_word' id='word_1_249' title='bbox 774 2325 947 2369; x_wconf 86' lang='lat' dir='ltr'>victoris</span> <span class='ocrx_word' id='word_1_250' title='bbox 962 2324 1169 2384; x_wconf 84' lang='lat' dir='ltr'>principis</span> <span class='ocrx_word' id='word_1_251' title='bbox 1186 2326 1232 2370; x_wconf 92' lang='lat' dir='ltr'>in</span> <span class='ocrx_word' id='word_1_252' title='bbox 1247 2341 1431 2386; x_wconf 87' lang='lat' dir='ltr'>corpora</span> <span class='ocrx_word' id='word_1_253' title='bbox 1452 2327 1620 2375; x_wconf 84' lang='lat' dir='ltr'>diversa</span> <span class='ocrx_word' id='word_1_254' title='bbox 1640 2344 1749 2374; x_wconf 90' lang='lat' dir='ltr'>con-</span> 
     </span>
     <span class='ocr_line' id='line_1_32' title="bbox 354 2396 1749 2459; baseline 0 -14"><span class='ocrx_word' id='word_1_255' title='bbox 354 2399 502 2454; x_wconf 82' lang='lat' dir='ltr'>trudi,</span> <span class='ocrx_word' id='word_1_256' title='bbox 527 2400 677 2459; x_wconf 87' lang='lat' dir='ltr'>eisque</span> <span class='ocrx_word' id='word_1_257' title='bbox 708 2397 868 2442; x_wconf 86' lang='lat' dir='ltr'>ascribi</span> <span class='ocrx_word' id='word_1_258' title='bbox 897 2396 1255 2457; x_wconf 82' lang='lat' dir='ltr'>chirographum.</span> <span class='ocrx_word' id='word_1_259' title='bbox 1284 2399 1410 2444; x_wconf 88' lang='lat' dir='ltr'>Unde</span> <span class='ocrx_word' id='word_1_260' title='bbox 1442 2410 1488 2445; x_wconf 91' lang='lat' dir='ltr'>et</span> <span class='ocrx_word' id='word_1_261' title='bbox 1521 2401 1749 2447; x_wconf 88' lang='lat' dir='ltr'>Mathesim</span> 
     </span>
    </p>
   </div>
   <div class='ocr_carea' id='block_1_5' title="bbox 354 2468 1753 2596">
    <p class='ocr_par' dir='ltr' id='par_1_5' title="bbox 354 2468 1753 2596">
     <span class='ocr_line' id='line_1_33' title="bbox 354 2468 1753 2532; baseline 0.001 -17"><span class='ocrx_word' id='word_1_262' title='bbox 354 2469 590 2530; x_wconf 75' lang='lat' dir='ltr'>praevalere</span> <span class='ocrx_word' id='word_1_263' title='bbox 606 2468 826 2524; x_wconf 88' lang='lat' dir='ltr'>firmabat,</span> <span class='ocrx_word' id='word_1_264' title='bbox 853 2482 1045 2512; x_wconf 85' lang='lat' dir='ltr'>asserens</span> <span class='ocrx_word' id='word_1_265' title='bbox 1056 2469 1178 2528; x_wconf 78' lang='lat' dir='ltr'>quod</span> <span class='ocrx_word' id='word_1_266' title='bbox 1192 2469 1276 2514; x_wconf 89' lang='lat' dir='ltr'>hoc</span> <span class='ocrx_word' id='word_1_267' title='bbox 1297 2470 1647 2532; x_wconf 77' lang='lat' dir='ltr'>chirographum</span> <span class='ocrx_word' id='word_1_268' title='bbox 1664 2471 1753 2518; x_wconf 92' lang='lat' dir='ltr'>sol-</span> 
     </span>
     <span class='ocr_line' id='line_1_34' title="bbox 403 2552 730 2596; baseline 0 -11"><span class='ocrx_word' id='word_1_269' title='bbox 403 2561 412 2578; x_wconf 81' lang='lat'>1</span> <span class='ocrx_word' id='word_1_270' title='bbox 434 2555 554 2588; x_wconf 84' lang='lat' dir='ltr'>Matth.</span> <span class='ocrx_word' id='word_1_271' title='bbox 582 2565 647 2596; x_wconf 71' lang='lat' dir='ltr'>xm,</span> <span class='ocrx_word' id='word_1_272' title='bbox 674 2552 730 2595; x_wconf 79' lang='grc'>46.</span> 
     </span>
    </p>
   </div>
  </div>
 </body>
</html>
