1803 3250
0 84 10 158 [ἶ

3 163 5 177 ι

0 191 5 276 i

0 277 6 330 ἷ

0 334 3 362 Ι

430 193 592 222 CONTRA
627 191 842 230 ἙΑυῡΤυΜ,
879 194 961 219 Lus.
1000 194 1109 220 xxu.
1410 183 1463 219 93

77 260 251 319 publice
269 259 531 315 clamarent,
562 257 810 304 frendentes
829 256 1057 302 adversum
1075 257 1323 302 Christum:
1344 259 1466 303 «Nos

78 347 99 370 »
124 345 213 374 non
236 330 447 374 habemus
470 343 613 387 regem
644 327 724 372 nisi
757 329 1017 372 Caesarem1.
1041 346 1060 368 n
1086 330 1238 388 Neque
1271 328 1356 372 hoc
1389 342 1466 371 ve-

74 414 188 454 rum,
207 400 286 444 nisi
302 399 375 444 illa
392 398 625 444 universali
645 397 944 443 dominatione
959 400 1258 443 Romanorum
1276 417 1285 442 :
1304 397 1467 458 quippe

72 470 203 514 etiam
236 472 379 515 Caesar
416 485 490 514 rex
523 478 616 514 erat
645 484 735 513 non
769 468 944 528 proprie
978 466 1267 525 Judaeorum3
1308 468 1383 512 sed
1419 476 1468 511 ut

71 540 293 586 Christum
325 549 559 600 negarent,
597 549 640 585 et
665 540 768 584 huic
789 538 1018 584 adularent
1039 574 1049 594 ‚
1074 538 1174 584 ideo
1196 554 1239 583 se
1265 538 1341 583 tali
1362 554 1467 583 voce

70 611 351 657 damnarunt.

128 685 348 728 LXXXV.
388 682 470 727 Illo
503 697 605 741 ergo
636 691 831 741 tempore
849 717 859 737 ‚
897 696 986 741 quo
1002 681 1092 741 jam
1119 680 1174 724 de
1200 681 1318 724 tribu
1340 681 1468 725 Judae

69 768 253 812 regnum
275 752 524 807 defecerat,
564 751 831 797 veniendum
864 761 955 796 erat
990 752 1164 797 Christo
1189 766 1293 796 vero
1319 750 1467 796 Salva-

69 824 153 867 tori
186 823 371 868 Domino
400 832 548 868 nostro
565 859 575 878 ‚
602 825 678 884 qui
710 840 800 869 non
830 824 1027 878 obesset,
1054 823 1335 883 multumque
1362 838 1467 882 pro-

70 894 224 938 desset.
254 894 322 939 Sic
341 894 457 937 enim
475 894 620 938 suerat
636 895 945 953 prophetatum
967 914 975 938 :
1003 913 1022 935 «
1043 897 1138 940 Non
1157 894 1331 938 deficiet
1348 894 1468 952 prin-

70 983 90 1007 »
118 980 218 1024 ceps
249 979 300 1008 ex
333 963 476 1018 Juda,
515 979 659 1023 neque
695 963 783 1007 dux
816 965 870 1008 de
906 963 1146 1009 femoribus
1170 965 1286 1025 ejus,
1328 963 1468 1009 donec

70 1052 91 1076 »
115 1035 261 1079 veniat
278 1034 350 1079 cui
367 1035 606 1093 repositum
627 1042 691 1078 est
714 1054 722 1078 :
744 1043 787 1078 et
806 1034 897 1093 ipse
913 1035 1154 1094 expectatio
1173 1035 1421 1079 Gentium2.
1444 1053 1464 1077 »

68 1108 166 1150 Jam
184 1105 267 1150 isto
288 1114 486 1164 tempore
508 1119 638 1149 omne
659 1120 837 1164 quoque
858 1106 1155 1164 magisterium
1180 1105 1436 1149 Judaeorum
1454 1140 1465 1160 ,

68 1185 111 1221 et
128 1176 311 1234 mystica
329 1211 340 1231 ‚
366 1175 486 1220 unde
505 1175 667 1221 Christi
688 1176 959 1219 vocabantur
974 1211 985 1230 ,
1010 1176 1164 1220 unctio
1182 1176 1273 1234 ipsa
1294 1176 1468 1221 defece-

68 1257 134 1292 rat
156 1246 399 1292 secundum
417 1247 691 1307 prophetiam
710 1246 900 1291 Danielis
916 1248 947 1290 3.
972 1249 1005 1291 T
1009 1263 1095 1291 unc
1114 1247 1232 1291 venit
1249 1247 1321 1291 cui
1338 1263 1466 1307 repo-

68 1319 200 1363 situm
226 1328 344 1374 erat,
379 1318 620 1379 expectatio
652 1317 856 1363 Gentium
877 1352 888 1372 ‚
923 1326 966 1361 et
995 1327 1155 1362 unctus
1186 1327 1250 1362 est
1284 1320 1468 1362 Sanctus

67 1399 315 1434 sanctorum
339 1388 435 1434 oleo
459 1388 733 1434 exultationis
754 1404 844 1448 prae
867 1388 1155 1448 participibus
1177 1388 1262 1433 suis
1277 1389 1309 1431 4.
1331 1391 1467 1434 Natus

67 1469 130 1505 est
157 1462 272 1505 enim
296 1460 480 1505 Herodis
497 1460 669 1520 majoris
688 1469 885 1518 tempore
904 1495 914 1515 ‚
942 1475 1089 1519 passus
1119 1469 1183 1504 est
1211 1468 1354 1503 autem
1381 1461 1466 1504 mi-

66 1531 183 1575 noris
206 1530 389 1575 Herodis
412 1531 640 1575 tetrarchae
656 1533 688 1574 ⁵.
716 1531 856 1590 Hujus
879 1531 1027 1590 itaque
1049 1530 1262 1575 venientis
1285 1531 1340 1575 ad
1366 1546 1467 1575 oves

66 1617 165 1663 quae
194 1601 413 1661 perierant
441 1601 597 1646 domus
627 1602 790 1645 Israel6
811 1637 821 1656 ‚
852 1603 1040 1660 figuram
1064 1603 1189 1660 gessit
1212 1603 1302 1662 ipse
1330 1602 1466 1646 Judas

66 1687 166 1717 cum
192 1672 274 1716 iret
292 1673 346 1716 ad
363 1671 606 1717 tondendas
624 1687 724 1717 oves
741 1688 839 1716 suas
856 1673 902 1716 in
921 1673 1117 1717 Thamna
1135 1675 1149 1699 ⁷
1168 1709 1178 1728 ‚
1199 1673 1318 1733 quod
1336 1673 1465 1717 inter-

68 1752 263 1804 pretatur
285 1743 511 1787 Defieiens.
534 1746 558 1788 J
562 1759 630 1787 am
648 1744 765 1786 enim
787 1742 1006 1788 defecerat
1030 1744 1232 1804 princeps
1249 1759 1301 1788 ex
1319 1746 1343 1787 J
1348 1743 1433 1788 uda
1451 1779 1462 1799 ‚

73 1823 118 1858 et
139 1828 268 1859 omne
285 1814 582 1873 magisterium
604 1823 737 1874 atque
754 1814 904 1858 unctio
922 1816 947 1857 J
951 1813 1179 1859 udaeorum
1198 1850 1208 1868 ‚
1232 1824 1282 1859 ut
1298 1814 1466 1858 veniret

70 1885 141 1930 cui
161 1884 399 1944 repositum
425 1894 532 1930 erat.
560 1886 692 1929 Venit
714 1893 860 1929 autem
885 1900 985 1929 cum
1004 1901 1082 1930 suo
1097 1895 1268 1945 pastore
1288 1883 1463 1929 Odolla·

66 1956 172 2000 mite
191 1990 202 2010 ,
227 1955 297 1999 cui
318 1970 481 2000 nomen
503 1964 595 1999 erat
615 1958 703 1999 Iras
721 1976 732 2013 3
757 1964 800 1999 et
823 1957 1135 2016 interpretatur
1157 1955 1462 2010 Odollamites‚

68 2026 383 2071 Testimonium
413 2030 457 2070 in
488 2042 615 2086 aqua.
646 2028 758 2072 Cum
782 2027 865 2071 hoc
889 2026 1019 2086 plane
1041 2027 1291 2071 testimonio
1314 2026 1467 2071 Domi-

66 2113 149 2142 nus
169 2098 292 2142 venit
313 2133 323 2153 ,
359 2097 526 2142 habens
548 2097 728 2158 quidem
750 2098 1051 2142 testimonium
1074 2099 1210 2157 majus
1234 2100 1402 2142 Joanne
1417 2098 1432 2122 3
1453 2117 1464 2154 3

67 2168 143 2212 sed
167 2179 312 2213 tamen
343 2178 521 2228 propter
550 2183 650 2213 oves
677 2168 870 2212 infirmas
899 2169 983 2213 hoc
1006 2170 1255 2213 testimonio
1278 2178 1342 2213 est
1363 2182 1467 2212 usus

66 2239 114 2283 in
130 2256 257 2299 aqua.
278 2241 387 2284 Nam
406 2248 450 2283 et
463 2239 552 2299 ipse
573 2242 660 2283 Iras
676 2275 686 2295 ‚
708 2239 830 2300 quod
850 2255 1013 2284 nomen
1030 2239 1145 2284 illius
1162 2240 1345 2299 pastoris
1364 2238 1463 2292 fuit,

67 2309 374 2367 interpretatur
417 2311 579 2355 Fratris
618 2311 703 2355 mei
743 2311 866 2356 visio.
907 2310 1026 2355 Vidit
1066 2311 1246 2356 omnino
1286 2310 1466 2355 fratrem

118 2429 128 2444 ¹
149 2423 240 2454 Joau.
262 2432 328 2462 xlx,
349 2421 453 2452 15.—
467 2427 480 2443 ²
499 2424 577 2454 Gcn.
599 2433 685 2462 xmx,
707 2436 755 2457 10.
773 2442 812 2447 -—
830 2423 842 2447 3
856 2427 935 2457 Dan.
956 2436 1002 2466 rx,
1018 2423 1071 2466 234.
1090 2442 1130 2448 —
1143 2424 1158 2454 4
1180 2424 1258 2457 Psal.
1281 2434 1366 2462 xmv,
1382 2425 1467 2454 8.-

68 2476 83 2501 5
100 2477 216 2510 Matth.
237 2488 274 2518 11,
292 2488 322 2517 1,
343 2482 372 2508 el
391 2477 469 2509 Luc.
495 2486 583 2517 xxm,
602 2486 618 2518 7
642 2480 675 2508 et
696 2474 750 2517 46.
764 2474 833 2499 -6
852 2477 973 2508 Matth.
993 2486 1049 2517 xv,
1068 2478 1123 2516 24.
1140 2493 1181 2500 —-
1197 2484 1211 2509 7
1228 2478 1307 2510 Gen.
1328 2486 1464 2518 xxxvm,

74 2541 126 2567 12.
142 2549 181 2557 -ι-
202 2531 217 2556 3
234 2534 326 2566 Joan.
348 2542 380 2574 ν,
400 2531 454 2565 36.
