1803 3250
313 182 390 218 196
464 196 496 216 s.
536 188 763 215 Ace-usum
796 186 960 214 cotenu
995 188 1209 225 nussum,
1245 188 1327 215 Lm.
1365 188 1523 216 xxxin.

307 256 386 299 bus
411 269 485 311 per
506 253 846 311 dispensationes
869 253 1198 311 Apostolorum,
1233 262 1276 297 et
1297 263 1433 298 certas
1460 253 1516 297 ab
1539 268 1689 298 eorum

302 325 474 369 sedibus
487 324 776 367 successiones
791 323 1100 383 Episcoporum
1118 360 1128 378 ‚
1151 339 1288 384 usque
1304 324 1356 368 ad
1380 325 1473 369 haec
1495 334 1690 383 tempora

303 403 395 438 toto
427 395 530 437 orbe
568 403 776 438 terrarum
811 394 1052 451 custodita,
1084 394 1386 440 commendata
1408 430 1420 449 ,
1457 395 1690 440 clarificata

304 465 513 526 pervenit.
542 466 606 509 lbi
636 466 751 510 enim
775 465 973 510 videbitis
1002 467 1129 511 etiam
1164 468 1330 511 Veteris
1363 468 1625 511 Testamenti
1648 475 1692 511 ct

301 537 483 582 obscura
509 536 709 591 revelari,
749 546 791 581 et
828 537 1034 597 praedicta
1063 538 1286 598 compleri,
1328 539 1368 583 Si
1399 549 1544 581 autem
1570 537 1691 598 quasi

302 609 468 653 ratione
490 609 749 668 movemini3
774 610 961 668 primum
989 611 1185 669 cogitetis
1215 612 1393 670 quinam
1418 611 1531 664 sitis,
1557 624 1691 668 quam

301 680 445 725 minus
467 680 610 724 idonei
631 680 684 724 ad
707 681 1162 739 comprehendendam
1188 691 1385 725 naturam
1400 717 1411 736 ‚
1436 697 1524 725 non
1547 683 1689 726 dicam

304 753 398 808 Dei,
413 752 488 796 sed
504 753 659 796 animae
674 762 826 796 vestrae
844 772 852 797 :
879 753 1332 812 comprehendendam
1351 768 1465 805 sane,
1483 752 1689 814 quemad-

302 823 481 868 modum
497 823 884 868 velleautvoluisse
896 839 969 867 vos
984 823 1386 878 dicitis,certissima
1399 826 1579 879 ratione,
1603 839 1692 868 non

301 895 532 939 vanissima
548 893 804 938 credulitate
832 913 841 938 ι
867 894 986 954 quod
1005 910 1104 939 curn
1121 896 1299 939 minime
1316 896 1559 955 potueritis,
1582 895 1692 953 (sine

302 966 439 1010 duhio
476 968 591 1009 enim
620 966 817 1026 quandiu
847 966 953 1011 tales
991 968 1115 1023 estis,
1146 967 1269 1012 nullo
1299 966 1430 1011 modo
1453 967 1692 1026 poteritis‚)

298 1035 407 1080 illud
429 1036 581 1081 saltem
603 1036 726 1097 quod
749 1038 865 1082 omni
890 1038 1095 1082 humanae
1120 1039 1254 1082 menti
1277 1047 1341 1082 est
1359 1037 1613 1082 naturaliter
1630 1038 1694 1082 in-

300 1108 449 1164 situm,
470 1109 502 1152 si
519 1108 652 1153 modo
671 1108 712 1152 id
738 1124 948 1167 perversae
963 1110 1179 1168 opinionis
1199 1110 1409 1169 pravitate
1433 1125 1520 1153 non
1537 1109 1691 1153 turbe-

301 1188 394 1236 tur,
438 1181 513 1225 Dei
556 1190 757 1225 naturam
796 1191 928 1241 atque
964 1182 1251 1226 substantiam
1286 1178 1691 1226 incommutabilem

297 1252 477 1296 omnino
493 1287 504 1306 ,
529 1253 709 1296 omnino
735 1251 1110 1311 incorruptibilem
1131 1254 1341 1312 cogitate,
1363 1253 1430 1297 vel
1450 1251 1629 1306 credite,
1649 1261 1692 1296 et

297 1324 525 1369 Manichaei
550 1325 760 1369 continuo
783 1340 871 1370 non
894 1325 1036 1380 erim,
1068 1334 1118 1369 ut
1145 1324 1381 1385 aliquando
1414 1334 1457 1369 et
1487 1323 1690 1369 catholici

299 1410 389 1441 esse
411 1396 593 1455 possitis,
