1803 3250
361 260 524 290 CONTRA
557 259 862 290 Anvrznsnumvi
896 260 1031 296 Lnols,
1067 261 1149 288 Lm.
1186 262 1233 287 11.
1417 247 1500 287 423

114 328 257 385 Moysi
274 362 285 382 ‚
324 327 447 387 cujus
491 327 731 385 Scripturas
776 334 902 383 putat
945 325 1099 370 dixisse
1141 324 1397 384 Apostolum
1433 324 1497 370 fa-

115 397 239 442 bulas
261 397 420 455 aniles,
453 396 507 441 de
531 396 740 456 qualitate
772 395 1035 453 figurarum,
1073 395 1127 440 de
1167 397 1415 452 Abraham,
1448 395 1503 440 de

116 467 212 512 filiis
241 467 336 512 Heli
366 466 627 523 sacerdotis,
658 466 711 511 de
741 465 956 510 sacrificiis
976 501 986 520 ,
1026 482 1126 525 quae
1159 476 1285 525 putat
1312 481 1397 510 non
1425 467 1502 510 nisi

117 538 394 583 daemonibus
431 537 624 580 exhiberi
646 558 658 594 3
700 535 754 580 de
799 535 1024 593 Prophetis
1066 537 1138 579 Dei
1167 571 1177 587 ,
1224 552 1332 596 quos
1380 546 1505 595 putat

117 617 220 653 ante
243 609 481 653 adventum
506 608 680 652 Domini
701 622 789 651 non
821 605 976 663 fuisse,
1011 606 1064 650 de
1100 622 1152 651 eo
1181 607 1299 667 quod
1324 608 1368 651 in
1392 610 1504 665 Lege

118 681 309 740 positum
332 690 418 735 est,
452 679 706 738 sanguinem
732 693 823 722 esse
851 678 1038 722 animam
1064 697 1072 721 z
1097 678 1152 721 de
1179 681 1265 722 Deo
1287 679 1356 722 cui
1381 681 1504 736 Moy-

115 767 180 796 ses
212 751 415 806 servivit,
439 766 573 811 quem
608 759 733 810 putat
762 752 901 794 Deum
941 763 1093 792 verum
1132 763 1220 791 non
1253 747 1380 792 fuisse
1414 768 1421 792 :
1452 748 1506 792 de

115 821 325 867 varietate
345 836 656 881 personarum,
689 820 734 864 in
757 819 917 880 quibus
938 827 1065 878 putat
1086 816 1344 876 Apostolum
1380 817 1504 861 locu-

113 901 207 937 tum
232 907 320 936 esse
337 891 562 937 fallaciter.
582 895 690 945 Quae
707 891 854 936 omnia
877 907 966 935 non
983 891 1066 935 hoc
1081 890 1234 934 ordine
1252 898 1506 947 persecutus

112 977 210 1008 sum
225 997 236 1017 ‚
261 963 340 1022 qui
361 972 425 1007 est
446 963 491 1006 in
513 962 626 1007 libro
648 963 766 1022 ejus3
792 961 866 1006 sed
889 962 1000 1005 sicut
1022 970 1182 1006 nostrae
1203 960 1507 1020 disputationis

110 1033 284 1078 sibimet
304 1048 499 1078 connexa
521 1033 650 1078 series
676 1031 928 1092 postulavit.

168 1105 374 1148 XXXVI.
403 1107 504 1148 Post
532 1105 625 1149 haec
647 1119 751 1162 ergo
780 1104 926 1148 omnia
959 1102 1138 1146 titulum
1173 1103 1341 1161 posuit,
1379 1102 1438 1146 ita
1461 1118 1505 1146 se

109 1175 345 1219 habentem
363 1194 372 1220 :
388 1175 596 1219 Discretio
609 1175 839 1234 spirituum
858 1173 1134 1231 malignitatis
1146 1184 1189 1218 et
1202 1173 1419 1217 bonitatis.
1444 1175 1499 1217 Et

108 1244 245 1304 coepit
274 1245 499 1289 contrariis
536 1245 650 1289 inter
678 1260 722 1289 se
762 1244 966 1288 brevibus
995 1245 1246 1305 crebrisque
1277 1244 1501 1288 sententiis

106 1314 286 1360 laudare
308 1315 551 1370 Christum,
579 1325 623 1360 et
646 1331 847 1360 accusare
881 1315 1008 1373 Legis
1040 1317 1197 1369 Deum,
1231 1315 1316 1359 hoc
1346 1314 1503 1369 modo,

106 1385 230 1431 velut
250 1401 350 1430 eum
377 1386 431 1431 ad
453 1402 586 1446 quem
613 1387 828 1431 scribebat
859 1386 1088 1431 exhortans
1111 1406 1120 1430 ;
1149 1405 1168 1428 «
1191 1388 1335 1439 Quare
1357 1386 1502 1443 igitur,

107 1455 259 1511 frater,
282 1457 442 1516 inquit,
464 1456 718 1501 recedentes
743 1457 798 1500 ab
830 1457 1062 1515 iniquitate
1094 1456 1301 1516 praeteriti
1331 1457 1501 1508 erroris,

106 1527 383 1572 intendamus
405 1528 633 1573 Christum
658 1542 812 1572 verum
833 1543 881 1572 ac
903 1543 1124 1572 summum
1145 1530 1298 1581 Deum,
1318 1543 1406 1570 non
1425 1528 1504 1570 hu-

99 1600 170 1659 jus
191 1598 340 1643 saeculi
364 1599 603 1658 principem
625 1608 668 1642 et
689 1599 842 1643 mundi
862 1599 1090 1653 factorem,
1115 1598 1160 1641 in
1179 1613 1267 1657 quo
1286 1613 1363 1642 nos
1385 1612 1504 1656 pere—

106 1670 266 1728 grinari
296 1669 529 1728 saepissime
556 1668 824 1714 declaratum
849 1679 927 1714 est.
957 1668 1266 1724 Intendamus,
1291 1669 1471 1728 inquam
1489 1703 1500 1723 ‚

104 1739 230 1784 illum
273 1740 394 1800 pium
430 1755 480 1784 ac
507 1739 680 1792 mitem,
713 1740 889 1800 quinos
923 1756 1012 1785 suae
1045 1740 1316 1798 cognationis
1353 1748 1502 1783 osten-

105 1810 213 1855 dens
233 1846 244 1866 ,
281 1810 435 1854 mundi
463 1810 615 1854 lumen
643 1811 815 1855 vocavit
841 1831 848 1855 ;
882 1826 971 1855 non
1003 1810 1128 1854 illum
1153 1811 1229 1871 qui
1257 1809 1500 1855 secundum

103 1882 335 1941 scripturas
357 1884 382 1926 J
387 1880 563 1926 uda'i‘cas
585 1892 808 1926 terrenum
837 1883 964 1926 nobis
986 1882 1160 1926 initium
1186 1882 1404 1939 assignans
1420 1915 1431 1935 ‚
1456 1880 1501 1924 in

101 1962 217 2007 terra
239 1953 362 1998 nobis
387 1953 518 1997 finem
541 1951 713 1997 indixit.
741 1953 1026 1998 Intendamus
1052 1952 1177 1996 illum
1201 1953 1279 2013 qui
1303 1967 1380 1997 nos
1407 1950 1500 1995 fra-

104 2033 189 2069 tres
212 2024 458 2083 appellans,
483 2023 660 2082 vigilare
693 2039 742 2068 ac
776 2023 922 2068 divina
962 2040 1111 2083 sapere
1134 2024 1348 2083 persuasit
1374 2043 1382 2068 :
1411 2039 1498 2067 non

103 2094 227 2139 illum
250 2095 328 2156 qui
355 2110 432 2139 nec
461 2094 770 2154 dignoscentiae
804 2096 983 2155 quidem
1013 2111 1186 2140 sensum
1216 2096 1378 2140 habere
1403 2110 1499 2154 per-

105 2169 236 2212 misit.
258 2186 278 2209 »
306 2170 452 2227 Atque
474 2167 558 2212 hoc
582 2168 714 2213 modo
735 2179 890 2212 caetera
914 2167 1049 2212 multa
1073 2168 1310 2212 contexuit.
1384 2210 1387 2211 γ

164 2240 389 2284 XXXVII.
415 2239 496 2283 Cui
520 2237 618 2283 loco
634 2237 735 2282 libri
753 2240 842 2299 ejus
866 2241 924 2283 ita
942 2238 1300 2297 respondendum
1326 2237 1496 2297 putavi,

103 2317 154 2353 ut
174 2309 303 2353 etiam
325 2323 406 2367 ego
428 2324 503 2353 vos
534 2309 784 2354 exhortarer
814 2330 821 2353 ι
862 2308 1145 2353 Intendamus
1171 2308 1392 2353 Christum
1427 2322 1500 2350 ve-

105 2395 203 2424 rum
227 2389 270 2424 et
287 2395 506 2424 summum
526 2384 679 2435 Deum,
695 2382 840 2425 veriet
854 2380 1013 2425 summi
1031 2382 1105 2425 Dei
1123 2381 1300 2425 unicum
1321 2379 1497 2431 Filium,

105 2467 196 2496 non
216 2451 346 2511 hujus
360 2450 508 2495 saeculi
531 2451 774 2510 malignum
790 2452 1051 2512 principem,
1071 2451 1146 2495 sed
1165 2461 1305 2495 tamen
1326 2448 1495 2499 mundi,

105 2523 190 2567 hoc
210 2532 289 2577 est,
318 2521 420 2566 coeli
442 2532 657 2584 terraeque
679 2522 891 2569 factorem
905 2559 916 2579 ,
941 2523 1017 2583 qui
1038 2538 1116 2567 nos
1138 2533 1343 2582 tanquam
1370 2536 1495 2579 pere-

106 2593 251 2650 grinos
271 2593 407 2638 vitam
424 2593 708 2652 temporalem
728 2595 775 2638 in
796 2595 878 2638 hac
901 2609 1026 2651 agere
1045 2590 1309 2636 mortalitate
1332 2605 1496 2650 praece-
