1803 3250
313 187 480 219 CONTRA
512 187 815 218 ADVERSARIUM
847 189 983 227 Luem,
1018 189 1101 216 Lm.
1137 191 1167 215 1.
1351 176 1436 217 335

54 256 333 316 principium.
359 256 402 300 Si
419 270 520 313 ergo
541 256 598 299 ita
616 263 724 299 esset
735 254 945 312 scriptum
964 273 974 298 ι
1000 257 1053 298 In
1069 253 1192 297 initio
1206 252 1310 297 feeit
1325 255 1439 298 Deus

53 326 217 371 coelum
245 335 287 370 et
316 336 498 383 terram3
535 325 644 370 nihil
665 335 816 369 contra
838 325 921 369 hoc
948 325 1027 369 iste
1058 334 1332 380 moveretur,
1364 325 1441 385 qui

54 397 163 442 dixit
187 417 197 443 :
222 400 312 443 Cur
334 414 423 442 non
440 398 544 442 olim
568 413 619 440 ex
642 397 766 441 initio
788 395 951 439 factum
967 398 1062 440 est?
1084 395 1443 456 quandoquidem

54 468 216 527 legeret
243 487 253 513 2
278 472 329 512 In
353 469 478 513 initio
500 468 602 512 fecit
625 471 759 525 Deus3
783 483 872 511 non
901 467 1146 512 existimans
1170 469 1351 528 impium
1372 504 1383 524 ,
1411 469 1445 513 si

55 538 257 583 credatur
274 542 388 583 Deus
403 538 562 582 habere
584 539 774 593 initium,
789 536 865 581 sed
883 553 972 581 non
985 538 1146 582 habere
1160 539 1296 598 prinei
1303 540 1440 598 pium.

56 611 186 664 Quod
202 613 237 655 si
257 612 314 655 ita
337 619 423 666 est,
449 609 706 654 emendetur
734 610 817 654 hoc
834 617 1015 653 auctore
1032 609 1341 667 Evangelfflm,
1369 610 1446 653 ubi

56 683 266 741 scriptum
284 691 347 726 est
368 701 376 727 :
406 700 426 724 «
448 684 499 725 In
521 680 733 740 principio
751 690 842 725 erat
857 680 1096 724 Verbum1.
1119 682 1208 724 Cur
1224 680 1341 723 enim
1357 695 1447 725 non

56 753 185 796 etiam
207 752 279 797 hic
298 753 377 796 iste
393 752 510 796 dicat
531 771 540 796 ;
567 755 618 795 In
636 751 849 810 principio
867 751 998 808 igitur
1015 752 1136 811 quo?
1161 751 1334 811 ejus-ne
1357 765 1447 810 quo

55 823 173 866 idem
201 823 396 866 Verbum
424 838 514 866 esse
542 822 716 881 coepit?
745 824 802 866 Et
822 821 925 880 quia
955 824 1066 865 Deus
1099 830 1192 865 erat
1217 821 1409 865 Verbum
1431 854 1442 876 ,

57 902 200 952 potest
220 893 350 937 etiam
368 892 427 937 sic
442 893 602 947 dicere,
624 891 997 953 quemadmodum
1015 892 1061 935 in
1082 893 1165 937 hoc
1183 891 1298 936 libro
1310 891 1446 936 dixit:

57 965 226 1023 ejus-ne
247 980 337 1024 quo
362 963 479 1008 idem
506 967 620 1008 Deus
642 978 730 1007 esse
752 963 919 1022 coepit?
952 962 1077 1007 Dicat
1098 962 1191 1017 hie,
1223 962 1258 1007 si
1278 961 1421 1022 placet
1436 997 1448 1017 ,

59 1035 188 1078 etiam
210 1034 331 1078 illam
359 1034 628 1078 definitivam
652 1049 774 1078 suam
793 1068 804 1089 ,
838 1034 915 1077 ubi
937 1032 1060 1077 audit
1080 1052 1090 1078 ε
1120 1052 1141 1075 «
1162 1036 1212 1077 In
1237 1033 1451 1092 principio

61 1124 82 1147 »
107 1115 198 1149 erat
222 1105 442 1149 Verbum:
467 1123 487 1145 η
516 1103 632 1148 dicat
660 1105 790 1148 etiam
815 1105 902 1158 hic,
928 1104 963 1148 si
984 1103 1118 1148 audet
1143 1123 1152 1148 :
1182 1103 1363 1149 Nullum
1387 1112 1451 1148 est

60 1175 321 1236 principium
336 1176 427 1219 sine
443 1176 552 1232 f1ne3
570 1184 618 1219 ut
633 1176 687 1218 ab
705 1175 806 1234 ipsis
824 1175 954 1218 etiam
970 1175 1238 1230 Manichaeis‚
1257 1175 1334 1235 qui
1350 1189 1453 1219 eum

59 1246 253 1302 fortasse,
279 1247 382 1307 quia
403 1246 628 1289 inimicum
650 1246 758 1304 Legi
781 1247 1099 1306 Prophetisque
1127 1246 1374 1305 reperiunt,
1397 1246 1453 1290 li-

60 1318 308 1362 bentissime
329 1317 509 1375 legunt,
528 1316 750 1376 judicetur
775 1318 968 1361 insanus.
995 1316 1107 1369 Quia
1128 1331 1232 1361 vero
1253 1316 1455 1377 displicet

62 1389 101 1432 ei
123 1391 237 1433 Deus
260 1387 337 1447 qui
369 1386 474 1430 fecit
505 1385 748 1442 mundum,
773 1401 852 1430 eur
879 1401 969 1430 non
993 1385 1196 1446 displicet
1224 1401 1302 1446 per
1322 1400 1455 1447 quem

63 1458 203 1503 factus
220 1467 282 1502 est
298 1456 518 1501 mundus?
539 1457 594 1501 de
611 1457 785 1501 Christo
798 1456 915 1500 enim
931 1457 1141 1516 scriptum
1157 1466 1245 1502 est:
1268 1476 1289 1501 «
1306 1461 1358 1502 In
1369 1458 1456 1502 hoc

69 1550 87 1572 ›>
113 1528 280 1573 mundo
302 1538 409 1584 erat,
435 1538 478 1573 et
500 1527 691 1572 mundus
713 1543 790 1587 per
813 1543 913 1572 eum
935 1527 1077 1572 factus
1099 1532 1208 1573 est2.

123 1603 200 1645 VI.
228 1600 446 1658 Intelligat
463 1601 613 1660 utique
632 1603 770 1644 Deum
788 1599 929 1645 facere
947 1599 1063 1645 bona
1079 1615 1219 1659 posse,
1234 1600 1359 1645 bonis
1375 1615 1454 1644 au·-

66 1681 153 1717 tem
173 1689 194 1716 a
212 1688 256 1716 se
274 1671 397 1716 saetis
418 1687 545 1731 egere
564 1688 654 1716 non
672 1687 796 1731 posse
817 1691 826 1717 ;
852 1672 971 1715 unde
988 1687 1068 1716 nec
1085 1670 1295 1717 faciendis
1316 1674 1454 1731 eguit,

66 1745 141 1803 qui
164 1742 287 1787 factis
309 1758 398 1787 non
421 1752 531 1801 eget.
571 1743 654 1788 Sed
682 1758 851 1787 summe
878 1743 1019 1787 bonus
1048 1742 1151 1788 fecit
1180 1744 1350 1795 omnia,
1375 1743 1457 1787 sibi

66 1815 247 1875 quidem
267 1814 469 1873 imparia,
503 1813 579 1858 sed
607 1823 756 1858 tamen
784 1814 915 1858 bona.
943 1817 1115 1858 Bonum
1138 1815 1303 1875 quippe
1325 1814 1458 1858 etiam

68 1901 158 1930 non
188 1900 434 1940 summum,
468 1885 662 1929 imovero
690 1887 821 1928 etiam
851 1885 1051 1929 infimum
1070 1921 1081 1941 ,
1119 1886 1200 1930 nisi
1237 1901 1260 1930 a
1289 1900 1460 1930 summo

67 1957 186 2001 bono
208 1972 298 2009 esse
321 1972 412 2001 non
434 1966 591 2016 posset.
628 1956 764 2002 Nimis
787 1965 934 2000 autem
959 1957 1014 2001 de
1038 1960 1127 2002 Deo
1154 1957 1268 2001 male
1298 1958 1457 2012 sentit,

68 2027 144 2087 qui
164 2036 390 2086 propterea
411 2027 578 2071 bonum
601 2042 692 2072 esse
713 2027 880 2087 aliquid
899 2037 1045 2086 negat,
1067 2028 1169 2087 quia
1191 2027 1359 2088 aequale
1374 2031 1460 2073 Deo

68 2114 159 2142 non
185 2113 275 2142 esse
300 2098 533 2156 cognoscit.
565 2101 629 2142 Ita
653 2098 769 2143 enim
801 2114 891 2142 non
921 2098 999 2142 erit
1022 2097 1095 2142 ille
1117 2114 1359 2152 summum,
1385 2097 1461 2142 sed

70 2169 272 2213 infimum
295 2169 487 2225 bonum,
511 2170 543 2213 si
564 2169 780 2230 quidquid
805 2185 856 2213 eo
878 2169 1021 2213 minus
1049 2179 1137 2219 est,
1166 2171 1256 2230 jam
1280 2185 1369 2214 non
1397 2178 1461 2213 est

18 2244 21 2248 '
70 2240 257 2284 bonum.
284 2244 419 2286 Porro
450 2241 484 2285 si
513 2241 559 2285 in
591 2241 721 2285 rebus
748 2256 856 2300 quas
890 2239 1111 2296 condidit,
1146 2256 1195 2285 ea
1230 2257 1330 2300 quae
1361 2249 1463 2285 sunt

71 2312 210 2370 prima
230 2311 347 2356 bona
367 2311 496 2356 valde
516 2320 619 2356 sunt
639 2311 820 2371 imparia
842 2310 1091 2367 Conditori‚
1116 2312 1218 2372 quia
1235 2311 1309 2356 ille
1333 2311 1459 2367 feeit,

72 2383 166 2427 haec
190 2381 303 2427 facta
324 2392 449 2439 sunt3
473 2380 670 2442 profecto
696 2383 773 2442 qui
797 2381 954 2427 talibus
977 2398 1064 2427 non
1087 2383 1207 2442 eguit
1230 2383 1285 2427 ad
1299 2399 1463 2443 augen-

72 2451 173 2499 dam
195 2452 515 2498 beatitudinem
533 2468 671 2509 suam,
696 2452 838 2498 multo
860 2453 1005 2498 minus
1026 2453 1304 2500 inferioribus
1329 2464 1462 2515 atque

123 2541 135 2558 ¹
157 2539 250 2571 Joan.
268 2548 293 2579 1,
315 2547 344 2570 1.
359 2553 401 2561 —
417 2536 530 2571 ²1bid.
555 2547 605 2570 ιο.
