1803 3250
411 191 574 222 CONTRA
608 190 823 229 FAUSTUM,
859 193 941 219 ιω.
980 194 1137 221 xxxin.
1392 185 1472 222 193

87 259 191 304 caeci
213 272 302 304 non
330 258 500 304 videtis.
526 259 642 313 Quid
665 259 779 303 enim
804 273 1007 315 magnum
1031 268 1123 302 erat
1144 257 1222 302 ista
1247 258 1476 316 diligenter

85 328 313 388 inspicere,
339 339 382 374 et
405 330 658 375 eorumdem
685 329 943 387 scriptorum
966 345 1169 388 magnam
1193 339 1235 373 et
1256 329 1475 373 salubrem

84 399 279 445 invenire
296 401 641 459 congruentiam,
658 400 692 444 si
706 415 782 444 vos
796 401 1019 444 contentio
1035 417 1121 443 non
1136 410 1415 459 perverteret,
1433 411 1475 445 et

83 470 118 514 si
141 471 275 529 pietas
299 471 547 532 adjuvaret?
567 470 671 524 Quis
685 470 799 514 enim
822 486 1017 530 unquam
1035 470 1144 514 duos
1169 471 1392 516 historicos
1409 471 1474 516 le-

84 556 188 600 gens
204 543 259 586 de
272 559 358 587 una
375 558 420 586 re
431 543 680 596 scribentes,
702 551 941 602 utrumque
957 542 1025 585 vei
1044 542 1303 585 utrumlibet
1323 559 1476 587 eorum

83 622 159 656 aut
179 611 327 656 fallere
342 623 417 657 aut
430 612 522 657 falli
538 613 771 657 arbitratus
788 623 865 665 est,
887 613 919 656 si
936 628 1049 656 unus
1065 627 1215 656 eorum
1236 612 1342 655 dixit
1356 613 1476 672 quod

82 680 190 727 alius
202 684 495 743 praetermisit3
508 683 626 727 autsi
641 683 749 727 alter
758 683 922 743 aliquid
945 683 1117 727 brevius
1129 683 1381 741 complexus
1395 694 1472 740 est,

82 754 279 798 eamdem
297 765 439 799 tamen
452 755 709 799 sententiam
719 755 879 799 salvam
892 756 1197 815 integramque
1208 754 1472 810 custodiens,

82 823 190 868 alter
213 834 359 870 autem
382 836 591 886 tanquam
612 827 889 871 membratim
912 837 1067 871 cuncta
1092 827 1285 886 digessit,
1313 836 1363 870 ut
1387 842 1480 871 non

80 895 222 940 solum
246 897 354 956 quid
376 897 539 941 factum
570 899 645 953 sit,
680 901 965 943 verumetiam
991 897 1365 958 quemadmodum
1386 897 1479 942 fac-

82 974 176 1010 tum
195 967 250 1011 sit
265 967 520 1013 intimaret?
545 970 665 1014 Sicut
686 973 872 1014 Faustus
892 969 994 1013 binc
1013 968 1348 1026 Evangeliorum
1365 970 1480 1013 veri-

80 1038 159 1082 tati
180 1036 322 1083 voluit
343 1039 620 1094 calumniari,
639 1042 739 1100 quia
760 1041 994 1085 Matthaeus
1010 1040 1177 1100 aliquid
1196 1040 1319 1095 dixit,
1358 1040 1479 1100 quod

80 1112 218 1154 L'ucas
241 1125 342 1154 cum
362 1110 479 1154 idem
502 1121 697 1154 narraret
715 1112 858 1155 dicere
878 1112 1167 1170 praetermisit,
1190 1112 1310 1170 quasi
1340 1127 1472 1169 nega-

78 1181 188 1225 verit
222 1183 360 1225 Lucas
390 1180 544 1224 dixisse
572 1182 792 1226 Christum
811 1216 822 1235 ,
856 1180 978 1240 quod
1008 1196 1108 1224 eum
1131 1182 1300 1240 scripsit
1322 1181 1478 1226 dixisse

80 1253 329 1297 Matthaeus.
348 1254 459 1298 Hinc
470 1253 651 1298 omnino
665 1252 786 1296 nulla
804 1269 998 1312 unquam
1011 1254 1193 1312 quaestio
1208 1254 1309 1306 fuit,
1330 1270 1474 1314 neque

79 1323 164 1368 hoc
188 1323 318 1384 objici
346 1324 427 1367 nisi
459 1324 514 1367 ab
537 1314 717 1368 omnino
740 1323 1095 1382 imprudentibus
1120 1333 1162 1367 et
1184 1324 1294 1366 nihil
1317 1325 1476 1367 harum

76 1410 223 1439 rerum
240 1395 513 1439 considerare
534 1394 784 1439 volentibus
801 1411 875 1439 seu
892 1394 1139 1439 valentibus
1161 1404 1319 1454 potest.
1357 1394 1475 1439 Illud

77 1480 181 1510 sane
197 1475 241 1510 et
258 1466 419 1526 requiri
442 1467 554 1520 inter
574 1465 739 1520 fideles,
766 1475 810 1509 et
832 1466 962 1526 objici
986 1467 1040 1509 ab
1059 1465 1311 1509 infidelibus
1333 1464 1442 1510 solet
1462 1500 1472 1521 ,

76 1537 153 1581 sed
176 1537 308 1581 etiam
331 1537 432 1596 ipsis
452 1537 521 1581 vel
542 1553 694 1596 parum
724 1537 922 1593 eruditis,
949 1537 1019 1581 vel
1042 1538 1167 1580 nimis
1190 1537 1474 1581 contentiosis

77 1607 159 1652 nisi
174 1607 385 1652 admoniti
403 1608 679 1667 resipuerint,
695 1609 816 1669 quod
834 1609 1068 1654 Matthaeus
1085 1608 1194 1651 dixit
1211 1627 1220 1653 ς
1247 1628 1267 1649 «
1285 1608 1476 1652 Accessit

83 1697 102 1721 >³
129 1678 185 1723 ad
209 1694 310 1723 cum
329 1680 539 1724 Centurio
554 1714 564 1732 ,
591 1695 746 1738 rogans
765 1695 888 1735 eum,
911 1688 955 1724 et
977 1680 1174 1736 dicens¹3
1197 1700 1213 1720 »
1237 1681 1375 1723 Lucas
1395 1695 1474 1723 au-

77 1758 166 1794 tem
187 1751 309 1810 quod
331 1750 496 1794 miserit
514 1749 566 1793 ad
589 1765 689 1794 eum
715 1751 903 1794 seniores
926 1750 1204 1803 Judaeorum,
1227 1751 1311 1795 hoc
1331 1751 1473 1809 ipsum

74 1830 276 1880 rogantes
298 1820 353 1865 de
367 1837 502 1881 puero
518 1822 698 1881 ejusqui
716 1823 973 1880 aegrotabat,
994 1833 1041 1867 ut
1060 1838 1159 1866 eum
1185 1826 1401 1875 sanaret‘z
1428 1832 1470 1865 et

77 1907 178 1937 cum
202 1893 573 1953 appropinquaret
597 1891 749 1935 domui
765 1927 776 1947 ,
803 1892 966 1936 miserit
991 1893 1096 1936 alios
1120 1909 1197 1952 per
1221 1909 1331 1953 qnos
1350 1892 1471 1936 dice--

79 1972 165 2019 ret,
191 1979 281 2008 non
305 1979 396 2008 esse
424 1978 468 2007 se
489 1962 672 2022 dignum
701 1963 746 2006 in
780 1966 904 2023 cujus
927 1963 1109 2008 domum
1140 1964 1321 2007 intraret
1349 1965 1472 2006 Jesus

77 2050 159 2080 nec
175 2051 219 2079 se
239 2035 379 2095 ipsum
397 2035 581 2094 dignum
604 2043 653 2079 ut
669 2034 837 2079 veniret
860 2035 914 2079 ad
938 2038 1102 2080 Jesum.
1122 2034 1355 2088 Quomodo
1371 2049 1471 2092 ergo

76 2106 319 2152 secundum
338 2107 618 2165 Matthaeum3
641 2106 817 2151 accessit
836 2106 890 2150 ad
913 2123 1011 2150 eum
1033 2122 1205 2165 rogans,
1231 2116 1274 2149 et
1294 2106 1468 2149 dicens:

79 2198 100 2221 «
116 2182 230 2223 Puer
239 2180 484 2239 meusjacet
501 2179 686 2223 indomo
698 2179 979 2239 paralyticus,
995 2188 1038 2222 et
1050 2177 1160 2221 male
1173 2187 1403 2237 torquetur
1417 2178 1434 2217 ‘3
1448 2194 1467 2216 »

77 2251 171 2294 lIoc
197 2265 301 2309 ergo
321 2249 597 2308 intelligitur,
619 2252 877 2295 Matthaeum
902 2250 1089 2294 breviter
1119 2249 1378 2293 sententiam
1405 2248 1471 2306 ip-

76 2335 164 2364 sam
187 2336 336 2365 veram
357 2321 661 2381 integramque
683 2321 975 2381 complexum,
991 2320 1207 2364 dicentem
1224 2318 1345 2378 quod
1362 2321 1473 2363 Cen-

76 2391 192 2435 turio
215 2391 440 2435 accesserit
463 2392 518 2434 ad
540 2395 705 2447 Jesum,
739 2402 782 2437 et
804 2409 894 2437 non
915 2394 1133 2436 dicentem
1160 2401 1305 2435 utrum
1323 2405 1402 2449 per
1426 2404 1471 2433 se

77 2462 221 2522 ipsum
243 2461 488 2516 accesserit,
513 2476 569 2505 an
591 2477 670 2522 per
699 2462 806 2507 alios
828 2481 836 2507 :
863 2472 905 2507 et
930 2463 1048 2522 quod
1076 2463 1114 2505 ei
1141 2463 1195 2506 de
1225 2477 1362 2521 puero
1390 2476 1468 2504 suo

126 2555 135 2572 ¹
156 2548 276 2582 Matth.
296 2558 368 2590 viu,
387 2546 420 2580 5.
433 2563 474 2571 —
487 2552 500 2569 2
518 2547 596 2580 Luc.
615 2558 672 2589 vu,
692 2547 723 2581 3.

270 2612 459 2644 cxxxvl.
1234 2600 1282 2639 13
