1803 3250
428 160 591 190 CONTRA
628 159 842 199 FAUsTUM‚
880 164 962 189 Lus.
999 163 1109 189 xxu.
1409 150 1463 187 65

78 229 210 288 magis
224 243 357 289 quam
378 244 421 273 se
439 230 719 289 justificatam
743 227 906 282 dicens,
929 245 1008 273 nec
1026 229 1143 288 ipam
1162 226 1371 281 laudavit,
1392 226 1469 269 sed

75 299 120 343 in
153 299 221 344 sui
255 301 576 358 comparatione
608 298 872 358 praeposuit:
899 297 1163 342 desiderium
1196 297 1357 342 scilicet
1386 298 1465 340 ha-

75 369 233 414 bendae
250 371 396 430 prolis,
419 386 506 430 quo
524 369 654 413 ducta
674 369 746 414 illa
769 385 813 414 se
837 385 984 414 socero
1003 379 1302 429 supposuerat,
1321 368 1464 412 minus

74 442 279 502 culpans,
314 457 445 502 quam
479 439 696 485 libidinosi
728 441 987 485 concubitus
1010 439 1231 496 ardorem,
1262 457 1351 500 quo
1374 439 1464 499 ipsc

75 511 196 557 velut
229 513 284 557 ad
316 513 587 557 meretricem
610 512 749 557 victus
771 513 1005 556 intraverat
1028 530 1035 555 :
1062 511 1174 555 sicut
1200 510 1463 569 quibusdam

76 582 259 628 dicitur:
284 602 304 626 «
322 586 345 628 J
350 584 595 628 ustifieastis
615 584 913 638 Sodomam1‚»
935 582 979 626 id
996 591 1074 637 est,
1101 591 1272 626 tantum
1291 597 1464 640 peccas-

76 653 144 709 tis,
165 663 215 698 ut
233 654 353 699 vobis
374 654 561 699 Sodoma
579 662 826 714 comparata
842 656 959 714 justa
977 653 1187 697 videatur.
1205 655 1466 712 Quanquam

77 725 208 769 etiam
229 725 262 769 si
282 726 376 769 haec
398 725 552 769 mulier
570 741 658 770 non
676 726 721 769 in
743 725 898 786 pejoris
920 723 1018 769 facti
1041 724 1365 784 comparatione
1386 725 1465 766 rni-

77 810 159 840 nus
193 795 383 855 culpata,
418 795 495 841 sed
527 797 705 841 omnino
728 812 751 840 a
774 812 921 841 socero
958 796 1137 840 laudata
1171 794 1459 853 intelligatur:

78 883 178 927 quae
205 876 352 911 tamen
374 867 573 912 consulta
594 867 667 912 illa
689 878 851 913 aeterna
875 869 968 927 lege
992 868 1186 928 justitiae,
1214 882 1314 927 quae
1341 875 1456 910 natu-

78 937 213 983 ralem
235 939 432 984 ordinem
450 940 697 998 perturbari
719 949 853 995 vetat,
878 956 966 984 non
989 940 1142 1000 utique
1163 937 1461 993 tantummods

78 1024 311 1068 corporum
325 1044 335 1064 ,
373 1009 450 1053 sed
485 1011 669 1055 maxime
704 1027 751 1055 ac
783 1011 982 1071 primitus
1016 1011 1277 1065 animorum,
1305 1010 1405 1069 quia
1428 1011 1470 1053 in

79 1081 357 1140 procreandis
391 1079 487 1124 filiis
522 1081 765 1125 ordinatam
806 1082 1055 1126 societatem
1094 1097 1183 1125 non
1219 1081 1469 1134 custodivit,

77 1152 234 1196 merito
266 1150 496 1211 culpabilis
524 1152 774 1209 invenitur,
813 1151 921 1212 quid
953 1152 1129 1207 mirum,
1155 1152 1188 1195 si
1210 1151 1427 1211 peccatrix
1450 1166 1469 1194 a

80 1233 308 1283 peccatore
325 1221 530 1267 laudatur
543 1225 559 1264 ἱ)

139 1296 277 1338 LXII.
314 1293 443 1347 Quod
464 1293 523 1338 ita
541 1294 663 1338 nobis
683 1297 883 1348 Faustus,
907 1293 978 1337 vel
1001 1293 1092 1353 ipsa
1114 1294 1355 1338 Manichaea
1374 1310 1473 1353 per-

81 1366 258 1410 versitas
271 1365 508 1409 arbitratur
517 1365 763 1420 adversum,
780 1366 903 1425 quasi
914 1365 1039 1409 nobis
1049 1365 1094 1408 in
1108 1364 1222 1408 illius
1240 1366 1473 1424 Scripturae

81 1437 359 1482 veneratione
382 1435 604 1497 dignoque
625 1437 844 1497 praeconio
866 1437 970 1482 vitia
992 1436 1237 1491 hominum,
1277 1452 1376 1497 quae
1399 1436 1472 1480 illa

81 1516 411 1562 commemorat,
446 1523 618 1552 necesse
635 1508 688 1552 sit
707 1508 950 1567 approbare
971 1527 979 1552 ι
1005 1508 1113 1568 quin
1135 1508 1280 1568 potius
1302 1523 1474 1552 necesse

81 1589 161 1636 est,
186 1588 237 1624 ut
253 1574 419 1639 quanto
439 1578 558 1623 illam
580 1578 818 1637 religiosius
840 1579 1090 1638 accipimus,
1126 1588 1248 1623 tanto
1270 1578 1474 1623 fidentius

81 1649 154 1694 illa
166 1649 410 1708 culpemus,
421 1665 520 1709 quae
531 1664 606 1708 per
617 1650 706 1709 ejus
717 1650 938 1693 veritatem
955 1649 1113 1693 certius
1129 1648 1345 1709 culpanda
1359 1648 1473 1693 didi-

81 1722 236 1766 cimus,
259 1721 327 1765 Ibi
339 1722 453 1766 enim
470 1721 700 1766 fornicatio
714 1731 757 1765 et
774 1722 913 1766 omnis
925 1720 1101 1765 illicitus
1121 1722 1381 1765 concubitus
1404 1721 1473 1765 di-

81 1793 184 1838 vino
207 1793 305 1852 jure
327 1792 583 1837 damnatur1
603 1811 612 1838 2
639 1808 687 1836 ac
708 1806 786 1851 per
808 1792 910 1847 hoc,
935 1808 1037 1836 cum
1059 1792 1160 1837 talia
1182 1793 1473 1853 quorumdam

82 1861 197 1908 facta
219 1871 548 1917 commemorat,
569 1862 623 1906 de
641 1862 800 1922 quibus
818 1877 868 1907 eo
890 1861 986 1907 loco
1006 1878 1128 1907 suam
1150 1872 1289 1907 taceat
1306 1872 1477 1907 senten-

83 1933 187 1978 tiam
197 1937 230 1990 2,
244 1933 482 1994 judicanda
498 1933 624 1978 nobis
638 1933 866 1992 permittit,
884 1949 972 1978 non
986 1933 1205 1978 laudanda
1217 1934 1473 1994 praescribit.

84 2005 192 2059 Quis
225 2005 342 2049 enim
376 2013 574 2049 nostrum
613 2004 657 2048 in
695 2005 788 2064 ipso
830 2005 1067 2064 Evangelio
1105 2021 1195 2050 non
1237 2005 1477 2049 detestatur

86 2076 270 2121 Herodis
291 2075 595 2120 crudelitatem
608 2110 619 2130 ,
644 2090 745 2119 curn
766 2074 821 2119 de
843 2075 1004 2120 Christi
1025 2076 1247 2120 nativitate
1268 2075 1478 2121 sollicitus

86 2155 153 2191 tot
172 2145 361 2191 infantes
377 2146 504 2207 jussit
525 2145 663 2191 occidi
676 2147 718 2190 3?
740 2149 798 2191 At
819 2146 904 2191 hoc
925 2146 1090 2191 factum
1114 2147 1174 2191 ibi
1196 2162 1286 2192 non
1305 2147 1478 2207 vitupe-

88 2226 231 2273 ratur,
256 2216 334 2262 sed
357 2226 529 2262 tantum
549 2225 766 2272 narratur,
787 2216 862 2261 sed
886 2233 942 2261 ne
969 2217 1053 2262 hoc
1069 2218 1301 2263 Manichaei
1322 2233 1479 2262 vesana

90 2287 363 2348 impudentia
383 2287 543 2333 falsum
566 2303 656 2333 esse
678 2287 964 2345 contendant,
985 2289 1086 2349 quia
1102 2298 1146 2333 et
1165 2289 1302 2349 ipsam
1321 2289 1482 2335 Christi

91 2359 379 2414 nativitatem,
416 2375 503 2418 qua
533 2359 727 2405 Herodes
749 2360 1028 2420 perturbatus
1057 2369 1137 2415 est,
1161 2369 1339 2420 negant,
1364 2360 1482 2420 ipso-

141 2468 153 2483 1
185 2461 300 2494 Ezech.
336 2471 404 2501 xvi,
432 2460 484 2493 52.
503 2468 573 2484 ——2
598 2462 700 2494 Exod.
728 2472 788 2504 xx,
822 2461 861 2505 14
889 2467 923 2496 et
955 2473 1006 2505 17.
1026 2459 1098 2487 -3
1119 2465 1213 2497 Deut.
1241 2474 1276 2505 v,
1311 2463 1423 2496 18-21.
1441 2479 1481 2486 —-

96 2516 112 2548 4
132 2517 253 2551 Matth.
273 2528 311 2559 11,
333 2515 384 2548 16.

284 2579 458 2612 CXXXVI
463 2600 473 2611 .
1278 2573 1303 2612 5
