1803 3250
337 266 420 305 454
807 275 946 302 senno
980 274 1251 303 ARIANORUM.

337 354 405 387 tu·-
434 347 440 368 ¹
472 362 479 385 :
509 357 562 384 ne
584 356 628 383 se
649 340 780 383 vilem
804 351 1017 400 speraret,
1045 350 1089 385 et
1118 340 1174 384 de
1194 340 1333 385 salute
1353 355 1429 384 sua
1450 339 1718 399 desperaret,

339 412 544 457 Dominus
561 412 683 454 Jesus
701 410 919 454 honorans
937 410 1149 455 facturam
1172 426 1312 466 suam,
1339 411 1540 469 dignatus
1562 420 1625 455 est
1642 411 1723 455 hu-

336 497 504 526 manam
545 496 719 526 carnem
758 482 1002 540 suscipere3
1038 492 1081 525 et
1120 482 1311 526 ostendit
1334 517 1344 535 ‚
1387 482 1489 542 quia
1529 497 1619 526 non
1661 490 1725 526 est

338 556 467 597 homo
486 551 580 596 vilis
598 588 608 602 ,
631 552 704 596 sed
729 553 963 612 pretiosus,
995 553 1108 598 sicut
1128 554 1338 611 scriptum
1361 562 1424 597 est
1449 571 1457 594 :
1488 572 1508 594 «
1538 555 1724 612 Magnus

340 644 357 663 »ι
388 625 517 666 horno
537 632 580 666 et
590 624 802 681 pretiosus
819 624 884 667 vir
906 627 938 667 ².
968 643 987 664 s)
1020 627 1071 667 Et
1095 625 1192 668 ideo
1210 624 1351 668 solum
1365 624 1590 668 hominem
1606 624 1724 669 Patri

335 712 413 737 sm»
439 693 671 749 haeredem,
691 694 772 737 sibi
789 694 904 738 enim
925 694 1223 748 cohaeredem,
1243 693 1384 738 facere
1403 693 1607 752 dignatus
1623 703 1687 738 est
1713 714 1722 740 z

338 776 380 809 ui
406 765 525 825 quod
558 765 698 808 minus
720 773 944 823 acceperat
977 765 1021 806 in
1044 774 1200 808 natura
1217 799 1228 819 ,
1254 764 1352 823 plus
1375 764 1554 808 haberet
1572 765 1615 808 in
1642 756 1725 810 ho-

337 852 455 880 nore.
489 855 507 876 n

399 908 471 949 Vl.
504 925 523 947 «
559 907 696 960 Cum,
730 906 889 966 inquit,
926 905 1048 950 venit
1082 905 1312 965 plenitudo
1340 906 1577 966 temporis*⁷
1612 906 1728 954 misit

344 998 359 1018 »
390 981 500 1021 Deus
529 975 689 1020 Filium
709 990 836 1020 suum
858 985 1009 1021 natum
1034 992 1085 1020 ex
1108 975 1290 1021 muliere
1313 979 1345 1020 ³.
1377 996 1396 1018 »
1426 980 1522 1037 Ipse
1551 977 1629 1038 qui
1650 992 1730 1022 vo-

337 1048 506 1091 luntate
535 1048 670 1091 Patris
689 1062 862 1091 carnem
881 1047 1092 1107 suscepit,
1118 1049 1207 1108 ipse
1236 1058 1279 1092 et
1300 1048 1529 1093 voluntate
1556 1057 1600 1093 et
1615 1062 1730 1108 prae-

338 1129 466 1178 cepto
497 1119 630 1179 ipsius
660 1120 705 1162 in
732 1134 914 1178 corpore
942 1129 1223 1164 conversatus
1252 1129 1332 1174 est,
1368 1120 1475 1164 sieut
1499 1119 1591 1180 ipse
1622 1119 1681 1165 ait.
1718 1141 1726 1165 ε

344 1210 362 1232 «
399 1191 608 1234 Descendi
632 1189 686 1234 de
710 1190 824 1234 coelo
840 1225 851 1245 ⁷
884 1206 974 1235 non
1002 1200 1051 1234 ut
1077 1191 1228 1236 faciam
1253 1190 1526 1235 voluntatem
1559 1207 1700 1236 meam
1716 1227 1728 1246 ‚

344 1281 362 1302 ι)
388 1261 463 1305 sed
485 1261 757 1306 voluntatem
779 1263 870 1321 ejus
890 1262 967 1322 qui
991 1276 1059 1306 me
1076 1263 1191 1307 misit
1210 1263 1240 1306 4.
1270 1281 1288 1303 »
1320 1265 1417 1322 Ipse
1440 1274 1482 1306 et
1504 1263 1732 1307 voluntate

344 1333 478 1377 Patris
513 1333 690 1391 triginta
726 1348 939 1376 annorum
974 1333 1239 1392 baptizatus,
1273 1349 1377 1377 voce
1407 1343 1450 1377 et
1484 1335 1733 1378 testimonio

343 1403 479 1448 Patris
501 1402 824 1457 manifestatus,
854 1402 1077 1447 voluntate
1105 1413 1148 1447 et
1170 1412 1390 1462 praecepto
1423 1403 1560 1447 Patris
1586 1406 1733 1449 Evan-

343 1473 503 1532 gelium
529 1475 648 1531 regni
684 1473 896 1530 coelorum
926 1465 1222 1533 praedicabat,
1257 1475 1480 1534 sicutipse
1500 1477 1559 1520 ait
1589 1494 1599 1520 ι
1632 1494 1655 1518 ιι
1677 1479 1734 1521 Et

345 1562 364 1584 »
390 1543 482 1588 aliis
505 1545 754 1588 civitatibus
782 1553 956 1603 oportet
985 1560 1056 1589 me
1082 1545 1372 1604 Evangelium
1396 1545 1632 1605 praedicare
1650 1581 1661 1602 ‚
1687 1547 1734 1591 in

344 1633 364 1656 »
392 1615 474 1659 hoe
499 1616 614 1658 enim
648 1616 802 1659 missus
825 1631 922 1659 sum
948 1617 979 1660 ⁵.
1010 1634 1029 1655 »
1061 1619 1117 1659 Et
1135 1652 1146 1671 ‚
1178 1639 1197 1657 u
1229 1619 1324 1676 Ipse
1346 1617 1454 1660 mihi
1478 1618 1733 1663 mandatum

347 1704 366 1725 »
391 1684 514 1729 dedit
534 1685 641 1745 quid
664 1685 807 1730 dicam
824 1721 836 1741 ‚
861 1696 936 1729 aut
949 1687 1058 1746 quid
1069 1686 1225 1747 loquar
1249 1688 1280 1729 ⁰.
1312 1706 1330 1728 »
1349 1689 1408 1731 Et
1429 1689 1490 1732 sic
1508 1687 1734 1733 voluntate

343 1766 386 1800 et
408 1766 628 1816 praecepto
659 1758 794 1801 Patris
822 1757 876 1802 ad
899 1758 1140 1816 passionem
1173 1768 1217 1802 et
1247 1770 1433 1803 mortem
1455 1761 1732 1818 properavit,

343 1828 561 1886 sicutipse.
581 1828 637 1872 ait
666 1848 674 1872 2
699 1848 716 1869 «
738 1832 879 1882 Pater,
900 1838 1090 1873 transeat
1106 1829 1218 1875 calix
1234 1830 1312 1874 iste
1336 1846 1359 1874 a
1376 1845 1461 1886 me,
1481 1840 1739 1888 nontamen·

348 1917 366 1939 υ
393 1898 513 1958 quod
537 1914 617 1958 ego
640 1898 755 1953 volo,
779 1900 854 1944 sed
882 1899 1003 1960 quod
1031 1909 1082 1944 tu
1101 1901 1165 1944 vis
1186 1902 1217 1943 ⁷.
1249 1921 1267 1942 n
1296 1904 1350 1945 Et
1383 1902 1591 1960 Apostoli)
1619 1917 1734 1946 asse—

346 1981 467 2013 rente
489 1979 533 2012 et
552 1968 725 2014 dicente
747 1992 755 2015 :
786 1990 807 2012 «
831 1970 1073 2026 obediens,
1094 1971 1262 2031 inquit,
1284 1970 1425 2016 factus
1449 1973 1567 2017 Patri
1597 1988 1735 2033 usque

348 2059 367 2081 »
395 2041 450 2084 ad
470 2051 672 2095 mortem,
695 2051 878 2086 mortem
901 2051 1047 2087 autem
1069 2043 1209 2086 erucis
1232 2044 1264 2085 ⁸.
1295 2061 1314 2084 »
1560 2080 1562 2082 ,

404 2113 503 2155 Vll.
523 2114 562 2156 Is
575 2121 617 2155 et
640 2113 683 2155 in
697 2128 827 2156 cruce
837 2113 1049 2172 pendens,
1065 2112 1293 2158 voluntate
1306 2123 1350 2157 et
1366 2123 1586 2173 praecepto
1600 2115 1736 2160 Patris

343 2199 520 2228 carnem
533 2185 786 2240 humanam,
804 2199 938 2245 quam
950 2183 1005 2229 de
1026 2195 1173 2230 sancta
1184 2186 1362 2244 Virgine
1379 2186 1516 2230 Maria
1529 2186 1733 2246 suscepit,

342 2255 389 2298 in
414 2269 565 2298 manus
579 2255 810 2299 hominum
825 2255 1075 2316 dereliquit,
1096 2266 1136 2300 et
1153 2255 1425 2302 divinitatem
1446 2273 1568 2302 suam
1585 2258 1631 2302 in
1648 2270 1737 2304 ma-

344 2341 425 2369 nus
446 2327 580 2370 Patris
603 2326 947 2382 commendavit,
973 2326 1121 2372 dicens
1145 2347 1154 2372 :
1184 2347 1202 2369 (ι
1226 2331 1374 2383 Pater,
1394 2329 1440 2372 in
1463 2344 1619 2374 manus
1643 2343 1736 2373 tuas

345 2415 365 2440 »
391 2398 652 2442 commendo
676 2398 878 2458 spiritum
901 2414 1046 2444 meum
1071 2400 1103 2444 ⁹.
1135 2419 1152 2440 n
1180 2400 1291 2453 Quia
1315 2400 1452 2446 Maria
1474 2400 1736 2447 moriturum
1775 2443 1780 2446 Δ

393 2524 401 2539 ¹
422 2516 502 2549 Psal.
519 2529 593 2559 vni,
612 2517 664 2558 42.
688 2535 721 2540 —
744 2525 753 2539 ²
777 2520 867 2551 Prov.
890 2529 1019 2551 xvn.—
1035 2516 1048 2540 3
1070 2518 1141 2552 Gal.
1163 2531 1208 2560 iv,
1228 2518 1259 2562 4.
1278 2538 1314 2543 -
1330 2518 1345 2544 4
1363 2521 1456 2552 Joan.
1473 2502 1732 2562 v1,‘38;Matth.

343 2585 376 2615 n,
403 2574 507 2604 1(i.—
522 2572 537 2595 5
553 2575 628 2605 Luc.
649 2584 695 2613 iv,
715 2574 771 2616 43.
792 2571 858 2597 -6
875 2576 965 2607 Joan.
989 2584 1043 2616 xii,
1064 2574 1197 2618 49.-7
1219 2576 1332 2608 Matth.
1354 2587 1439 2613 xxvi,
1463 2576 1566 2618 39.—
1582 2574 1597 2599 ⁸
1618 2575 1734 2618 Phiiip.

346 2641 369 2666 i,
389 2628 420 2660 8.
439 2647 477 2652 —
492 2637 507 2660 9
529 2635 602 2661 Luc.
627 2640 714 2667 xxiii,
740 2629 789 2668 46,
