1803 3250
335 191 419 228 272
760 199 792 226 s.
830 196 1059 227 Auens-mm
1093 198 1272 227 EPISCOPI

333 266 459 310 sent?
481 265 593 307 Eece
620 277 644 306 a
672 262 826 308 timore
868 279 1024 310 nocere
1057 262 1197 309 voluit
1224 262 1378 308 vicinae
1409 264 1543 323 genti,
1583 280 1717 325 quam

332 336 553 380 destruere
575 342 617 378 ct
639 334 892 394 extinguere
908 345 1088 381 conatus
1110 344 1188 390 est,
1210 344 1260 379 ut
1281 344 1490 394 perpetua
1508 336 1629 396 quies
1645 336 1717 381 lu-

330 407 390 451 cis
423 403 576 449 incolis
607 414 844 465 pararetur.
881 409 1024 461 Quare
1048 422 1135 451 non
1166 404 1350 461 addidit,
1382 415 1425 450 et
1456 415 1718 466 perpetuum

330 476 581 523 vinculum?
606 481 675 521 An
703 477 787 522 illae
815 479 971 523 animae
1003 494 1109 538 quas
1142 478 1185 521 in
1209 477 1339 536 globo
1371 477 1651 521 tenebrarum
1674 478 1718 521 in

329 557 542 594 {eternum
562 549 757 608 configit,
777 565 865 595 non
879 559 1000 594 erant
1016 549 1168 594 incolae
1183 548 1308 604 lucis,
1327 548 1382 593 de
1399 548 1559 609 quibus
1572 558 1719 608 aperte

331 621 462 676 dicit,
495 619 613 681 quod
637 640 656 662 «
685 623 838 665 Errare
860 636 904 665 se.
921 636 943 664 a
968 621 1108 679 priore
1130 619 1275 665 lucida
1305 635 1381 663 sua
1409 629 1563 664 natura
1587 635 1719 679 passae

330 692 445 737 sint:
483 711 502 733 n
540 691 616 735 ubi
646 701 689 735 et
717 691 868 735 nolens
895 700 1069 735 coactus
1091 700 1153 734 cst
1182 689 1340 745 dicere,
1375 689 1511 734 libera
1541 706 1610 735 eas
1638 706 1718 735 vo-

329 762 497 808 luntate
533 778 742 823 peccasse,
783 763 859 822 qui
892 777 980 805 non
1008 761 1104 805 vult
1138 770 1362 820 peccatum
1391 777 1552 821 ponere
1574 762 1653 806 nisi
1676 763 1718 806 in

328 835 582 879 necessitate
596 842 762 876 naturae
776 833 1004 876 contrariae
1022 850 1030 875 :
1052 831 1216 891 ubique
1230 833 1422 877 nesciens
1438 831 1543 892 quid
1562 832 1719 893 loqua-

329 914 417 959 tur,
443 915 485 949 et
507 914 716 964 tanquam
740 903 931 963 ipsejam
948 902 1141 948 inclusus
1158 904 1211 947 sit
1230 903 1275 946 in
1292 904 1569 947 tenebrarum
1588 903 1720 962 globo

328 991 459 1035 quem
496 974 644 1019 finxit:
670 989 868 1033 quaerens
894 990 980 1034 qua
1004 982 1147 1028 exeat,
1178 982 1221 1018 et
1250 989 1338 1018 non
1368 973 1606 1018 inveniens.
1635 973 1719 1019 Sed

328 1045 445 1091 dieat
477 1044 597 1106 quod
618 1044 715 1090 vult
735 1044 924 1089 seductis
948 1053 991 1088 et
1012 1044 1193 1099 miseris,
1219 1060 1241 1088 a
1265 1044 1426 1105 quibus
1449 1044 1588 1089 multo
1623 1060 1715 1089 am-

327 1118 442 1179 plius
463 1133 591 1178 quam
616 1117 811 1163 Christus
834 1117 1092 1169 honoratur,
1118 1126 1167 1161 ut
1190 1116 1272 1161 hoc
1296 1117 1435 1176 pretio
1458 1126 1545 1161 tam
1569 1117 1719 1176 longas

326 1199 370 1234 et
392 1198 480 1234 tam
504 1188 730 1248 sacrilegas
752 1189 810 1232 eis
833 1186 1002 1232 fabulas
1022 1187 1199 1231 vendat.
1228 1187 1348 1232 Dicat
1369 1188 1489 1249 quod
1512 1187 1622 1243 vult,
1648 1188 1718 1232 in-

327 1260 478 1306 cludat
498 1261 544 1304 in
566 1259 697 1319 globo
728 1269 936 1320 tanquam
960 1259 1004 1303 in
1027 1274 1197 1304 carcere
1220 1268 1395 1318 gentem
1421 1260 1715 1315 tenebrarum,

327 1342 371 1377 et
392 1332 631 1378 forinsecus
654 1332 801 1390 affigat
823 1341 1022 1376 naturam
1044 1331 1170 1387 lucis,
1197 1332 1266 1376 cui
1296 1331 1351 1375 de
1374 1332 1497 1375 hoste
1525 1332 1719 1378 extincto

326 1405 519 1466 quietem
555 1413 809 1463 perpetuam
847 1402 1132 1462 promittebat
1151 1421 1160 1447 ;
1197 1417 1295 1446 ecce
1327 1404 1450 1462 pejor
1487 1413 1550 1448 est
1586 1419 1719 1463 poena

324 1477 434 1523 lucis
461 1492 593 1537 quam
626 1476 921 1530 tenebrarum,
952 1476 1073 1535 pejor
1107 1485 1170 1520 est
1203 1490 1334 1534 poena
1356 1474 1517 1520 divinae
1551 1486 1720 1521 naturae

324 1564 455 1609 quam
475 1548 613 1607 gentis
631 1547 837 1591 adversae.
862 1545 941 1592 Illa
959 1547 1123 1607 quippe
1138 1546 1217 1590 etsi
1235 1546 1276 1589 in
1296 1545 1483 1590 tenebris
1500 1547 1618 1592 intus
1636 1557 1714 1602 est,

326 1621 381 1665 ad
397 1628 598 1664 naturam
620 1620 711 1679 ejus
729 1619 918 1679 pertinet
939 1618 985 1661 in
1007 1618 1195 1662 tenebris
1213 1617 1408 1662 habitare
1431 1638 1439 1662 :
1466 1619 1622 1663 animae
1639 1636 1716 1663 au-

325 1701 412 1737 tem
432 1707 531 1753 quae
553 1691 638 1736 hoc
656 1701 757 1735 sunt
775 1690 895 1750 quod
919 1692 1054 1742 Deus,
1085 1705 1174 1734 non
1197 1698 1404 1748 poterunt
1427 1690 1583 1749 recipi,
1607 1691 1719 1735 sicut

324 1763 445 1818 dicit,
482 1763 527 1807 in
552 1778 684 1821 regna
714 1760 788 1805 illa
820 1760 1015 1820 pacifica,
1042 1769 1125 1804 eta
1144 1760 1230 1804 vita
1255 1775 1303 1803 ac
1334 1759 1535 1804 libertate
1556 1770 1718 1805 sanctae

322 1833 430 1879 lucis
462 1834 786 1886 alienabuntur,
823 1841 866 1875 et
897 1831 1174 1889 configentur
1205 1830 1251 1874 in
1285 1829 1491 1889 praedicto
1520 1831 1716 1875 horribili

325 1906 484 1966 globo:
511 1906 630 1949 unde
651 1924 669 1946 «
692 1907 750 1948 Et
778 1901 1083 1955 adhaerebunt,
1120 1902 1280 1961 inquit,
1319 1902 1368 1946 iis
1401 1902 1529 1946 rebus
1562 1904 1718 1946 animae

323 1978 491 2021 eaedem
525 1991 633 2037 quas
669 1974 942 2026 dilexerunt,
980 1972 1141 2017 relictae
1176 1973 1221 2016 in
1251 1972 1403 2017 eodem
1439 1974 1717 2018 tenebrarum

325 2048 457 2107 globo
475 2083 486 2102 ,
511 2047 596 2091 suis
622 2045 783 2089 meritis
804 2043 849 2088 id
872 2043 953 2087 sibi
975 2043 1298 2103 conquirentes.
1340 2062 1359 2084 »
1395 2045 1524 2089 Certe
1548 2060 1637 2089 non
1655 2053 1720 2089 est

322 2118 510 2163 liberum
535 2116 772 2163 voluntatis
796 2115 1054 2159 arbitrium?
1077 2114 1231 2158 Videte
1253 2115 1477 2175 quomodo
1499 2115 1718 2160 insaniens

321 2190 429 2251 quid
446 2190 563 2234 dicat
580 2190 765 2248 ignorat,
785 2197 827 2231 et
841 2186 1055 2231 contraria
1072 2185 1152 2229 sibi
1168 2185 1390 2246 loquendo
1408 2188 1530 2246 pejus
1550 2186 1716 2231 bellum

320 2271 472 2307 eontra
502 2276 546 2305 se
572 2261 697 2318 gerit,
718 2273 849 2319 quam
872 2265 1021 2302 contra
1048 2260 1185 2300 Deum
1203 2258 1335 2316 ipsius
1353 2259 1492 2316 gentis
1510 2259 1708 2302 tenebra-

323 2347 437 2376 rum.
467 2331 630 2374 Deinde
659 2331 692 2373 si
724 2337 952 2388 propterea
986 2329 1252 2371 damnantur
1274 2329 1430 2371 animae
1452 2329 1583 2383 lucis,
1617 2329 1717 2388 quia

323 2403 568 2448 dilexerunt
598 2401 821 2456 tenebr333
846 2399 1003 2458 injuste
1025 2398 1258 2442 damnatur
1279 2414 1383 2458 gens
1405 2401 1684 2443 tenebrarum
1702 2434 1713 2454 ,

323 2490 423 2535 quae
444 2473 587 2517 lucem
609 2471 774 2515 dilexit.
804 2473 860 2514 Et
876 2483 978 2527 gens
996 2468 1174 2528 quidem
1194 2470 1472 2514 tenebrarum
1494 2469 1637 2514 lucem
1660 2471 1716 2514 ab

324 2546 448 2592 initio
464 2544 629 2598 dilexit,
653 2558 783 2603 quam
807 2542 886 2587 etsi
908 2538 1134 2596 violenter,
1161 2550 1305 2586 tamen
1323 2540 1541 2601 possidere
1556 2541 1711 2596 voluit,
