1803 3250
354 211 435 250 354
783 221 815 247 S.
854 221 1081 250 AUGUs'nM
1115 224 1293 251 EPlscom

354 286 435 330 Ubi
458 285 671 344 profecto,
690 284 793 342 quia
811 294 994 330 mortem
1012 286 1227 346 siguificat
1245 288 1504 343 animarum,
1523 291 1657 348 magis
1674 299 1733 334 est

347 358 500 416 utique
522 356 594 400 illa
622 355 825 401 fidelibus
843 358 1056 403 horrenda
1087 368 1131 403 et
1152 358 1387 404 metuenda
1421 375 1551 420 quam
1578 376 1735 421 corpo-

346 445 458 473 rum.
487 428 614 473 Unde
634 427 749 473 idem
774 431 984 476 Dominus
1011 430 1145 477 dicit:
1170 430 1351 478 «Nolite
1381 432 1535 477 timere
1561 449 1635 478 eos
1661 435 1736 493 qui

347 518 368 542 ι)
393 498 602 545 occidunt
623 515 798 559 corpus,
824 502 1013 547 animam
1036 512 1182 547 autem
1200 519 1288 549 non
1307 514 1490 564 possunt
1505 504 1733 563 occidere3

345 591 364 614 n
392 571 469 616 sed
499 571 643 631 potius
672 588 772 617 eum
799 573 945 619 timete
962 610 975 630 ,
1000 575 1076 636 qui
1106 585 1249 633 potest
1283 576 1472 621 animam
1506 585 1551 621 et
1578 592 1736 637 corpus

343 662 363 685 »
389 642 572 703 perdere
592 643 637 687 in
659 644 902 702 gehennam
921 648 950 687 ¹.
974 664 994 687 »

398 716 564 759 xxlx.
588 716 728 776 Hujus
748 716 914 774 generis
937 726 1112 772 mortes,
1137 732 1215 777 per
1236 732 1344 777 quas
1364 718 1522 762 animae
1545 719 1731 765 mittun-

339 794 411 830 tur
431 787 476 831 in
501 787 762 845 gehennam,
789 787 823 830 si
841 787 937 846 quis
960 786 1078 831 fideli
1100 797 1262 842 mente,
1289 797 1338 832 ut
1356 788 1538 847 dignum
1557 799 1637 845 est,
1658 806 1734 835 co-

336 857 536 917 gitaverit
550 892 560 912 ,
584 857 711 901 valde
725 857 867 901 viliter
885 858 1118 902 aestimabit
1133 858 1376 919 quamlibet
1390 860 1732 919 ingentissimam

333 938 518 985 stragem
542 938 585 972 et
606 928 830 986 sanguinis
853 928 1011 973 ssuvios
1028 928 1279 974 mortalium
1291 946 1543 989 corporum,
1565 940 1608 976 et
1625 947 1732 992 quo-

333 998 659 1058 modocumque
681 998 1052 1060 quandocumque
1085 1000 1413 1045 moriturorum.
1447 1004 1562 1055 Quas
1591 1002 1732 1047 caedes

329 1070 409 1114 iste
432 1085 711 1128 exaggerans,
738 1081 781 1114 et
800 1069 1025 1116 scolastica
1047 1072 1237 1116 vanitate
1262 1072 1528 1128 describens,
1548 1072 1603 1117 ad
1617 1072 1732 1118 blas-

328 1140 630 1200 phemandum
655 1144 794 1184 Deum
809 1177 819 1196 ,
845 1142 922 1202 qui
946 1141 1108 1186 talibus
1130 1142 1344 1187 mortibus
1368 1158 1440 1187 eos
1462 1144 1622 1203 quibus
1646 1144 1732 1188 hu-

322 1211 515 1272 jusmodi
538 1221 677 1256 terror
695 1210 813 1256 utilis
837 1211 996 1268 fuerat,
1018 1212 1270 1272 flagellabat
1287 1249 1298 1270 ,
1322 1214 1549 1258 horrorem
1572 1215 1731 1259 incutit

325 1283 585 1329 mortalibus
605 1284 821 1339 sensibus,
841 1294 885 1328 et
905 1283 1073 1344 aliquid
1094 1301 1138 1330 se
1160 1301 1288 1345 agere
1311 1295 1461 1346 putat,
1488 1286 1629 1331 calces
1647 1286 1727 1332 ad-

325 1370 477 1400 versus
494 1354 721 1399 stimulum
738 1355 945 1414 jaciendo
966 1375 975 1400 ;
1002 1365 1051 1400 ut
1072 1372 1174 1400 cum
1197 1356 1251 1400 de
1274 1366 1416 1401 morte
1437 1357 1578 1401 carnis
1601 1373 1730 1402 accu-

329 1435 394 1471 sat
415 1427 493 1471 Dei
516 1425 852 1486 providentiam,
872 1434 1011 1471 morte
1029 1427 1172 1471 cordis
1190 1427 1390 1472 mittatur
1402 1427 1449 1472 in
1463 1428 1725 1486 gehennam.

327 1498 435 1551 Quis
465 1506 613 1541 autem
647 1496 896 1541 utriuslibet
932 1512 1057 1541 sexus
1092 1498 1225 1543 homo
1259 1514 1351 1543 non
1393 1499 1543 1544 mallet
1583 1499 1729 1559 gladio

330 1567 558 1622 trucidari,
577 1567 708 1612 etiam
729 1566 805 1611 illo
822 1567 1056 1628 modoque
1071 1568 1308 1613 trucidavit
1325 1569 1524 1615 sacerdos
1542 1571 1728 1615 Phinees

324 1636 576 1683 fornicarios
591 1640 626 1693 ²,
646 1638 693 1682 in
707 1639 801 1697 ipso
815 1637 1047 1698 complexu
1064 1638 1242 1683 nefariae
1261 1638 1515 1700 voluptatis,
1534 1640 1727 1686 terribile

322 1711 593 1755 constituens
618 1709 824 1755 adversus
845 1711 1105 1756 execrandas
1133 1710 1336 1757 libidines
1368 1711 1546 1757 ultionis
1573 1728 1725 1758 exem-

320 1779 462 1840 plum,
488 1791 665 1841 propter
687 1780 809 1842 quod
833 1785 921 1826 Deo
945 1783 1130 1826 maxime
1150 1782 1315 1842 placuit
1335 1803 1343 1828 :
1369 1783 1492 1843 quis,
1522 1784 1721 1844 inquam,

319 1867 411 1898 non
431 1852 580 1898 mallet
603 1852 677 1896 tali
694 1867 854 1912 genere
871 1854 1024 1898 mortis
1042 1853 1252 1909 interfici,
1278 1854 1375 1914 quis
1392 1870 1484 1898 non
1500 1864 1725 1914 postremo

316 1923 417 1982 igne
439 1925 661 1980 consumi,
688 1924 755 1968 vel
784 1923 933 1969 ferinis
956 1924 1174 1970 morsibus
1203 1940 1278 1984 per
1299 1926 1391 1984 ipsa
1413 1925 1626 1985 pudenda
1647 1926 1721 1971 la-

318 1997 453 2052 niari,
491 2011 625 2056 quam
647 1995 761 2040 mitti
788 1996 836 2040 in
864 1996 1109 2054 gehennam
1129 1996 1240 2054 ignis
1264 1996 1452 2040 aeterni?
1470 1999 1561 2042 Cur
1588 1997 1724 2057 igitur

322 2071 440 2114 Deus
465 2069 815 2115 Christianorum
833 2077 1062 2129 peccantes
1083 2068 1246 2114 talibus
1260 2068 1472 2114 mortibus
1485 2070 1655 2130 puniat,
1676 2078 1727 2114 ut

316 2150 414 2201 post
434 2140 627 2201 corporis
644 2141 871 2186 interitum
890 2142 1206 2198 transitorium,
1231 2151 1440 2202 sequatur
1458 2143 1503 2186 in
1517 2142 1716 2200 gehenna

314 2212 407 2256 sine
428 2213 516 2257 fine
537 2212 818 2273 supplicium,
843 2212 924 2257 nisi
939 2213 1043 2272 quia
1061 2214 1327 2258 Testamenti
1346 2213 1576 2273 utriusque
1598 2229 1714 2257 unus

317 2293 382 2328 est
404 2286 550 2329 Deus?
572 2287 682 2330 Nam
706 2294 881 2344 possent
904 2287 924 2329 J
932 2286 1048 2329 udaei
1070 2284 1214 2329 dicere
1237 2285 1446 2330 adversus
1476 2285 1606 2345 hujus
1635 2285 1722 2329 im-

317 2356 540 2415 pietatem,
565 2356 908 2417 quamtumlibet
928 2366 1157 2416 exaggeret
1174 2355 1306 2413 bella,
1331 2356 1488 2412 caedes,
1512 2355 1713 2412 vulnera,

317 2429 490 2485 funera,
528 2430 816 2487 sanguinem,
852 2428 982 2488 longe
1011 2428 1427 2489 imcomparabiliter
1448 2433 1540 2475 Deo
1570 2438 1719 2474 nostro

322 2503 460 2544 Deum
483 2515 527 2544 se
550 2501 711 2545 habere
738 2500 978 2555 mitiorem,
1009 2499 1138 2560 longe
1170 2500 1335 2545 scilicet
1357 2499 1505 2545 mitius
1527 2501 1718 2560 punien-

367 2591 376 2609 ¹
400 2586 519 2619 Mauh.
538 2596 571 2626 x,
591 2585 645 2619 28.
663 2603 695 2610 -
718 2593 730 2609 ²
749 2587 843 2619 Num.
863 2597 940 2629 xxv,
959 2588 992 2620 8.
