1803 3250
348 226 432 266 366
782 235 815 260 s.
851 233 1082 262 Aneusnm
1116 233 1297 261 EPISCOPI

350 324 367 343 »
387 301 563 345 naliter:
577 315 597 341 u
612 307 654 342 et
666 298 787 358 quod
799 313 877 357 ego
886 298 988 353 dixi,
1005 318 1023 340 «
1036 298 1111 358 qui
1124 298 1179 342 de
1187 297 1402 343 sacrificiis
1414 298 1700 357 manducant,
1709 319 1728 342 »

343 371 476 431 aliqui
507 369 711 424 habeant,
753 370 930 415 «edunt
960 370 1143 427 hostias,
1169 390 1186 411 »
1219 370 1339 430 quod
1361 370 1450 429 ipse
1483 370 1627 430 posuit
1653 390 1662 416 :
1692 379 1736 415 et

340 440 459 501 quod
484 455 579 499 ego,
608 440 752 485 «socii
777 451 880 486 sunt
900 441 1044 486 altaris
1063 463 1074 499 3
1095 461 1111 482 »
1138 441 1329 485 habeant
1350 440 1514 502 aliqui,
1555 461 1574 483 «
1595 442 1735 501 ‘parti-

346 533 364 554 »
389 513 505 571 cipes
532 521 634 556 sunt
672 511 840 570 altaris,
860 530 879 553 υ
905 521 949 557 et
979 512 1100 572 quod
1132 527 1211 569 ego
1234 512 1386 572 posui,
1428 531 1447 554 α
1468 511 1585 566 Quid
1607 528 1732 572 ergo,

345 602 365 624 »
392 581 490 627 dico
510 583 611 643 quia
629 582 754 628 idolis
771 583 1044 628 immolatum
1060 592 1123 628 est
1141 583 1336 644 aliquid?
1357 603 1376 625 »
1404 584 1547 628 minus
1562 582 1636 628 ille
1654 599 1734 644 po-

342 655 505 710 suerit,
540 665 615 700 aut
649 656 790 700 minus
815 655 953 700 codex
983 657 1074 715 ejus
1098 655 1328 713 habuerit,
1352 665 1396 699 et
1419 655 1517 700 ideo
1541 665 1735 700 tantum-

343 726 475 771 modo
498 727 658 786 posuit,
689 745 705 766 «
729 727 830 786 quia
855 724 1020 769 idolum
1046 734 1111 769 est
1133 725 1316 784 aliquid.
1339 743 1358 766 η
1385 725 1515 778 Quod
1537 741 1641 770 vero
1668 741 1737 770 se-

342 799 509 858 quitur,
534 797 724 842 multum
747 797 803 841 ad
823 811 913 840 rem
933 796 1140 855 pertinet,
1161 796 1263 855 quia
1280 795 1324 840 id
1348 796 1470 840 aliter
1488 797 1646 856 posuit.
1664 798 1738 842 Ait

342 869 457 913 enim
480 869 731 927 Apostolus,
759 886 775 907 (ι
799 866 883 912 Sed
906 868 1008 927 quia
1026 882 1126 927 quae
1150 866 1406 923 immolant,
1432 868 1675 923 daemoniis,
1695 877 1739 912 et

345 959 365 981 »
393 956 481 984 non
508 944 616 994 Deo,
643 939 887 983 immolant.
911 957 930 980 n
960 942 1043 983 Iste
1071 949 1217 983 autem
1246 938 1352 983 dixit
1378 958 1386 984 :
1418 939 1539 984 «Sed
1568 941 1644 1000 qui
1668 956 1737 985 sa-

347 1030 366 1052 »
392 1011 610 1066 criticant,
635 1010 912 1054 daemonibus
934 1010 1205 1054 sacrificant:
1229 1029 1247 1051 »
1273 1011 1395 1069 quasi
1413 1026 1562 1055 omnes
1585 1011 1661 1071 qui
1675 1027 1740 1056 sa-

341 1083 563 1138 erificant,
594 1098 684 1128 non
716 1082 959 1127 sacrificent
992 1083 1072 1126 nisi
1105 1082 1394 1126 daemonibus.
1420 1084 1518 1127 Non
1541 1083 1656 1126 enim
1680 1083 1740 1128 ait

342 1153 592 1214 Apostolus,
618 1154 694 1215 qui
716 1154 983 1198 sacrificant:
1010 1153 1108 1207 sed,
1149 1173 1169 1196 «
1185 1169 1285 1214 quae
1307 1154 1573 1212 sacrificant,
1593 1171 1612 1195 n
1637 1153 1735 1210 vel,

341 1226 452 1271 sieut
475 1243 497 1271 a
515 1242 584 1270 me
599 1225 789 1286 positum
804 1234 882 1280 est,
903 1244 922 1267 «
944 1223 1173 1269 immolant
1191 1243 1199 1269 2
1222 1244 1240 1265 u
1263 1224 1323 1268 illi
1343 1224 1508 1269 scilicet
1526 1224 1736 1285 quiidola

342 1298 522 1354 colunt,
551 1317 570 1339 (ι
591 1313 691 1358 quae
713 1297 972 1351 sacrificant,
999 1296 1242 1350 daemoniis,
1270 1305 1314 1340 et
1331 1312 1419 1341 non
1444 1300 1549 1351 Deo,
1569 1297 1735 1341 sacrifi-

346 1387 365 1410 »
392 1379 518 1423 cant,
549 1370 636 1412 sive
663 1368 906 1412 immolant.
930 1385 949 1408 »
977 1370 1033 1412 Et
1064 1366 1162 1411 ideo
1194 1367 1445 1426 subjunxit,
1487 1367 1638 1412 «Nolo
1659 1383 1736 1412 vos

346 1459 366 1481 »
392 1441 528 1485 socios
545 1439 863 1484 daemoniorum
884 1440 1021 1483 fieri1:
1039 1454 1122 1481 »eo
1137 1438 1301 1498 quippe
1317 1439 1372 1481 ab
1388 1437 1736 1499 idololatriapro-

342 1512 536 1556 bibebat.
565 1515 746 1571 Propter
766 1510 886 1571 quod
908 1511 968 1554 eis
998 1509 1226 1555 ostendere
1248 1510 1414 1565 voluit,
1440 1511 1497 1554 ita
1525 1510 1621 1556 illos
1644 1513 1736 1555 fieri

342 1585 480 1628 socios
512 1583 831 1627 daemoniorum
851 1618 861 1636 ‚
888 1583 922 1626 si
948 1582 1195 1640 idolothyta
1219 1582 1425 1627 sacrificia
1445 1583 1736 1630 manducave-

341 1655 445 1710 rint,
471 1654 696 1716 quomodo
720 1654 849 1699 lsrael
872 1653 1057 1698 carnalis
1070 1654 1210 1698 socius
1225 1664 1315 1698 crat
1327 1655 1472 1699 altaris
1488 1656 1532 1699 in
1549 1654 1731 1715 templo,

339 1728 414 1787 qui
435 1726 489 1771 de
510 1727 728 1772 sacrificiis
747 1727 1053 1771 manducabat.
1078 1727 1181 1771 Ideo
1203 1727 1367 1787 quippe
1386 1726 1568 1783 addidit,
1599 1747 1619 1770 «
1637 1743 1733 1772 car-

342 1816 362 1838 »
390 1797 560 1853 naliter,
581 1797 672 1852 vel,
689 1797 931 1842 secundum
946 1812 1148 1855 carnem,
1168 1815 1188 1838 n
1215 1798 1316 1857 quia
1331 1808 1396 1842 est
1415 1797 1547 1842 Israel
1569 1798 1735 1858 spirita-

340 1868 454 1925 liter,
479 1870 546 1914 vel
566 1869 808 1914 secundum
832 1869 1049 1928 spiritum,
1066 1870 1140 1929 qui
1163 1879 1329 1914 veteres
1346 1869 1524 1914 umbras
1535 1871 1626 1930 jam
1645 1885 1733 1914 non

341 1941 552 2000 sequitur,
578 1941 650 1986 sed
675 1956 770 1986 eam
793 1949 1132 2001 consequentem
1158 1956 1258 1994 quae
1280 1939 1361 1984 illis
1388 1941 1552 1985 umbris
1570 1957 1734 2000 praece-

339 2011 547 2056 dentibus
574 2012 810 2070 significata
833 2021 897 2055 est
926 2011 1168 2055 veritatem.
1204 2011 1315 2056 Hinc
1338 2012 1452 2056 enim
1484 2013 1647 2071 coepit,
1684 2022 1735 2057 ut

340 2083 422 2127 hoc
445 2082 637 2127 diceret:
670 2086 890 2142 «Propter
922 2081 1043 2141 quod
1077 2080 1344 2126 dilectissimi
1378 2083 1484 2127 mihi
1513 2082 1650 2142 sugite
1677 2084 1733 2127 ab

342 2172 362 2195 »
388 2153 608 2198 idolorum
630 2153 818 2198 cultura.
851 2173 871 2194 »
901 2151 1063 2197 Deinde
1092 2163 1266 2198 secutus
1295 2154 1508 2209 ostendit,
1534 2154 1590 2198 ad
1612 2153 1733 2215 quod

339 2224 598 2269 sacrificium
621 2226 707 2286 jam
729 2224 919 2269 debeant
936 2224 1177 2284 pertinere,
1203 2223 1353 2269 dicens
1384 2244 1392 2270 :
1424 2244 1444 2268 «
1465 2227 1597 2279 Quasi
1626 2241 1734 2286 pru-

347 2315 364 2337 »
389 2295 593 2340 dentibus
616 2296 731 2351 dieo,
752 2295 946 2356 judicate
968 2310 1044 2339 vos
1066 2294 1188 2354 quod
1220 2295 1333 2340 dico.
1369 2295 1492 2341 Calix
1525 2295 1734 2340 benedic-

345 2384 363 2407 »
390 2367 518 2410 tionis
559 2382 690 2427 quem
728 2366 1029 2410 benedicimus
1047 2401 1058 2420 ,
1101 2381 1249 2410 nonne
1290 2367 1631 2412 communicatio
1668 2376 1734 2412 est

347 2456 364 2478 »
391 2438 609 2496 sanguinis
628 2438 821 2483 Christi?
851 2437 978 2482 Panis
1000 2452 1131 2496 quem
1155 2437 1410 2495 frangimus,
1437 2453 1583 2482 nonne
1607 2453 1730 2482 com·-

344 2525 365 2550 »
390 2508 629 2554 municatio
641 2519 705 2555 est
718 2510 910 2570 corporis
928 2507 1124 2553 Domini?
1141 2508 1252 2562 Quia
1266 2524 1379 2554 unus
1394 2509 1516 2569 panis
1533 2518 1577 2555 et
1591 2524 1732 2555 unum

395 2601 402 2618 ¹
427 2604 438 2626 1
459 2595 532 2627 Cor.
552 2605 585 2636 x,
607 2604 662 2629 20.
