1803 3250
330 204 413 242 236
764 212 795 240 s.
835 213 1061 241 mensum
1098 214 1275 242 emscom

327 279 618 340 superbiente.
645 278 773 332 Quod
793 288 936 324 autem
957 281 998 324 in
1022 283 1134 338 Lege
1152 281 1340 340 positum
1361 289 1448 325 est:
1471 299 1491 323 «
1505 281 1713 328 Maledic-

330 370 348 391 »
386 359 453 393 tus
471 349 612 393 omnis
633 350 709 409 qui
730 349 889 409 pendet
906 352 950 394 in
973 350 1091 410 ligno
1114 370 1122 396 ;
1147 370 1165 391 n
1188 350 1307 395 unde
1323 351 1554 411 Apostolus
1576 350 1709 399 dicit:

329 439 346 460 ι)
382 419 577 464 Christus
608 435 685 464 nos
718 420 900 465 redemit
929 421 983 465 dc
1019 421 1253 466 maledicto
1286 422 1432 480 LegiS‚
1466 421 1606 467 factus
1632 437 1713 484 pro

327 510 346 533 »
381 491 506 536 nobis
526 490 829 550 maledictum,
854 494 1064 552 seriptum
1087 502 1149 537 est
1171 494 1285 537 enim
1309 512 1318 538 ε
1340 492 1596 538 Maledictus
1613 509 1712 539 om-

330 583 346 602 »
383 561 447 606 nis
469 563 542 622 qui
560 562 721 621 pendet
739 564 780 607 in
800 563 941 622 ligno¹
964 583 972 609 :
998 584 1015 605 »
1039 580 1125 608 non
1147 567 1304 623 Legem
1320 563 1616 623 reprehendit,
1636 564 1714 611 sed

325 633 659 678 misericordiam
676 634 1013 679 commendavit.
1034 636 1142 688 Quia
1161 636 1274 678 enim
1290 635 1426 679 Adam
1443 645 1712 695 peccaverat,

321 714 364 748 et
399 705 538 749 omnis
577 704 649 749 illa
684 721 819 750 massa
855 715 898 749 ct
928 721 1121 765 propago
1160 706 1324 764 pcccati
1354 705 1581 751 maledicta
1604 716 1713 764 erat,

322 777 532 821 Dominus
551 786 695 820 autem
719 792 892 821 carnem
912 776 966 820 de
983 777 1073 836 ipsa
1093 791 1229 821 massa
1252 777 1467 837 suscipere
1489 777 1645 835 voluit,
1665 787 1716 824 ut

320 847 594 906 suscipiendo
625 847 934 891 mortalitatem
960 862 1059 906 quae
1081 846 1134 891 de
1155 863 1287 907 poena
1310 858 1504 904 venerat,
1531 850 1716 896 solveret

321 925 521 971 mortem,
547 916 665 976 quod
688 915 742 959 dc
761 916 895 976 gratia
919 917 1119 962 veniebat
1138 937 1146 962 :
1169 916 1267 962 ideo
1289 917 1394 962 dicit
1412 921 1524 964 Lex:
1543 938 1563 961 «
1579 920 1716 965 Male-

326 1008 341 1026 »
368 987 509 1030 dictus
528 987 667 1031 omnis
684 987 759 1047 qui
783 987 946 1047 pendet
968 988 1010 1033 in
1038 988 1168 1047 ligno.
1189 1007 1208 1029 »
1225 991 1341 1033 Mors
1364 989 1478 1033 enim
1496 990 1584 1050 ipsa
1607 1006 1717 1050 pen-

319 1057 451 1103 debat
469 1059 513 1102 in
531 1058 665 1117 ligno,
679 1075 778 1119 quae
798 1073 910 1104 mors
923 1059 977 1103 dc
991 1058 1226 1104 maledicto
1244 1060 1461 1105 veniebat.
1483 1062 1716 1115 Quomodo

319 1145 423 1188 ergo
447 1131 724 1190 suscipiendo
747 1139 933 1175 mortem
950 1167 959 1185 ,
1002 1131 1220 1175 interfecit
1243 1141 1426 1176 mortem
1446 1167 1458 1187 ,
1488 1132 1547 1176 sic
1576 1134 1714 1178 susci·

319 1201 479 1261 piendo
497 1202 795 1258 maledictum,
813 1202 940 1247 solvit
959 1202 1255 1247 maledictum.
1277 1202 1401 1248 Unde
1423 1212 1466 1248 et
1482 1205 1715 1264 Apostolus

319 1272 424 1317 dicit
451 1293 459 1318 ε
490 1293 508 1314 «
539 1274 729 1318 Scientes
753 1274 853 1335 quia
877 1284 1000 1319 vetus
1023 1275 1156 1319 homo
1186 1284 1332 1319 noster
1364 1275 1493 1319 simul
1517 1276 1713 1321 confixus

322 1361 340 1381 n
379 1354 441 1389 est
465 1345 583 1389 cruci
606 1360 706 1389 cum
731 1344 833 1390 ilto²
853 1365 860 1389 :
887 1364 906 1386 »
928 1346 1029 1406 quia
1053 1345 1107 1389 de
1125 1355 1269 1390 vetere
1286 1347 1463 1390 homine
1485 1355 1649 1404 nostro,
1669 1347 1715 1392 id

318 1424 396 1469 est,
422 1416 477 1459 de
499 1425 613 1459 sorte
638 1417 803 1470 mortis,
827 1433 926 1476 quae
948 1416 1149 1460 veniebat
1172 1432 1224 1459 ex
1247 1416 1402 1461 merito
1422 1418 1602 1476 peccati,
1620 1433 1715 1462 sus-

317 1488 459 1546 cipere
480 1487 682 1546 dignatus
705 1497 768 1532 est
798 1504 967 1533 carnem
989 1486 1217 1532 mortalem
1237 1487 1291 1532 de
1309 1489 1474 1548 virgine
1497 1490 1649 1546 Maria,
1668 1490 1714 1535 in

318 1574 403 1618 qua
426 1559 551 1603 nobis
583 1569 625 1603 et
660 1560 870 1619 passionis
902 1569 946 1604 et
977 1560 1302 1605 resurrectionis
1330 1560 1545 1619 praeberet
1566 1576 1714 1606 exem-

319 1630 464 1689 plum,
491 1631 698 1689 passionis
720 1631 774 1675 ad
798 1631 1057 1675 firmandam
1083 1631 1404 1690 poenitentiam,
1432 1633 1714 1678 resurrectio-

317 1703 382 1746 nis
411 1701 462 1747 ad
488 1703 758 1748 excitandam
782 1719 902 1764 spem
935 1723 943 1748 :
970 1713 1020 1748 ut
1042 1702 1150 1748 duas
1179 1703 1288 1748 vitas
1312 1703 1438 1749 nobis
1467 1706 1714 1751 ostenderet

318 1775 361 1817 in
386 1789 529 1829 carne,
557 1790 688 1835 quam
708 1775 897 1834 suscepit
919 1773 974 1818 de
996 1774 1083 1819 vita
1106 1783 1255 1819 nostra
1277 1774 1465 1830 mortali,
1492 1790 1625 1820 unam
1645 1774 1713 1821 la-

321 1845 533 1890 boriosam
554 1881 564 1901 ,
606 1845 785 1890 alteram
822 1846 992 1890 beatam
1012 1867 1022 1903 3
1062 1845 1325 1890 laboriosam
1367 1861 1499 1907 quam
1530 1845 1714 1892 tolerare

319 1915 544 1972 debemus,
573 1918 742 1962 beatam
761 1933 891 1978 quam
915 1932 1088 1977 sperare
1106 1917 1333 1961 debemus.
1359 1916 1610 1961 Toleramus
1631 1934 1711 1963 au-

322 1997 404 2032 tem
429 1988 686 2034 laboriosam
709 1990 863 2034 merito
887 1989 1050 2048 peccati
1070 1989 1203 2033 nostri
1228 2008 1236 2033 :
1257 1988 1331 2032 ille
1353 1998 1498 2032 autem
1521 1990 1713 2034 ostendit

319 2075 410 2103 eam
437 2060 479 2104 in
504 2076 633 2105 carne
659 2077 751 2113 sua,
779 2077 868 2106 non
891 2061 1046 2105 merito
1070 2060 1311 2120 iniquitatis
1332 2075 1444 2114 suae,
1469 2059 1544 2103 sed
1565 2060 1712 2105 ossicio

320 2131 624 2177 misericordiae
660 2148 762 2178 suae.
797 2136 906 2178 Nam
939 2141 989 2177 ut
1022 2132 1192 2177 noveris
1220 2132 1379 2176 bonam
1410 2147 1499 2176 esse
1523 2134 1708 2190 Legem,

318 2218 448 2262 quam
490 2213 535 2247 tu
572 2203 890 2263 reprehendere
922 2202 1097 2248 voluisti
1117 2237 1128 2257 ,
1166 2202 1256 2261 ipse
1294 2201 1515 2262 apostolus
1551 2202 1711 2248 Paulus

319 2273 509 2334 quodam
533 2274 632 2320 loco
653 2274 763 2320 dixit
784 2295 792 2321 :
819 2294 837 2317 «
860 2278 947 2319 Lex
969 2274 1231 2319 subintravit
1246 2283 1295 2318 ut
1318 2273 1562 2318 abundaret
1579 2273 1712 2319 delie-

322 2363 341 2386 »
374 2348 511 2389 tumss.
543 2365 562 2387 n
592 2345 747 2391 Adhuc
779 2345 952 2390 videtur
978 2344 1096 2389 illam
1127 2344 1446 2404 reprehendere
1474 2364 1482 2390 :
1511 2343 1586 2389 sed
1608 2345 1710 2390 audi

318 2416 437 2477 quod
462 2418 658 2477 sequitur
677 2438 686 2464 ι
705 2438 724 2461 «
745 2419 829 2463 Ubi
847 2426 1008 2472 autem,
1031 2416 1192 2476 inquit,
1218 2416 1459 2461 abundavit
1480 2415 1707 2473 delictum,

323 2506 342 2527 η
378 2488 751 2546 superabundavit
779 2489 957 2548 gratia⁴.
992 2505 1012 2528 »
1044 2489 1150 2531 Data
1172 2495 1237 2531 est
1264 2487 1379 2531 enim
1413 2485 1481 2531 lex
1514 2487 1710 2546 superbis

373 2579 376 2591 ¹
403 2573 493 2602 Dent.
517 2583 581 2608 xxi,
601 2573 642 2603 ‘23
657 2585 663 2606 :
681 2572 749 2605 Gal.
772 2584 816 2614 m.
844 2573 890 2604 ¹3.
908 2589 948 2596 —·
963 2579 975 2596 ²
990 2576 1079 2604 Rom.
1102 2582 1144 2613 vr,
1162 2571 1195 2603 6.
1213 2589 1253 2595 -—-
1269 2570 1345 2604 31d.
1371 2581 1403 2607 v,
1422 2580 1473 2604 20.
1489 2589 1527 2596 —
1541 2570 1557 2600 4
1580 2570 1661 2603 lbid.
