1803 3250
309 230 394 270 4⁴0
752 242 783 268 s.
821 239 1048 268 Anaus‘rmi
1085 241 1261 268 Episcopi

309 312 389 353 hoc
412 323 497 351 non
522 321 611 350 esse
638 306 693 350 de
723 306 799 349 Dei
823 306 1062 351 substantia
1087 305 1397 349 dilucidissime
1418 306 1692 359 ostenditur,

307 379 433 423 simul
456 393 634 438 quoque
654 375 906 422 Priscilliani
927 378 1085 436 dogma
1108 378 1335 421 subvertit.
1360 379 1452 422 Hoc
1471 378 1586 421 enim
1607 394 1697 422 uno

307 449 547 492 firmissime
567 448 821 502 constituto,
839 448 959 508 quod
974 457 1016 491 et
1033 448 1301 491 verissimum
1322 457 1400 501 est,
1419 457 1462 491 et
1486 449 1528 491 in
1542 463 1586 491 se
1603 449 1698 507 ipso

306 519 607 578 unusquisque
625 518 871 563 admonitus
895 518 1097 562 facillime
1121 518 1331 577 agnoscit,
1359 533 1501 578 neque
1519 516 1601 573 illi,
1622 533 1700 562 ne-

307 605 393 650 que
415 589 483 633 isti
506 588 737 633 inveniunt
764 587 881 633 unde
900 605 998 633 suas
1019 588 1188 633 fabulas
1221 597 1382 633 texant.
1416 588 1530 641 Quid
1555 597 1699 632 autem

308 676 417 720 opus
438 668 501 703 est
524 660 585 703 ire
608 675 685 719 per
710 659 1000 720 amputandos
1034 676 1175 703 ramos
1198 659 1487 718 loquacissimi
1521 659 1698 715 erroris,

308 734 430 792 cujus
448 730 634 774 radicem
658 731 851 775 effodere
873 740 1005 790 atque
1031 731 1246 789 extirpare
1274 730 1586 789 compendium
1609 739 1700 788 est3

308 819 407 847 cum
439 803 675 861 praesertim
699 811 741 845 et
771 803 861 860 ipse
885 800 1111 859 gratuleris
1129 836 1139 855 ,
1171 802 1257 861 jam
1284 800 1357 846 illa
1386 801 1703 847 fabulosissima

310 873 594 918 deliramenta
613 871 731 931 apud
753 887 827 916 vos
851 885 939 915 esse
958 872 1191 915 convicta?

372 946 428 987 11.
468 943 549 988 Sed
585 942 639 986 de
673 943 817 986 anima
847 942 1134 1001 quaestionem
1165 942 1309 987 adhuc
1342 958 1482 1003 usque
1514 945 1703 999 versari,

312 1025 457 1059 utrum
483 1030 576 1058 eam
603 1018 735 1069 Deus,
761 1015 994 1074 (quoniam
1021 1013 1279 1073 particulam
1306 1014 1374 1059 vel
1406 1014 1704 1059 defluxionem

312 1089 402 1146 ejus
426 1102 511 1130 non
537 1102 624 1129 esse
641 1087 731 1145 jam
755 1094 941 1139 constat,
961 1088 977 1143 )
999 1101 1048 1129 ex
1073 1085 1210 1130 nihilo
1228 1102 1392 1130 creasse
1409 1086 1618 1131 dicendus
1634 1087 1703 1140 sit,

312 1175 363 1201 co
377 1158 493 1218 quod
509 1157 667 1201 (lurum
688 1167 730 1200 et
744 1158 926 1216 impium
940 1157 1141 1201 videatur
1158 1193 1168 1212 ,
1189 1157 1460 1202 voluntatem
1479 1159 1552 1202 Dei
1566 1158 1708 1202 dicere

315 1230 420 1272 nihil
447 1246 535 1272 esse
554 1265 563 1281 ,
598 1245 686 1288 quo
709 1229 884 1272 volente
906 1238 1047 1272 creata
1072 1238 1135 1272 est
1164 1248 1171 1273 :
1200 1230 1280 1272 hoc
1307 1230 1484 1288 quidem
1505 1230 1594 1289 jam
1620 1244 1709 1272 non

317 1300 505 1358 pmiiiwt
528 1299 581 1342 ad
607 1298 953 1356 redarguendam
985 1298 1235 1343 Priscilliani
1260 1298 1509 1357 sacrilegam
1543 1300 1710 1343 vanita—

319 1382 418 1414 tem.
445 1371 540 1415 Sive
556 1372 669 1413 enim
686 1386 737 1413 ex
752 1370 888 1414 nihilo
903 1369 1015 1414 facta
1030 1371 1082 1415 sit
1102 1372 1261 1424 anima,
1280 1371 1366 1413 sive
1382 1370 1464 1413 hoc
1484 1379 1710 1429 propterea

317 1441 552 1486 dicendum
578 1457 666 1485 non
689 1442 763 1494 sit,
790 1442 891 1500 quia
916 1442 991 1484 Dei
1014 1440 1241 1485 voluntate
1263 1439 1374 1484 facta
1400 1450 1484 1495 est,
1511 1457 1611 1500 quae
1633 1457 1712 1484 vo-

321 1513 461 1555 luntas
481 1513 631 1570 utique
655 1526 743 1554 non
767 1510 953 1553 estnihil
976 1529 985 1554 :
1006 1520 1152 1555 tamen
1174 1512 1274 1570 quia
1302 1510 1437 1562 facta,
1462 1521 1505 1555 et
1532 1513 1603 1554 Dei
1632 1527 1712 1555 na—

321 1592 416 1625 tura
436 1597 525 1625 non
544 1590 622 1636 est,
648 1579 846 1640 profecto
863 1581 1037 1624 haeresis
1054 1580 1127 1623 illa
1145 1580 1376 1637 refellitur,
1403 1597 1503 1641 quae
1526 1583 1713 1626 animam

319 1654 518 1712 primitus
543 1661 745 1696 naturam
768 1652 846 1696 Dei
860 1667 951 1696 esse
967 1651 1210 1706 contendit,
1232 1661 1282 1696 ut
1296 1653 1456 1697 habeat
1473 1652 1592 1696 unde
1609 1669 1716 1698 con-

321 1724 469 1767 cinnet
490 1722 552 1767 ihi
574 1721 793 1783 quidquid
815 1721 937 1767 aliud
958 1722 1155 1767 falsitatis
1177 1722 1389 1783 adjungit.
1427 1725 1586 1767 Verum
1615 1725 1716 1784 quia

321 1803 365 1837 et
392 1795 518 1838 istam
540 1794 830 1853 quaestionem
860 1808 1063 1853 spernere
1085 1803 1129 1837 et
1160 1792 1439 1838 indiscussam
1474 1794 1718 1854 relinquere

323 1879 411 1908 non
425 1874 621 1924 oportet,
640 1862 929 1924 quaerendum
949 1874 1013 1909 est
1030 1864 1086 1908 ab
1102 1865 1206 1919 istis,
1223 1865 1299 1925 qui
1317 1874 1545 1924 propterea
1560 1865 1719 1910 nolunt

324 1935 512 1979 animam
531 1951 581 1979 ex
604 1934 742 1980 nihilo
761 1935 919 1980 factam
945 1935 1139 1990 credere,
1164 1950 1219 1979 ne
1239 1934 1510 1980 voluntatem
1533 1937 1610 1980 Dei
1633 1952 1719 1996 qua

324 2006 438 2051 facta
465 2015 529 2051 est
550 2007 660 2051 nihil
683 2023 772 2052 esse
801 2017 991 2052 asserant
1005 2042 1016 2063 ‚
1048 2006 1337 2067 quaerendum
1356 2017 1418 2051 est
1440 2022 1541 2066 ergo
1562 2008 1617 2052 ab
1635 2008 1716 2063 eis,

325 2088 474 2123 utrum
498 2077 663 2121 nullam
687 2088 931 2122 creaturam
957 2093 1009 2121 ex
1032 2076 1169 2121 nihilo
1191 2076 1350 2121 factam
1373 2093 1463 2124 esse
1483 2079 1716 2123 fateantur.

328 2151 369 2195 Si
393 2151 508 2194 enim
529 2150 572 2193 id
592 2158 766 2209 putant,
786 2147 1028 2193 verendum
1041 2158 1175 2193 estne
1193 2148 1318 2193 aliam
1338 2150 1573 2209 quamdam
1592 2159 1722 2194 natu-

324 2237 414 2266 ram
437 2230 651 2266 conentur
672 2222 898 2276 inducere,
930 2237 1029 2281 quae
1052 2236 1196 2280 neque
1222 2224 1334 2264 Deus
1356 2220 1435 2274 sit,
1462 2236 1542 2265 nec
1570 2231 1718 2266 tamen

329 2294 434 2337 nihil
459 2294 511 2338 sit
534 2314 542 2338 :
572 2309 704 2353 quam
726 2292 848 2338 velut
874 2292 1099 2336 materiam
1123 2291 1202 2336 sibi
1232 2292 1471 2350 subjectam
1503 2292 1584 2336 nisi
1606 2296 1721 2337 Deus

329 2367 524 2421 haberet,
552 2366 671 2409 unde
686 2366 848 2410 faceret
869 2363 1085 2426 quidquid
1110 2363 1209 2408 lecit
1231 2364 1427 2407 invenire
1451 2379 1537 2407 non
1560 2375 1717 2423 posset.

329 2440 437 2482 Nam
466 2438 571 2481 dum
604 2438 816 2498 quaeritur
844 2436 961 2480 unde
987 2445 1229 2480 creaturam
1258 2450 1379 2478 suam
1408 2437 1518 2479 Deus
1538 2436 1689 2480 fecerit
1708 2471 1718 2491 ‚

329 2508 532 2569 quaedam
553 2508 749 2552 materies
772 2507 984 2568 quaeritur
1008 2525 1018 2552 t
1046 2506 1169 2551 sicuti
1196 2516 1259 2550 est
1290 2505 1414 2550 fabro
1446 2506 1631 2565 lignum,
1653 2506 1722 2551 vel

333 2579 562 2637 quodlibet
584 2594 741 2638 corpus
757 2614 766 2632 „
793 2577 915 2638 quod
936 2578 1017 2622 nisi
1039 2577 1266 2631 habuerit,
1292 2593 1341 2620 ea
1375 2576 1516 2621 facere
1540 2592 1641 2636 quae
1668 2577 1723 2622 ab
