1803 3250
359 194 441 236 146
798 200 832 232 s.
867 202 1097 233 auc-usum
1128 203 1308 232 Eriscom

356 408 568 427 mmm

854 405 1704 428 mmmmmmmmmm
1710 405 1744 422 W

816 585 1036 643 LIBER
1072 582 1288 643 XXIX.

416 815 450 856 Ι.
488 814 682 857 Faus-rus
711 809 822 854 dixit
847 828 856 855 ε
895 812 1051 869 «Ergo
1073 809 1215 869 magia
1243 819 1361 865 erat,
1398 809 1519 869 quod
1552 809 1667 854 visus
1697 825 1746 854 ac

353 898 499 942 passus
521 891 610 937 est,
636 881 671 926 si
693 890 817 925 natus
836 895 927 925 non
945 889 1024 925 est.
1050 879 1216 925 Eadem
1246 881 1293 925 in
1324 890 1367 925 te
1398 880 1585 925 vicissim
1613 896 1745 940 argu-

355 953 565 998 mentatio
587 961 882 1012 retorquetur,
901 961 951 996 ut
971 944 1112 1012 magia
1124 961 1169 998 et
1183 951 1295 997 illud
1308 951 1456 1007 fuerit,
1483 951 1605 1013 quod
1619 961 1745 998 utero

354 1032 568 1083 portatus,
591 1032 667 1067 aut
687 1021 808 1083 quod
825 1021 966 1067 editus
980 1023 1049 1079 sit,
1073 1023 1107 1067 si
1123 1023 1358 1067 seminatus
1374 1037 1464 1068 non
1487 1021 1586 1067 fuit.
1614 1024 1747 1068 Extra

353 1094 495 1154 legem
518 1104 687 1139 naturae
709 1109 798 1139 esse
819 1103 990 1140 constat
1013 1094 1222 1153 virginem
1244 1094 1459 1154 peperisse
1474 1129 1485 1150 ‚
1514 1092 1747 1154 multoque

355 1167 491 1226 magis
515 1167 739 1212 inventam
761 1166 889 1211 etiam
914 1174 1011 1226 post
1032 1174 1204 1225 partum
1227 1164 1453 1223 virginem.
1475 1166 1621 1218 Quare
1643 1179 1747 1224 ergo

354 1245 397 1280 et
418 1238 503 1282 hoc
524 1246 684 1297 praeter
715 1246 915 1281 naturam
948 1251 1037 1281 non
1059 1237 1122 1280 vis
1155 1244 1205 1279 ut
1237 1236 1492 1294 contigerit,
1528 1235 1618 1294 pati
1646 1250 1747 1280 eum

355 1309 548 1368 potuisse
584 1308 833 1363 volentem,
871 1307 964 1351 sine
997 1316 1112 1351 sorte
1141 1307 1416 1352 nativitatis?
1448 1305 1557 1352 Mihi
1589 1306 1746 1364 crede,

358 1389 574 1439 quantum
596 1379 652 1424 ad
673 1394 764 1423 rem
787 1378 958 1433 attinet,
983 1378 1158 1437 utrique
1176 1378 1221 1422 in
1239 1378 1324 1422 hoc
1346 1386 1516 1422 naturae
1532 1378 1747 1423 contraria

354 1451 611 1510 profitemur
632 1469 641 1496 :
667 1451 742 1495 sed
765 1451 848 1494 hoc
870 1451 1051 1494 interest
1065 1484 1076 1504 ,
1102 1448 1223 1508 quod
1239 1464 1318 1493 nos
1340 1449 1538 1505 honeste,
1563 1464 1639 1494 vos
1653 1458 1747 1494 tur—

352 1522 465 1580 piter
492 1541 500 1566 :
526 1536 605 1566 nos
633 1521 840 1581 passionis
874 1521 966 1580 ejus
996 1519 1211 1564 rationem
1245 1519 1438 1578 aliquam
1460 1518 1683 1564 reddimus
1704 1528 1749 1564 et

354 1591 630 1650 probabilem
650 1612 661 1649 3
703 1607 777 1636 vos
805 1590 1040 1635 nativitatis
1078 1598 1153 1634 aut
1186 1588 1354 1633 nullam
1394 1590 1606 1649 praestatis
1624 1625 1634 1646 ‚
1672 1599 1749 1634 aut

353 1661 507 1706 falsam
529 1681 538 1707 ε
559 1663 751 1722 denique
772 1676 850 1706 nos
872 1661 1014 1720 specie
1031 1669 1159 1704 tenus
1172 1675 1349 1720 passum
1365 1661 1645 1716 confitemur,
1666 1676 1747 1705 nec

354 1747 455 1778 vere
471 1742 719 1791 mortuum3
743 1748 819 1778 vos
842 1747 921 1791 pro
943 1741 1062 1776 certo
1085 1732 1366 1792 puerperium
1390 1731 1521 1777 fuisse
1546 1731 1744 1787 creditis,

355 1813 399 1849 et
419 1813 545 1849 utero
566 1803 772 1849 muliebri
794 1811 1031 1863 portatum.
1052 1805 1142 1847 Aut
1161 1803 1195 1847 si
1216 1803 1275 1846 ita
1295 1817 1386 1847 non
1404 1811 1468 1847 est
1483 1837 1495 1858 ,
1520 1802 1747 1848 fateamini

355 1885 400 1920 et
420 1891 496 1920 vos
519 1875 622 1935 quia
643 1875 727 1919 hoc
749 1874 879 1918 etiam
897 1874 1147 1932 imaginarie
1169 1875 1224 1918 sit
1246 1872 1429 1930 factum,
1454 1883 1504 1918 ut
1525 1874 1748 1919 videretur

356 1954 484 1990 natus
501 1981 512 2001 ,
537 1954 580 1990 et
593 1945 733 1990 omnis
751 1944 876 1989 nobis
894 1945 975 1988 erit
992 1944 1218 2003 profligata
1241 1944 1480 1989 contentio.
1504 1946 1614 1990 Nam
1635 1944 1748 1989 illud

353 2016 550 2076 quidem,
576 2016 698 2076 quod
718 2030 832 2075 saepe
855 2015 1070 2059 affirmare
1087 2014 1249 2070 soletis,
1270 2016 1512 2060 necessario
1534 2030 1636 2060 eum
1657 2030 1747 2060 esse

354 2096 508 2132 natum
523 2122 534 2143 ‚
559 2087 662 2148 quia
685 2085 787 2131 alias
805 2086 1057 2131 hominibus
1074 2084 1213 2130 videri
1232 2094 1306 2130 aut
1328 2086 1450 2146 loqui
1472 2101 1563 2130 non
1585 2095 1744 2146 posset,

353 2158 589 2204 ridiculum
611 2167 703 2215 est,
735 2173 838 2203 cum
866 2157 1087 2203 multoties
1103 2192 1114 2213 ,
1150 2166 1199 2201 ut
1215 2159 1308 2218 Jam
1335 2157 1570 2217 probatum
1597 2172 1622 2201 a
1643 2172 1747 2202 nos-

352 2229 429 2273 tris
459 2238 545 2285 est,
577 2227 735 2288 Angeli
764 2237 808 2273 et
837 2227 917 2273 visi
947 2227 1199 2273 hominibus
1227 2236 1272 2272 et
1298 2228 1435 2273 locuti
1472 2243 1562 2273 esse
1594 2242 1744 2273 mons-

356 2307 540 2344 trentur.
562 2317 583 2341 »

411 2373 469 2414 ΙΙ.
506 2364 774 2428 Augustinus
789 2368 1034 2429 respondit:
1052 2371 1150 2415 Non
1163 2369 1285 2415 vobis
1300 2370 1461 2415 dicitur
1477 2369 1616 2428 magia
1632 2384 1738 2425 esse,

352 2450 401 2485 ut
423 2442 498 2500 qui
520 2450 647 2485 natus
664 2455 755 2485 non
773 2440 923 2495 fuerit,
952 2439 1162 2485 moriatur
1178 2460 1189 2498 3
1213 2455 1313 2485 nam
1331 2441 1476 2486 hocin
1493 2442 1632 2486 Adam
1646 2440 1740 2486 fac-

354 2520 445 2555 tum
464 2526 553 2556 esse
571 2513 660 2570 jam
685 2525 813 2570 supra
832 2510 1267 2556 commemoravimus
1287 2528 1296 2556 ε
1316 2510 1391 2556 sed
1408 2520 1451 2556 et
1467 2510 1500 2556 si
1513 2526 1740 2571 nunquam
