1803 3250
402 229 564 260 CONTRA
598 229 813 267 FAUsTUM‚
849 231 931 257 Lm.
970 232 1080 258 xxn.
1384 219 1436 258 15

54 297 183 340 rent?
204 297 333 349 Quod
352 296 385 340 si
413 296 554 341 facere
584 302 786 354 possent,
819 310 907 354 qua
929 295 1105 339 tandem
1134 294 1334 340 vecordia
1364 295 1436 339 hic

52 366 154 413 talia
173 367 499 428 reprehendunt
518 402 528 422 ,
563 366 704 427 qualia
726 366 787 411 ibi
809 365 1085 411 defendunt?
1110 367 1153 412 Si
1175 375 1321 412 autem
1344 381 1435 411 non

54 447 250 498 possent,
280 454 359 484 cur
387 439 433 483 in
463 453 552 483 uno
583 445 782 492 tantum,
819 451 868 481 ac
895 452 986 482 non
1007 438 1150 496 potius
1181 439 1227 482 in
1250 447 1439 499 utroque

55 511 347 576 Testamentq²
363 508 484 570 quod
499 524 589 554 non
605 507 950 568 intelligentibus
969 508 1111 568 impiis
1126 523 1309 569 pravum
1322 508 1442 555 vide-

52 581 324 638 retur,idem
344 596 434 627 non
461 580 806 641 intelligentibus
825 581 905 641 piis
933 589 1100 626 rectum
1122 615 1133 636 ,
1165 579 1242 626 sed.
1270 588 1436 626 tectum

53 652 174 698 credi
201 662 402 714 oportere
423 653 699 698 concedunt?

112 724 209 767 XV.
239 725 310 768 An
330 723 465 779 forte,
489 738 590 784 quae
619 722 675 768 de
695 723 819 768 Novo
848 724 1125 767 Testamento
1154 721 1308 766 similia
1337 735 1440 782 pro-

54 792 235 839 tulimus
257 827 269 850 ,
308 795 400 853 ipsa
440 808 618 855 quoque
654 794 818 839 audent
863 793 1007 838 dicere
1043 792 1151 838 falsa
1184 808 1275 838 esse
1312 801 1444 853 atque

54 879 274 924 perversa,
305 866 533 926 privilegio
567 865 643 911 illo
671 881 750 911 suo
776 865 1016 921 diabolico,
1047 873 1099 910 ut
1139 864 1358 926 quidquid
1380 873 1444 909 est

53 935 100 979 in
130 936 370 996 Evangelio
405 938 474 983 vel
505 937 709 998 Epistolis
740 937 969 993 canoncis,
1004 951 1093 997 quo
1122 936 1318 998 adjuvari
1349 936 1443 980 hae—

53 1007 181 1052 resim
197 1022 320 1052 suam
341 1017 525 1068 putent,
557 1008 603 1053 id
623 1024 713 1054 esse
731 1025 755 1054 a
773 1010 947 1055 Christo
974 1017 1015 1054 et
1037 1007 1255 1068 Apostolis
1273 1007 1441 1053 dictum

53 1087 230 1123 teneant
251 1087 383 1139 atque
403 1078 633 1138 suadeant3
655 1079 874 1140 quidquid
896 1088 1041 1124 autem
1067 1095 1117 1124 ex
1142 1079 1295 1124 iisdem
1313 1080 1438 1124 codi-

52 1148 176 1193 cibus
197 1149 401 1194 adversus
423 1163 494 1194 eas
516 1151 712 1194 sonuerit
727 1185 738 1205 ,
763 1150 1003 1195 immissum
1027 1150 1082 1194 ab
1112 1148 1442 1195 infalsatoribus

54 1233 128 1264 ore
154 1216 401 1279 impudenti
423 1235 472 1265 ac
500 1220 708 1281 sacrilego
734 1236 825 1266 non
847 1220 1054 1265 dubitent
1078 1220 1253 1266 dicere?
1273 1221 1357 1267 Cui
1378 1220 1445 1266 fu-

54 1290 141 1335 rori
166 1305 346 1347 eorum,
383 1292 686 1336 auctoritatem
713 1292 911 1337 omnium
943 1291 1155 1337 librorum
1189 1294 1443 1352 extinguere

53 1369 184 1421 atque
207 1360 380 1406 abolere
399 1362 592 1417 conanti,
613 1362 706 1423 jam
724 1377 875 1422 supra,
900 1371 1118 1423 quantum
1138 1363 1326 1424 suscepti
1339 1377 1445 1423 ope·

53 1431 110 1476 ris
130 1431 239 1477 ratio
260 1431 401 1477 sinere
421 1431 654 1479 videbatur
667 1468 679 1488 ,
705 1448 795 1478 non
815 1448 952 1493 pauca
975 1433 1193 1494 respondi.

128 1503 250 1547 XVI.
300 1505 426 1549 Nunc
461 1501 573 1548 illud
616 1502 858 1560 admoneo,
889 1513 939 1549 ut
968 1519 1070 1549 cum
1097 1505 1269 1549 insanas
1301 1513 1345 1549 et
1372 1519 1442 1549 sa-

49 1570 230 1631 crilegas
246 1573 417 1618 fabulas
438 1589 535 1619 suas
556 1572 777 1620 chi'istiani
800 1576 989 1620 nominis
1010 1575 1144 1635 pallio
1164 1575 1310 1621 velare
1335 1590 1443 1620 con—

53 1643 262 1700 tendant,
290 1645 468 1690 videant
494 1653 642 1690 tamen
658 1680 669 1701 ,
701 1645 881 1706 quando
912 1646 992 1690 ista
1027 1655 1179 1692 contra
1203 1647 1445 1707 Scripturas

52 1714 306 1760 christianas
331 1716 575 1776 disputant,
593 1732 683 1762 non
697 1733 721 1761 a
737 1717 862 1762 nobis
877 1726 1027 1762 contra
1043 1721 1238 1778 Paganos
1251 1727 1440 1774 tantum,

53 1785 131 1830 sed
146 1786 278 1830 etiam
305 1795 457 1832 contra
477 1788 766 1844 Manichaeos,
793 1788 1021 1833 veritatem
1045 1789 1247 1834 codicum
1267 1789 1441 1835 divino-

53 1871 152 1902 rum
176 1858 440 1903 Testamenti
458 1860 687 1920 utriusque
714 1859 907 1905 defendi.
934 1864 991 1906 Et
1012 1861 1091 1907 ista
1113 1861 1318 1923 quidem,
1344 1878 1444 1922 quae

53 1928 187 1973 modo
209 1931 395 1975 Faustus
414 1930 537 1976 velut
563 1931 741 1991 indigna
761 1934 853 1977 Deo
874 1931 929 1977 de
950 1933 1105 1978 nostris
1123 1934 1345 1979 veteribus
1369 1934 1443 1977 lit-

54 1999 155 2044 teris
175 1999 221 2044 in
239 2014 437 2045 sermone
458 2016 538 2047 suo
559 2003 729 2062 posuit,
761 2011 913 2048 contra
936 2005 1159 2063 Paganum
1176 2013 1220 2049 et
1235 2004 1282 2048 in
1304 2007 1446 2050 Evan-

55 2069 193 2129 gelico
216 2070 285 2116 vel
311 2072 563 2132 Apostolico
592 2088 790 2119 sermone
825 2074 927 2119 talia
959 2075 1353 2134 reprehendentem
1387 2076 1446 2120 ita

53 2139 234 2185 fortasse
254 2140 559 2200 defenderem,
585 2153 635 2189 ut
655 2145 774 2204 paria
795 2143 851 2189 de
869 2145 1119 2191 auctoribus
1136 2161 1304 2202 eorum,
1330 2146 1444 2192 sicut

55 2211 217 2257 Paulus
241 2221 387 2258 noster
408 2214 527 2274 apud
547 2215 832 2260 Athenienses
852 2215 981 2272 fecit,
1008 2219 1441 2263 commemorarem1.

55 2281 301 2328 Invenirem
319 2284 436 2328 enim
456 2284 637 2330 fortasse
662 2294 707 2330 et
724 2285 770 2330 in
787 2285 940 2331 litteris
958 2302 1110 2332 eorum
1128 2291 1269 2333 Deum
1286 2287 1443 2334 mundi

56 2362 294 2398 creatorem
317 2370 366 2399 ac
385 2354 718 2412 fabricatorem,
748 2365 791 2402 et
822 2357 931 2403 lucis
959 2359 1090 2420 hujus
1118 2360 1440 2419 institutorem,

57 2424 133 2483 qui
155 2433 301 2469 tamen
322 2435 554 2487 antequam
578 2443 673 2472 eam
695 2428 902 2474 conderet
918 2465 928 2484 ,
955 2446 1042 2475 non
1059 2431 1233 2491 jacebat
1253 2433 1300 2477 in
1322 2442 1445 2477 tene-

58 2493 146 2538 bris
171 2514 181 2541 :
207 2504 249 2540 et
269 2511 322 2541 ex
344 2512 474 2557 opere
494 2514 574 2543 suo
597 2499 789 2558 perfecto
810 2500 974 2546 elatum
1000 2517 1090 2547 esse
1113 2503 1297 2562 gaudio,
1324 2503 1444 2565 quod

104 2581 116 2599 ¹
132 2582 205 2613 Act.
227 2591 304 2621 xtni,
323 2589 379 2615 22·
