1803 3250
407 188 570 218 CONTRA
603 187 823 226 FAUSTUM,
857 189 942 216 Lm.
983 189 1092 217 xxu.
1386 176 1440 216 47

56 263 144 299 tem
165 255 377 300 Faustum
403 255 634 308 diximus1,
661 252 815 298 eadem
839 253 968 297 etiam
991 269 1070 313 pro
1099 256 1218 298 Isaac
1242 253 1332 298 filio
1353 254 1445 313 ejus

57 323 229 383 valent;
254 341 353 386 quae
376 339 598 370 recensere
620 339 710 368 non
732 332 796 367 est
817 322 1020 381 difficile3
1045 325 1126 369 nisi
1145 325 1260 370 forte
1280 324 1449 370 studio-

58 411 206 442 sorum
237 396 392 458 aliquis
420 404 617 456 quaerat,
642 395 687 439 in
709 396 833 455 cujus
855 395 1007 453 figurae
1036 406 1306 441 sacramento
1335 396 1449 441 acci-

59 465 269 528 piendum
289 467 367 525 sit3
387 465 506 526 quod
529 481 603 510 rex
619 465 862 524 alienigena
885 464 1132 509 Rebeccam
1156 467 1237 509 viri
1258 467 1325 511 sui
1346 482 1453 512 con-

55 539 207 599 jugem
229 547 334 582 tunc
352 552 442 582 esse
460 537 689 597 cognovit,
707 535 886 596 quando
904 549 1005 579 eum
1022 550 1124 580 cum
1141 535 1214 580 illa
1226 536 1453 582 ludentem

60 608 195 667 vidit3
216 610 339 671 quod
369 624 460 654 non
487 607 784 668 cognovisset,
822 607 902 652 nisi
933 622 1034 651 cum
1068 608 1255 667 conjuge
1288 607 1360 652 ille
1396 608 1456 654 sic

61 679 248 735 luderet,
262 678 486 741 quomodo
502 695 604 724 cum
620 694 668 723 ea
683 693 782 739 quae
795 678 954 738 conjux
967 692 1060 722 non
1073 687 1183 722 esset
1196 677 1350 722 ludere
1366 694 1457 723 non

61 750 248 797 deceret.
275 751 405 805 Quod
427 767 530 796 cum
551 750 689 796 sancti
709 750 933 811 conjugati
955 747 1139 805 faciunt,
1164 766 1254 794 non
1270 750 1457 794 inaniter

63 820 230 867 faciunt
249 857 260 878 ,
287 823 364 868 sed
386 823 625 883 prudenter
646 820 954 868 :descendunt
976 822 1092 865 enim
1114 820 1307 881 quodam
1326 820 1458 866 modo

64 893 119 937 ad
133 892 331 938 foeminei
345 909 468 938 sexus
481 894 796 949 infirmitatem,
814 902 864 937 ut
879 890 1047 953 aliquid
1065 892 1225 938 blanda
1244 893 1460 937 hilaritate

66 962 135 1008 vel
156 963 307 1009 dicant
328 964 397 1009 vel
417 963 606 1022 faciant3
642 980 733 1009 non
755 972 1011 1008 enervantes
1027 998 1038 1019 ‚
1063 964 1139 1008 sed
1171 972 1462 1024 temperantes

66 1034 234 1080 virilem
255 1034 445 1094 rigorem
465 1055 474 1080 ε
494 1036 614 1096 quod
637 1045 784 1080 tamen
801 1035 842 1079 ei
859 1050 959 1095 quae
979 1049 1087 1079 uxor
1100 1050 1191 1079 non
1209 1044 1273 1079 est
1295 1035 1371 1094 qui
1392 1034 1462 1079 di-

67 1106 177 1151 xerit
199 1115 275 1151 aut
294 1106 447 1153 fecerit
461 1141 473 1163 ‚
503 1107 643 1166 turpis
665 1116 743 1151 est.
771 1109 937 1151 Verum
966 1107 1050 1152 hoc
1066 1141 1077 1162 ,
1102 1109 1224 1167 quod
1246 1108 1302 1151 ad
1323 1122 1464 1151 mores

69 1178 351 1223 humanitatis
366 1177 551 1238 pertinet
569 1212 580 1231 ‚
605 1176 802 1232 dixerim,
822 1192 878 1220 ne
901 1177 1134 1237 quisquam
1158 1177 1293 1222 durus
1310 1187 1354 1222 et
1374 1178 1466 1222 sine

71 1249 234 1294 affectu
251 1248 298 1293 id
325 1248 469 1309 ipsum
493 1263 572 1308 pro
594 1247 775 1293 crimine
805 1247 984 1308 objiciat
1012 1258 1166 1306 sancto
1200 1251 1293 1294 viro
1310 1284 1321 1305 ,
1345 1247 1468 1309 quod

71 1336 174 1366 cum
191 1322 378 1382 conjuge
399 1335 476 1365 sua
492 1319 659 1364 luserit.
688 1317 811 1364 Tales
828 1319 946 1363 enirn
970 1320 1168 1365 homines
1189 1320 1420 1365 inhumani
1436 1320 1470 1365 si

73 1392 264 1453 aliquem
286 1407 461 1451 gravem
482 1392 626 1436 virum
645 1389 868 1435 ludicrum
889 1389 1057 1450 aliquid
1079 1392 1341 1449 garrientem
1358 1406 1471 1450 pue-

75 1463 131 1508 ris
158 1465 288 1509 etiam
310 1461 500 1524 parvulis
532 1461 748 1516 viderint,
786 1476 876 1522 quo
899 1476 1054 1506 eorum
1081 1461 1276 1507 lacteum
1297 1476 1473 1507 sensum

77 1534 261 1581 affabuli
281 1544 325 1580 et
345 1533 577 1579 nutritoria
593 1532 800 1578 facilitate
822 1532 1115 1593 permulceat,
1152 1543 1359 1594 tanquam
1389 1533 1471 1578 de-

77 1607 278 1652 lirantem
307 1604 636 1665 reprehendunt
661 1623 671 1649 :
697 1603 823 1649 obliti
860 1603 979 1649 unde
1010 1606 1256 1661 creverint,
1293 1614 1369 1650 aut
1404 1605 1475 1650 in-

81 1679 190 1739 grati
223 1677 346 1738 quod
376 1676 606 1722 creverint.
650 1676 767 1740 Quid
802 1685 950 1720 autem
991 1676 1074 1720 sibi
1110 1677 1215 1721 velit
1253 1677 1300 1721 in
1332 1692 1477 1723 sacra—

82 1759 233 1796 mento
255 1749 416 1796 Christi
437 1758 482 1793 et
505 1747 739 1804 Ecclesiae,
770 1747 891 1808 quod
929 1757 1076 1793 tantus
1102 1749 1349 1794 Patriarcha
1377 1765 1481 1794 cum

83 1822 270 1883 conjuge
297 1819 477 1876 luserit,
499 1819 845 1880 conjugiumque
873 1818 986 1863 illud
1014 1819 1118 1864 inde
1141 1820 1195 1864 sit
1222 1822 1447 1879 cognitum
1466 1856 1477 1875 ‚

84 1891 203 1939 videt
233 1889 430 1953 profecto
460 1891 673 1952 quisquis,
709 1905 764 1935 ne
803 1889 972 1950 aliquid
1016 1889 1203 1936 errando
1239 1891 1286 1936 in
1324 1892 1481 1937 Eccle-

87 1964 192 2008 siam
233 1971 418 2024 peccet,
463 1970 679 2006 secretum
719 1961 800 2005 viri
835 1961 927 2021 ejus
962 1961 1009 2005 in
1051 1961 1284 2022 Scripturis
1325 1964 1484 2009 sanctis

88 2034 318 2095 diligenter
354 2034 586 2079 intuetur:
616 2042 660 2078 et
695 2033 864 2078 invenit
901 2049 1002 2078 eum
1042 2035 1310 2095 majestatem
1342 2051 1482 2092 suam,

90 2122 178 2167 qua
207 2107 253 2150 in
288 2104 429 2151 forma
462 2105 539 2149 Dei
569 2103 749 2165 aequalis
781 2112 844 2148 est
875 2105 991 2149 Patri
1004 2107 1037 2161 ²,
1063 2106 1282 2166 paulisper
1303 2107 1488 2153 abscon-

92 2177 204 2222 disse
236 2177 283 2221 in
323 2174 466 2221 forma
505 2175 638 2231 servi,
681 2183 733 2219 ut
771 2176 862 2235 ejus
897 2190 1032 2235 capax
1066 2191 1155 2221 esse
1189 2178 1380 2223 humana
1417 2179 1487 2222 in-

93 2247 274 2292 firmitas
298 2256 464 2306 posset3
490 2262 632 2307 eoque
654 2244 787 2291 modo
804 2261 849 2291 se
864 2246 1038 2307 conjugi
1055 2257 1350 2308 congruenter
1371 2258 1488 2310 apta·

95 2327 178 2364 ret.
205 2317 322 2373 Quid
355 2317 472 2363 enim
504 2316 759 2374 absurdum,
792 2317 882 2363 imo
913 2319 1021 2379 quid
1054 2334 1145 2364 non
1181 2320 1491 2366 convenienter

97 2390 347 2435 fututorum
375 2389 733 2450 praenuntiationi
762 2391 1142 2435 accommodatum
1162 2427 1172 2447 ,
1210 2393 1245 2437 si
1275 2393 1493 2453 Propheta

98 2461 178 2507 Dei
198 2460 372 2508 carnale
399 2461 565 2523 aliquid
584 2461 687 2507 lusit
707 2470 757 2508 ut
784 2476 886 2508 eum
912 2471 1088 2524 caperet
1112 2463 1297 2512 affectus
1317 2465 1490 2525 uxoris3

145 2548 159 2571 ¹
175 2547 256 2582 Vide
272 2557 379 2592 supra,
396 2556 429 2583 n.
451 2547 506 2584 33.
525 2563 567 2576 —
583 2552 597 2573 ²
617 2545 732 2593 Philip·
756 2547 791 2592 ii,
809 2546 844 2583 6.
