1803 3250
307 201 391 240 ¹310
742 205 778 235 s.
812 204 1044 237 Aucus-nm
1076 208 1260 238 nuscum

308 275 534 323 voluntate
562 272 938 322 consentita'ae‘non
972 275 1088 319 enim
1117 274 1296 334 potestis
1318 273 1464 318 dicere
1496 275 1696 321 naturale

304 344 463 391 malum
482 355 572 386 esse
592 343 731 401 gentis
754 344 1053 399 tenebrarum,
1079 344 1200 404 quod
1223 344 1284 388 ibi
1306 343 1448 390 aliena
1469 344 1696 392 voluntate

298 414 561 469 instituitur,
598 414 683 459 hoc
715 423 780 459 est
809 415 965 460 animae
1000 414 1243 460 voluntate.
1277 415 1360 460 Cui
1391 430 1496 474 ergo
1524 425 1696 462 naturae

296 486 582 546 deputabitur
604 486 684 531 ista
704 495 859 533 natura
877 523 888 543 ,
913 486 958 532 id
981 496 1069 541 est,
1099 488 1181 531 ista
1204 487 1454 542 consensio,
1479 487 1514 531 si
1536 497 1696 534 natura

295 568 358 604 est
380 574 480 619 quae
503 573 647 618 neque
669 559 843 613 animae,
869 575 1013 618 neque
1036 559 1318 603 tenebrarum
1343 558 1461 616 genti
1484 558 1697 605 naturalis

294 640 380 685 est,
407 629 487 673 nisi
511 638 735 674 utcontra
768 629 1064 676 Manicbaenm
1096 628 1290 688 disputes
1309 663 1320 684 ,
1348 644 1437 673 non
1461 629 1596 685 duas,
1621 632 1699 676 sed

294 711 381 746 tres
398 715 488 746 esse
505 702 714 745 naturas?
730 700 839 753 Quia
859 709 905 745 et
926 700 961 744 si
980 699 1218 760 aliquando
1235 698 1417 743 fuerunt
1439 698 1556 756 duae,
1578 716 1698 747 nunc

296 783 444 818 tamen
479 773 570 832 jam
602 780 887 831 posteaquam
924 779 1071 814 exorta
1114 778 1180 815 est
1213 769 1292 815 ista
1327 773 1582 828 consensio,
1613 781 1699 817 tres

294 845 449 905 utique
477 844 605 889 factae
627 852 742 887 snnt.
769 844 913 895 Quam
938 857 1041 886 sane
1071 841 1268 897 tertiam,
1299 857 1399 902 quae
1429 851 1533 888 nata
1561 853 1623 888 est
1646 858 1700 889 ex

294 915 436 961 anima
454 913 772 967 consentiente,
789 921 833 956 et
851 927 905 956 ex
921 912 1035 957 malo
1054 912 1125 956 cui
1144 913 1377 968 consentit,
1395 928 1453 973 qu
1462 912 1522 958 asi
1537 912 1700 958 utrius-

293 1000 381 1047 que
399 983 538 1028 'filiam
555 983 721 1042 cogeris
744 982 890 1029 dicere
911 1002 920 1028 :
941 983 1018 1028 sed
1032 998 1132 1028 cum
1155 998 1206 1028 ex
1223 984 1395 1028 duabus
1417 985 1584 1029 naturis
1596 994 1700 1030 nata

293 1057 369 1113 sit,
395 1071 583 1118 quarum
606 1055 741 1100 altera
764 1056 880 1101 bona
905 1065 992 1111 est,
1019 1054 1153 1100 altera
1174 1055 1286 1100 mala
1301 1091 1312 1111 ,
1332 1071 1487 1117 quaero
1509 1072 1589 1102 cur
1603 1072 1698 1103 non

297 1128 476 1190 aliquod
500 1137 709 1174 neutrum
731 1137 884 1173 natum
906 1126 977 1173 sit.
1006 1128 1128 1173 Sicut
1155 1129 1272 1172 enirn
1300 1144 1352 1173 ex
1374 1144 1488 1189 equo
1514 1138 1559 1174 et
1579 1129 1700 1175 asino

297 1200 420 1263 quod
436 1201 643 1255 nascitur,
660 1215 740 1245 nec
755 1215 894 1261 equus
913 1215 994 1244 nec
1009 1200 1154 1244 asinus
1176 1209 1240 1244 est
1265 1218 1273 1244 :
1299 1199 1358 1244 ita
1371 1200 1492 1260 quod
1505 1198 1560 1244 de
1582 1200 1701 1246 bona

300 1282 457 1317 natura
479 1281 524 1317 et
545 1270 658 1316 mala
681 1279 834 1316 natum
852 1279 914 1315 est
931 1306 943 1326 ,
968 1270 999 1314 si
1024 1280 1067 1315 et
1088 1271 1179 1330 ipsa
1202 1279 1358 1315 natura
1376 1279 1458 1326 est,
1482 1286 1562 1315 nec
1584 1271 1701 1317 bona

298 1359 378 1388 nec
390 1342 502 1388 mala
517 1357 607 1387 csse
620 1342 826 1387 debebat.
846 1344 911 1386 Tu
929 1350 1076 1386 autem
1095 1341 1427 1386 consensionem
1440 1340 1597 1386 malam
1612 1357 1702 1387 esse

297 1414 519 1460 confiteris
539 1431 550 1458 :
575 1413 681 1459 dicis
697 1413 813 1457 enim
830 1422 937 1457 tunc
954 1412 1142 1456 animam
1161 1410 1389 1456 voluntate
1407 1427 1483 1457 sua
1500 1428 1698 1473 peccare,

297 1488 406 1531 dum
427 1486 646 1530 consentit
670 1483 799 1528 malo.
827 1486 896 1528 An
911 1484 1025 1528 forte
1044 1492 1247 1527 naturam
1265 1483 1427 1528 bonam
1443 1492 1486 1529 et
1500 1493 1702 1531 naturam

299 1557 459 1602 malam
484 1557 607 1617 quasi
623 1555 735 1600 duos
757 1571 882 1600 sexus
898 1591 909 1611 ,
936 1555 1227 1600 masculinum
1246 1565 1290 1601 et
1304 1555 1588 1602 foemininum
1611 1573 1702 1604 esse

298 1627 546 1685 arbitraris3
580 1636 629 1672 ut
650 1624 1029 1687 quemadmodum
1051 1641 1103 1671 ex
1124 1627 1318 1672 masculo
1340 1636 1383 1671 et
1407 1625 1588 1673 foemina
1610 1644 1702 1674 non

299 1699 467 1761 aliquid
487 1709 693 1745 neutrum
711 1735 721 1754 ,
745 1698 822 1744 sed
844 1709 921 1745 aut
943 1698 1160 1744 masculus
1178 1708 1254 1744 aut
1277 1698 1461 1744 foemina
1485 1701 1697 1760 gignitur,

302 1773 362 1816 sic
379 1787 430 1816 ex
452 1772 570 1816 bono
592 1779 636 1816 et
651 1770 767 1816 malo
782 1786 872 1816 non
895 1769 1075 1831 aliquod
1095 1771 1287 1827 tertium,
1304 1770 1426 1832 quod
1439 1786 1520 1816 nec
1533 1772 1703 1818 bonum

303 1853 413 1888 esset
434 1859 514 1888 nec
537 1843 701 1887 malum
718 1878 728 1898 ,
752 1841 828 1886 sed
850 1841 1037 1887 alterum
1060 1841 1225 1887 malum
1248 1857 1337 1887 esse
1359 1841 1600 1888 contendas
1622 1859 1704 1889 na-

304 1923 399 1958 tum
418 1917 436 1957 ‘t
459 1915 589 1967 Quod
611 1915 646 1958 si
668 1914 727 1958 ita
753 1922 843 1969 est,
870 1913 944 1958 ubi
969 1922 1033 1958 est
1062 1913 1133 1958 illa
1163 1914 1317 1960 victrix
1339 1915 1495 1958 animae
1517 1917 1707 1960 natura?

307 1987 457 2030 Ita-ne
471 1995 666 2045 separata
684 1986 788 2039 est¹,
815 1994 866 2029 ut
887 2000 977 2029 non
1000 1983 1184 2029 alterum
1204 1984 1371 2029 bonum
1394 1985 1540 2044 potius
1553 2001 1707 2031 nasce·

308 2059 460 2101 retur?
485 2058 650 2102 Deinde
672 2073 761 2101 non
779 2056 898 2101 vides
922 2066 965 2101 te
988 2072 1113 2101 sexus
1130 2057 1321 2102 diversos
1331 2057 1421 2117 jam
1438 2056 1598 2114 dicere,
1618 2073 1708 2103 non

307 2137 499 2173 naturas.
527 2132 636 2175 Nam
657 2130 690 2173 si
713 2129 825 2172 inter
848 2129 1013 2172 bonum
1048 2137 1091 2172 et
1122 2128 1286 2173 malum
1312 2137 1570 2173 naturarum
1599 2139 1710 2175 esset

310 2197 534 2245 diversitas
549 2236 559 2254 ,
586 2215 675 2245 non
698 2200 884 2245 oriretur
906 2215 958 2244 cx
983 2209 1172 2260 utroque
1194 2199 1274 2244 nisi
1297 2197 1474 2259 aliquod
1502 2200 1680 2245 tertium
1695 2235 1707 2256 ,

310 2270 430 2329 quod
447 2287 526 2316 nec
544 2272 708 2316 bonum
736 2280 980 2330 possetesse
1002 2286 1082 2314 nce
1105 2270 1269 2314 malum
1295 2289 1304 2315 2
1327 2280 1404 2316 aut
1423 2280 1539 2316 certe
1554 2270 1710 2316 sterilis

312 2351 423 2384 esset
445 2341 534 2400 ipsa
557 2343 834 2395 commixtio,
871 2358 951 2388 nec
983 2342 1086 2387 inde
1120 2345 1245 2384 tertia
1266 2342 1507 2385 substantia
1530 2357 1708 2402 parare-

310 2420 398 2456 tur.
429 2414 471 2458 Si
490 2416 606 2458 enim
621 2430 670 2456 ex
690 2414 770 2456 illis
795 2411 1055 2456 animalibus
1078 2427 1177 2471 quae
1197 2427 1327 2472 supra
1350 2414 1705 2471 commemoravi,

308 2496 412 2528 cum
439 2484 521 2528 sibi
555 2484 816 2541 miscentur,
847 2482 957 2528 nihil
991 2481 1113 2528 aliud
1144 2498 1278 2543 quam
1306 2483 1453 2530 mulus
1485 2482 1556 2530 vel
1586 2483 1707 2531 mula

366 2574 374 2592 ¹
396 2567 503 2602 Forte
519 2573 682 2611 superata.
