1803 3250
330 143 414 185 318
760 147 795 180 s.
831 148 1063 181 Aucusnm
1096 152 1277 185 muscom

326 219 459 278 ipsam
479 214 750 272 cognoverit,
776 219 1018 264 consentiat
1034 218 1166 264 malo.
1190 237 1211 261 »
1232 221 1431 265 Mutatur
1453 236 1555 280 ergo
1576 224 1622 268 in
1643 224 1722 268 de-

327 287 455 334 terius
477 301 578 330 cum
601 285 888 343 obliviscitur,
914 290 973 335 sic
992 300 1042 335 ut
1059 306 1103 335 sc
1120 291 1258 350 ipsam
1281 307 1429 336 rursus
1450 308 1721 339 commemo·-

321 368 457 403 ratam
492 368 740 415 cognoscat.
781 361 912 407 Nullo
948 372 1095 407 autem
1129 372 1259 422 pacto
1295 365 1455 410 mutari
1490 365 1719 425 potuisset,

321 429 401 474 nisi
436 437 673 489 antequam
702 440 961 488 mutaretur,
998 443 1107 479 esset
1129 434 1382 482 mutabilis:
1408 438 1522 482 Cum
1546 451 1650 495 crgo
1672 445 1723 482 tu

318 501 532 546 inveneris
553 500 672 546 unde
694 502 771 547 ista
795 504 1062 551 mutabilitas
1081 506 1381 552 insubstantia
1399 508 1558 552 summi
1586 507 1719 562 boni,

318 581 554 633 antequam
573 584 683 620 esset
697 574 785 620 ulla
804 576 965 621 boniet
983 577 1082 621 mali
1096 577 1208 622 facta
1226 580 1502 636 commixtio,
1521 577 1723 637 profecto

319 643 487 690 desines
511 661 534 690 a
557 661 627 690 me
649 662 844 706 quaerere
865 648 984 692 unde
1007 648 1061 692 sit
1087 648 1267 693 malum.
1293 652 1558 707 Quanquam
1581 648 1630 692 in
1648 664 1724 694 na-

318 725 415 760 tura
447 717 606 762 summi
639 718 762 772 boni,
795 718 830 762 si
863 733 959 762 eam
991 727 1109 763 recte
1137 718 1316 777 cogites,
1352 718 1522 764 nullam
1547 733 1722 778 prorsus

317 787 657 833 mutabilitatem
693 788 902 848 temporis
937 789 1138 844 inveniri,
1165 803 1246 834 nec
1269 806 1292 834 a
1312 804 1358 834 se
1378 791 1485 849 ipsa,
1511 806 1591 836 nec
1614 792 1723 835 alte-

318 860 405 904 rius
437 859 673 920 cujuslibet
709 876 884 906 accessu
918 860 1065 919 possit,
1100 860 1214 905 sicut
1248 862 1294 905 in
1322 877 1370 906 ea
1401 871 1559 906 natura
1587 877 1723 923 quam

317 931 586 976 Manichacus
611 931 753 989 fingit,
792 940 836 975 et
868 947 1039 976 summe.
1069 932 1229 976 bonam
1254 947 1343 976 esse
1366 934 1620 988 arbitratur,
1652 933 1723 978 vel

318 1003 447 1047 etiam
470 1003 553 1048 sibi
575 1003 857 1049 credentibus
876 1005 1127 1062 persuadet.
1156 1007 1314 1057 Quaere
1337 1014 1469 1064 atque
1487 1005 1720 1065 responde,

317 1075 351 1120 si
382 1084 520 1133 potes,
555 1076 676 1121 unde
702 1075 785 1121 ista
819 1076 1103 1132 mutabilitas,
1140 1093 1240 1136 quae
1270 1092 1361 1121 non
1389 1078 1610 1133 inventa¹‚
1647 1076 1724 1122 sed

318 1147 492 1207 prodita
526 1156 612 1203 est,
647 1163 750 1193 cum
786 1164 908 1193 mora
941 1148 1192 1194 accederet?
1226 1148 1388 1194 Mutari
1411 1149 1528 1193 enim
1561 1164 1641 1194 nec
1665 1149 1722 1194 ab

316 1220 442 1266 hoste
474 1230 634 1280 posset,
671 1220 707 1265 si
739 1221 900 1265 mutari
921 1221 1104 1265 omnino
1127 1237 1216 1265 non
1239 1230 1399 1281 posset.
1427 1223 1539 1266 Cum
1573 1230 1722 1266 autern

317 1292 479 1351 potuit,
506 1307 595 1339 non
612 1307 656 1336 se
672 1292 806 1337 fuisse
826 1292 1233 1337 incommutabilem
1256 1293 1589 1337 demonstravit.
1616 1295 1722 1337 Haec

317 1378 423 1423 ergo
444 1364 713 1410 mutabilitas
736 1379 837 1410 cum
857 1380 947 1409 esse
969 1365 1014 1409 in
1037 1365 1279 1409 substantia
1301 1365 1460 1408 summi
1478 1364 1607 1419 boni,
1638 1365 1722 1410 hoc

317 1443 397 1489 est,
432 1435 477 1479 in
511 1435 756 1480 substantia
783 1436 860 1480 Dei
888 1435 1097 1490 creditur,
1133 1435 1167 1480 si
1199 1436 1497 1480 contentiosus
1531 1451 1623 1480 non
1657 1451 1718 1491 es,

316 1505 436 1550 vides
454 1515 619 1566 quanta
638 1506 886 1565 insipientia
908 1505 1248 1565 blasphematur.
1265 1508 1378 1552 Cum
1401 1522 1506 1552 vero
1523 1506 1579 1551 de
1596 1522 1722 1552 crea-

317 1586 413 1623 tura
437 1576 524 1621 tale
546 1577 716 1637 aliquid
736 1576 1076 1637 dicitur,.quam
1100 1581 1213 1622 Deus
1235 1593 1316 1622 nec
1339 1579 1490 1637 genuit
1513 1592 1594 1622 nec
1615 1593 1721 1638 pro-

317 1648 419 1694 tulit
436 1648 493 1693 de
516 1647 760 1695 substantia
782 1664 874 1704 sua,
890 1647 967 1693 sed
981 1648 1085 1694 fecit
1106 1664 1159 1693 ex
1177 1648 1342 1708 nihilo,
1367 1665 1459 1695 non
1477 1649 1532 1694 de
1548 1664 1723 1694 summo

318 1721 437 1766 bono
457 1721 616 1780 agitur,
636 1721 712 1767 sed
735 1730 881 1767 tamen
901 1720 958 1766 de
978 1721 1056 1766 tali
1077 1721 1212 1777 bono,
1241 1721 1364 1783 quod
1385 1721 1467 1767 nisi
1486 1738 1511 1767 a
1529 1737 1718 1777 summo,

319 1794 396 1854 qui
414 1797 529 1840 Deus
551 1803 630 1850 est,
654 1809 744 1838 non
762 1803 907 1853 posset
926 1794 1111 1840 institui.
1139 1797 1253 1840 Deus
1271 1795 1437 1854 quippe
1453 1809 1624 1840 summe
1638 1795 1723 1840 bo-

320 1880 402 1910 nus
430 1875 564 1926 atque
585 1864 1024 1919 incommutabiliter,
1059 1866 1205 1910 omnia
1235 1881 1327 1910 non
1356 1881 1526 1910 summe
1548 1881 1629 1911 nec
1651 1866 1724 1911 in-

319 1935 689 1982 commutabiliter
721 1937 861 1991 bona,
900 1934 976 1981 sed
1013 1944 1159 1981 tamen
1180 1936 1298 1981 bona
1318 1936 1440 1990 fecit,
1467 1937 1523 1982 ab
1545 1936 1724 1996 Angelis

320 2007 535 2054 coelorum
557 2024 696 2069 usque
718 2007 774 2054 ad
795 2017 1007 2054 extremas
1030 2008 1187 2058 bestias
1214 2008 1460 2070 herbasque
1486 2018 1720 2065 terrarum,

322 2094 400 2138 pro
425 2096 503 2127 sua
526 2082 740 2142 cujusque
771 2080 986 2140 dignitate
1018 2090 1188 2126 naturae
1216 2081 1364 2126 omnia
1387 2081 1494 2126 locis
1517 2081 1725 2142 congruis

323 2151 537 2199 ordinata.
563 2156 730 2199 Verum
753 2154 798 2198 in
824 2153 888 2198 his
906 2152 1129 2198 rationalis
1157 2162 1372 2209 creatura,
1397 2169 1500 2199 cum
1520 2153 1722 2209 creatori,

324 2224 407 2270 hoc
429 2235 510 2281 est,
536 2225 691 2271 factori
706 2234 750 2271 et
764 2225 1006 2271 institutori
1025 2240 1105 2270 suo
1128 2229 1219 2271 Deo
1239 2225 1486 2271 dilectionis
1508 2225 1726 2272 obedien·

323 2295 382 2338 tia
405 2298 618 2354 cohaeret,
647 2307 850 2344 naturam
871 2313 995 2342 suam
1017 2297 1064 2342 in
1087 2296 1204 2342 illius
1226 2298 1491 2349 aeternitate,
1517 2298 1721 2351 veritate,

325 2365 539 2411 charitate
561 2369 778 2416 custodit:
803 2385 906 2408 oum
928 2384 1033 2409 vcro
1046 2383 1148 2408 eum
1165 2365 1414 2410 contumaci
1427 2365 1726 2412 inobedientia

370 2469 380 2487 ¹
400 2469 521 2509 Forte,
539 2479 608 2513 quae
625 2477 687 2501 non
704 2467 848 2511 invecta,
868 2466 924 2501 sed
941 2467 1069 2511 prodita
1087 2472 1149 2508 est,
1167 2479 1241 2503 cum
1257 2468 1357 2503 hostis
1374 2467 1434 2510 (id
1443 2475 1496 2503 est
1519 2469 1725 2514 cor-ruptor)

323 2523 514 2559 accederet.
