1803 3250
312 228 395 262 500
735 230 766 258 s.
806 231 1036 258 AUGUSTINI
1073 231 1254 259 nmscom

305 308 347 342 ct
369 311 499 357 quem
523 296 717 339 imitatur
739 316 749 352 3
785 295 818 338 is
852 295 927 354 qui
952 304 1061 347 orat,
1088 303 1130 338 et
1153 294 1187 338 is
1210 295 1284 353 qui
1317 293 1524 351 exaudit3
1559 295 1592 338 is
1622 295 1698 354 qui

307 368 460 426 gratias
475 367 590 424 agit,
617 375 659 410 et
678 366 710 408 is
727 366 802 424 qui
819 364 1037 409 benedicit
1055 386 1065 422 3
1092 366 1125 408 is
1138 365 1212 425 qui
1232 365 1410 423 suscipit
1424 364 1696 418 mandatum,

308 449 346 482 et
372 438 404 481 is
426 437 500 496 qui
523 435 645 480 dedit
670 435 951 493 mandatum3
979 436 1194 489 minister,
1216 445 1259 479 ct
1282 436 1563 495 praecipien83
1592 451 1698 494 sup-

307 509 419 569 plex,
444 518 486 551 et
515 508 736 564 eminens;
762 506 986 562 subditus,
1016 517 1058 551 et
1081 507 1277 566 superior
1304 523 1312 547 z
1341 507 1594 565 unigenitus
1613 542 1623 560 ‚
1657 516 1700 550 et

303 579 520 638 ingenitus
541 599 550 634 3
576 580 790 632 sacerdos,
813 587 856 621 et
880 581 1011 622 Deus:
1035 597 1053 618 »
1092 595 1140 621 cx
1166 587 1287 637 parte
1310 578 1454 638 aliqua
1477 579 1700 621 verissime

306 650 459 694 dicunt
476 686 486 704 ,
510 650 583 693 sed
607 664 655 693 ea
679 659 830 693 contra
857 648 1140 703 Sabellianos,
1168 664 1255 693 non
1278 658 1429 693 contra
1455 647 1701 692 Catholicos

301 722 462 766 dicant.
492 720 558 764 llli
593 721 708 764 enim
743 736 880 764 unum
917 729 960 763 et
991 719 1193 762 cumdem
1232 719 1386 764 dicunt
1422 718 1582 762 Filium
1610 733 1700 764 esse

303 793 378 852 qui
405 795 530 835 Pater
548 800 611 834 est
632 811 639 834 :
667 806 744 834 nos
765 799 911 833 autem
932 792 1103 832 Patrem
1123 790 1372 847 gignentem
1391 798 1435 833 et
1454 788 1614 833 Filium
1633 804 1701 847 ge-

305 863 446 906 nitum
465 861 572 904 duas
596 860 780 903 dicimus
804 874 894 903 esse
918 873 1136 917 personas,
1160 860 1235 903 sed
1258 875 1348 904 non
1368 859 1477 903 duas
1495 859 1702 904 diversas—

305 947 391 992 que
409 940 599 975 naturas.
621 933 718 975 Non
737 945 839 987 ergo
857 945 971 974 unus
985 939 1027 973 et
1051 929 1165 973 idem
1182 939 1246 975 est
1258 933 1384 975 Pater
1396 939 1440 974 et
1454 929 1605 985 Filius,
1626 931 1701 975 sed

308 1018 444 1046 unum
461 1011 563 1046 sunt
580 1005 707 1045 Pater
720 1010 763 1044 et
781 1001 931 1044 Filius.
951 1000 1081 1053 Quod
1096 1016 1197 1045 vero
1215 1002 1351 1061 major
1366 1009 1430 1046 est
1449 1004 1590 1055 Pater,
1613 1017 1702 1046 non

306 1075 492 1135 pertinet
511 1073 564 1117 ad
578 1082 779 1116 naturam
794 1071 1008 1130 gignentis
1026 1081 1068 1116 et
1086 1072 1234 1130 geniti,
1253 1071 1328 1116 sed
1344 1072 1533 1117 hominis
1548 1081 1591 1116 et
1606 1073 1698 1117 Dei:

306 1143 548 1190 secundum
567 1158 698 1203 quam
713 1142 901 1187 formam
920 1143 1106 1202 suseepti
1124 1142 1327 1197 hominis,
1347 1151 1390 1186 et
1407 1141 1463 1186 ad
1480 1141 1701 1186 dexteram

308 1215 442 1260 Patris
456 1213 577 1259 sedet
599 1213 668 1257 vel
684 1221 782 1268 stat,
805 1222 846 1256 et
865 1222 974 1266 orat,
991 1222 1034 1257 et
1049 1212 1204 1270 gratias
1224 1212 1329 1271 agit,
1350 1221 1393 1256 et
1407 1212 1604 1256 sacerdos
1619 1221 1698 1265 est,

304 1295 347 1330 et
368 1286 562 1329 minister
585 1293 663 1339 est,
683 1293 725 1328 et
747 1283 926 1343 supplex
942 1292 1021 1337 est,
1048 1293 1091 1327 et
1112 1282 1312 1326 subditus
1336 1291 1399 1326 est
1425 1302 1432 1326 ε
1458 1281 1701 1326 secundum

303 1367 448 1402 autem
471 1356 656 1400 formam
692 1356 792 1409 Dei,
816 1355 861 1398 in
884 1370 969 1413 qua
991 1353 1169 1413 aequalis
1192 1363 1262 1398 est
1283 1355 1423 1408 Patri,
1449 1354 1702 1412 unigenitus

303 1437 366 1472 est
387 1436 429 1470 et
453 1426 647 1485 gignenti
668 1434 925 1469 coaeternus.
954 1427 1008 1468 Et
1037 1423 1139 1467 licet
1152 1424 1205 1467 sit
1223 1424 1540 1482 primogenitus
1561 1425 1702 1468 omnis

300 1507 510 1542 creaturae
526 1499 556 1550 ¹,
581 1496 682 1554 quia
704 1493 749 1538 in
773 1494 848 1538 illo
873 1493 1050 1538 condita
1073 1503 1174 1538 sunt
1198 1494 1369 1549 omnia,
1397 1495 1605 1554 priusque
1626 1494 1700 1539 ille

305 1577 368 1612 est
393 1566 563 1625 genitus
585 1579 719 1623 quam
743 1564 835 1607 haec
854 1563 1056 1621 condita;
1083 1573 1228 1607 tamen
1251 1563 1542 1623 sempiternus
1560 1573 1624 1608 est
1640 1565 1698 1609 si-

303 1647 378 1683 cut
396 1641 537 1690 Pater,
555 1650 635 1680 nec
653 1634 788 1693 coepit
805 1649 854 1677 ex
869 1643 1078 1692 tempore.
1098 1636 1207 1678 Nam
1223 1644 1264 1678 et
1280 1638 1452 1679 Patrem
1464 1636 1700 1680 rectissime

305 1708 488 1753 dicimus
508 1706 693 1766 priorem
715 1719 805 1748 esse
825 1719 959 1763 quam
978 1705 1177 1749 universa
1194 1721 1293 1764 quae
1311 1704 1525 1761 condidit,
1549 1721 1701 1766 quam-

306 1780 368 1823 vis
392 1779 562 1837 genitus
585 1792 673 1821 non
688 1776 755 1820 sit.
775 1775 891 1821 Nihil
911 1775 1024 1819 enim
1051 1785 1138 1820 tam
1157 1777 1363 1836 primum,
1389 1793 1521 1836 quam
1536 1778 1582 1821 id
1599 1787 1699 1822 ante

305 1848 425 1910 quod
447 1847 557 1892 nihil
579 1858 656 1891 est.
685 1847 768 1892 Sed
789 1847 915 1891 sicuti
938 1846 1046 1890 nihil
1071 1856 1134 1891 cst
1157 1856 1257 1891 ante
1287 1851 1483 1905 Patrem3
1508 1848 1568 1892 ita
1589 1848 1699 1892 nihil

307 1929 370 1964 est
403 1928 503 1963 ante
536 1917 813 1976 unigenitum
853 1916 1042 1971 Filium,
1088 1919 1205 1961 Patri
1235 1918 1389 1978 utique
1410 1927 1693 1964 coaeternum.

307 1994 457 2049 Neque
479 1989 595 2033 enim
613 1989 714 2048 quia
738 1987 810 2031 illc
830 1989 994 2046 genuit,
1020 1988 1092 2032 ille
1117 1990 1286 2047 genitus
1310 1999 1388 2045 est,
1410 1989 1509 2035 ideo
1527 2000 1590 2036 est
1613 1994 1697 2036 Pa-

306 2071 370 2105 ter
401 2071 596 2119 tempore
626 2059 830 2102 anterior.
863 2061 973 2104 Nam
995 2060 1028 2103 si
1051 2059 1162 2103 inter
1186 2063 1356 2104 Patrem
1381 2061 1629 2120 gignentem
1655 2071 1698 2107 et

306 2132 501 2191 genitum
526 2129 684 2173 Filium
708 2129 887 2188 aliquod
909 2138 1080 2188 tempus
1103 2140 1181 2185 est,
1210 2132 1408 2189 profecto
1438 2141 1610 2192 tempus
1634 2142 1698 2178 est

306 2212 405 2248 ante
429 2202 589 2246 Filium
606 2236 616 2256 ‚
643 2210 686 2244 et
718 2215 807 2244 non
840 2209 903 2244 est
932 2202 1023 2259 jam
1057 2201 1193 2245 Filius
1213 2202 1532 2261 primogenitus
1555 2205 1697 2248 omnis

306 2282 537 2328 creaturae3
564 2272 665 2331 quia
687 2280 730 2314 et
751 2280 923 2330 tempus
946 2272 1098 2331 utique
1120 2282 1315 2318 creatura
1336 2282 1398 2318 est
1419 2293 1427 2318 ;
1453 2290 1533 2319 nec
1551 2275 1696 2319 omnia

306 2362 380 2405 per
402 2346 561 2404 ipsum,
587 2344 621 2387 si
646 2352 815 2401 tempus
838 2351 938 2386 ante
960 2343 1129 2402 ipsum3
1154 2346 1229 2388 sed
1250 2346 1394 2389 omnia
1423 2360 1500 2404 per
1523 2346 1665 2405 ipsum
1681 2381 1692 2401 ‚

304 2416 475 2461 nullum
498 2429 598 2473 ergo
623 2423 793 2473 tempus
815 2423 915 2458 ante
932 2414 1089 2473 ipsum.
1118 2418 1179 2460 Ac
1195 2431 1271 2474 per
1284 2417 1383 2471 hoc,
1404 2417 1695 2477 quemadmo-

303 2489 410 2532 dum
434 2486 540 2544 ignis
563 2496 605 2529 ct
626 2484 831 2544 splendor
851 2484 927 2543 qui
949 2499 1001 2528 ex
1024 2484 1122 2542 igne
1141 2485 1335 2545 gignitur
1358 2496 1401 2531 et
1422 2487 1694 2548 circumqua-

354 2580 360 2596 ¹
380 2572 500 2607 Coloss.
529 2583 552 2613 1,
575 2571 625 2603 15.
