1803 3250
424 226 586 255 CONTRA
621 225 835 263 rAusTo'n,
870 228 952 253 ΜΒ.
991 228 1099 253 xxii.
1410 219 1453 254 l?

73 291 244 335 Hebraei
266 292 620 347 celebraverunt,
652 292 712 336 ita
744 291 949 349 sacrilega
969 293 1236 336 imitamenta
1265 294 1424 351 Pagani
1451 313 1458 337 ;

75 362 320 415 «Quoniam
335 379 432 423 quae
453 362 682 407 immolant
696 363 870 417 Gentes,
888 362 947 406 ait
967 363 1212 420 Apostolus,
1233 363 1460 407 daemoniis

74 450 93 473 »
105 431 349 487 immolant,
366 443 409 477 et
427 449 515 478 non
530 436 636 477 Deo¹
647 467 656 477 .
667 452 687 474 »
704 432 899 492 Antiqua
912 432 1027 475 enim
1042 448 1106 475 res
1119 442 1181 476 est
1195 435 1461 491 praenuntia-

73 503 155 548 tiva
176 504 415 549 immolatio
447 504 666 562 sanguinis
682 539 692 558 ,
720 502 913 547 suturam
948 504 1188 562 passionem
1212 505 1463 549 Mediatoris

69 574 124 618 ab
153 575 275 619 initio
304 575 470 634 generis
499 575 681 619 humani
713 574 944 618 testificans
979 593 986 617 ;
1019 574 1131 618 hanc
1155 574 1269 618 enim
1294 575 1458 633 primus

68 645 179 690 Abel
201 645 408 690 obtulisse
429 646 475 690 in
497 646 624 691 sacris
642 646 814 690 Litteris
832 646 1086 690 invenitur‘2.
1114 648 1209 690 Non
1229 646 1361 703 igitur
1376 648 1459 690 mi-

68 732 163 760 rum
191 726 281 771 est,
312 719 346 761 si
373 718 723 776 praevaricatores
747 716 916 776 angeli,
950 732 1138 776 quorum
1163 716 1252 760 duo
1274 719 1458 761 maxima

68 787 169 831 vitia
192 796 294 831 sunt
315 788 517 847 superbia
549 798 680 848 atque
708 787 877 832 fallacia
894 821 904 841 ,
932 802 1008 846 per
1031 787 1149 831 hunc
1172 790 1314 831 aerem
1350 788 1461 832 voli-

69 866 221 912 tantes,
247 858 367 917 quod
389 859 465 903 uni
484 875 584 904 vero
610 862 697 903 Deo
715 858 864 902 deberi
883 867 1111 910 noverant,
1129 859 1213 902 hoc
1233 859 1312 902 sibi
1331 875 1353 902 a
1372 860 1458 903 suis

66 928 308 973 cultoribus
325 939 564 988 exegerunt
580 966 590 983 ,
616 946 638 974 a
654 930 814 990 quibus
829 929 888 973 dii
900 929 1043 989 putari
1056 928 1307 985 voluerunt,
1326 930 1457 974 dante

66 999 146 1042 sibi
168 997 314 1042 locum
337 1000 525 1044 vanitate
548 999 688 1044 cordis
706 1000 888 1043 humani
910 1019 916 1043 :
946 1000 1127 1043 maxime
1150 1016 1250 1044 cum
1270 1016 1320 1044 ex
1342 1001 1457 1045 desi-

66 1068 185 1113 derio
207 1079 479 1114 mortuorum
503 1072 873 1115 constituerentur
893 1072 1116 1128 imagines,
1142 1072 1261 1115 unde
1278 1073 1457 1117 simula-

64 1155 237 1184 crorum
259 1156 361 1185 usus
379 1151 553 1186 exortus
574 1151 663 1199 est,
689 1151 732 1186 et
752 1142 914 1201 majore
939 1141 1190 1186 adulatione
1214 1143 1350 1187 divini
1374 1145 1457 1189 ho—

66 1225 191 1255 nores
213 1209 489 1255 deferrentur
511 1221 717 1272 tanquam
736 1212 781 1255 in
804 1211 965 1256 coelum
983 1212 1181 1271 receptis,
1199 1229 1279 1272 pro
1297 1214 1458 1273 quibus

65 1296 108 1325 se
127 1281 171 1325 in
190 1282 311 1326 terris
333 1281 547 1327 daemonia
571 1282 753 1326 colenda
774 1292 1072 1342 supponerent
1087 1318 1097 1337 ,
1124 1292 1166 1327 et
1190 1284 1271 1328 sibi
1295 1286 1457 1329 sacrifi-

65 1351 152 1395 cari
174 1367 197 1395 a
218 1351 409 1412 deceptis
429 1362 471 1397 et
492 1352 669 1411 perditis
687 1352 949 1411 flagitarent.
974 1353 1236 1397 Sacrificium
1254 1369 1354 1412 ergo
1369 1371 1458 1399 non

63 1421 203 1466 solum
221 1437 321 1466 cum
338 1424 454 1482 juste
475 1423 659 1482 imperat
682 1438 808 1466 verus
834 1426 966 1476 Deus,
1002 1424 1076 1466 sed
1102 1423 1231 1467 etiam
1257 1441 1356 1469 cum
1381 1441 1456 1470 su—

64 1494 197 1552 perbe
217 1494 345 1552 exigit
367 1492 501 1538 falsus
518 1493 649 1548 deus,
674 1494 774 1537 satis
793 1493 983 1538 ostendit
1005 1494 1075 1538 cui
1093 1494 1321 1541 debeatur.
1353 1500 1457 1542 Haec

63 1563 124 1607 illi
150 1567 321 1622 Pagauo
339 1565 372 1608 si
391 1573 532 1608 essent
554 1564 798 1609 difficiliora
819 1563 873 1608 ad
897 1564 1188 1620 credendum,
1215 1568 1347 1611 etiam
1365 1569 1455 1627 ipsa

61 1636 290 1695 prophetia
313 1635 617 1695 persuaderem
631 1671 641 1690 ,
668 1638 711 1680 in
734 1652 819 1696 qua
834 1645 918 1679 tam
937 1635 1066 1695 longe
1085 1646 1186 1682 ante
1208 1640 1450 1699 conscripta

62 1715 189 1762 sunt,
225 1723 324 1766 quae
357 1723 474 1752 nunc
502 1706 679 1766 impleta
711 1716 1012 1751 monstrarem.
1045 1708 1175 1761 Quod
1209 1710 1242 1753 si
1277 1720 1319 1754 et
1341 1712 1455 1755 hanc

63 1786 387 1833 contemneret,
413 1779 497 1822 hoc
517 1793 694 1838 quoque
715 1793 990 1836 agnoscerem
1019 1780 1177 1837 potius,
1203 1796 1336 1839 quam
1367 1783 1450 1826 mi-

65 1863 182 1892 rarer
216 1867 224 1892 ;
264 1848 622 1909 quandoquidem
658 1864 748 1893 non
779 1864 928 1892 omnes
956 1848 1088 1893 fuisse
1122 1850 1384 1908 credituros,
1411 1853 1456 1897 in

65 1919 255 1977 ejusdem
278 1919 520 1979 prophetiae
543 1920 723 1963 veritate
748 1918 998 1963 recolerem.

124 1992 290 2034 XVIII.
339 1991 382 2035 Si
423 2000 566 2035 autem
607 1989 815 2034 zelantem
855 1990 1079 2035 Christum
1119 1991 1188 2035 vel
1230 1995 1368 2037 Deum
1406 2010 1457 2039 ex

65 2069 252 2121 utroque
277 2064 551 2106 Testamento
573 2061 681 2105 mihi
701 2061 935 2121 objiceret,
957 2071 1088 2121 atque
1108 2062 1251 2121 ipsum
1269 2065 1453 2110 verbum

65 2131 325 2190 exagitaret,
369 2131 477 2176 nihil
500 2132 619 2176 aliud
642 2147 773 2192 quam
799 2147 843 2175 se
882 2132 1077 2176 omnium
1107 2132 1351 2179 litterarum
1387 2136 1457 2181 vel

65 2211 286 2260 expertem
321 2203 391 2247 vel
425 2202 716 2262 negligentem
754 2202 1018 2247 ostenderet.
1058 2204 1171 2247 Cum
1193 2205 1308 2249 enim
1337 2205 1455 2251 docti

66 2287 216 2316 eorum
238 2272 486 2317 discernant
512 2274 624 2317 inter
644 2272 915 2317 voluntatem
938 2282 981 2317 ct
1003 2273 1287 2332 cupiditatem
1307 2311 1318 2332 ,
1344 2291 1453 2335 gau·

65 2341 187 2387 dium
217 2353 260 2388 et
292 2343 486 2389 laetitiam
505 2380 515 2400 ,
550 2345 796 2389 cautionem
819 2353 862 2388 et
891 2354 1055 2388 metum
1073 2379 1084 2400 ,
1110 2345 1387 2392 clementiam
1410 2358 1455 2393 et

67 2414 403 2459 misericordiam
421 2451 431 2468 ‚
458 2416 733 2474 prudentiam
756 2424 799 2459 et
820 2416 1021 2459 astutiam
1037 2450 1046 2467 ,
1076 2415 1280 2461 fiduciam
1305 2428 1348 2462 et
1370 2436 1451 2463 au—

67 2483 231 2529 daciam
252 2507 262 2543 3
287 2495 330 2529 et
353 2486 486 2531 multa
512 2487 555 2529 in
580 2488 696 2531 hunc
718 2486 912 2540 modum,
933 2488 990 2530 ita
1015 2495 1062 2530 ut
1084 2486 1127 2531 in
1149 2488 1211 2531 his
1234 2489 1344 2534 binis
1361 2507 1450 2534 vcr-

116 2576 121 2590 ¹
150 2581 160 2600 i
183 2571 254 2602 Cor.
277 2581 307 2611 x,
327 2579 380 2603 30.
397 2577 462 2593 —2
483 2574 559 2603 Gen.
582 2582 622 2602 iv.
646 2569 850 2612 '1-35211'-
879 2583 920 2606 ιι,
957 2570 1002 2600 153.

232 2633 419 2663 cxxxvi.
1281 2632 1304 2663 ‘j
