1803 3250
318 195 373 232 30
749 202 782 228 s.
820 203 1050 230 AUGUsnM
1086 204 1266 230 ενιεοονι

315 270 357 311 in
377 278 484 312 terra
498 272 527 321 ¹,
552 277 709 311 etcum
736 265 984 309 bominibus
1003 267 1369 325 interrogantibus
1387 267 1695 326 respondisset,

315 354 459 382 rursus
483 339 562 380 boc
586 336 726 380 facere
747 335 922 394 eoepit‘2.
944 336 1059 380 Nihil
1077 338 1191 381 enim
1215 337 1405 397 sapiunt,
1429 352 1511 382 nec
1534 337 1699 382 intelli-

315 417 422 464 gunt
444 407 486 449 in
516 406 680 464 magnis
703 405 854 449 animis
883 404 1091 464 quasdam
1115 407 1294 451 virtutes
1325 408 1435 451 vitiis
1466 422 1699 466 parvorum

314 492 403 520 esse
436 476 696 530 simillimas,
739 474 951 520 nonnulla
989 477 1131 535 specie
1149 511 1160 530 ‚
1201 478 1276 521 sed
1321 478 1441 522 nulla
1485 478 1700 538 aequitatis

313 548 650 607 comparatione.
683 545 850 592 Similes
873 556 1016 590 autem
1044 556 1148 590 sunt
1169 547 1307 607 quiin
1335 549 1502 608 magnis
1524 549 1604 592 ista
1626 563 1696 592 re-

314 619 612 677 prehendunt,
644 618 785 678 pueris
820 618 1029 676 imperitis
1063 618 1108 662 in
1150 618 1297 663 schola
1317 654 1328 673 ‚
1369 621 1447 680 qui
1483 635 1584 664 cum
1618 634 1697 678 pro

314 704 473 748 magno
494 689 748 744 didicerint,
773 688 940 732 nomini
973 689 1142 733 numeri
1164 688 1394 748 singularis
1412 690 1597 734 verbum
1616 705 1701 733 nu-

314 760 419 803 meri
456 760 681 818 singularis
711 775 801 804 esse
835 758 1109 804 reddendum
1127 794 1138 814 ,
1181 760 1511 819 reprehendunt
1553 760 1701 805 latinae

313 829 475 889 linguae
493 831 787 875 doctissimum
810 840 1055 886 auctorem,
1076 830 1180 891 quia
1200 830 1330 875 dixit:
1353 851 1373 874 «
1390 835 1490 876 Pars
1503 831 1549 875 in
1566 830 1703 876 frusta

313 904 535 945 secant³·»
563 902 722 946 Debuit
755 902 894 956 enim,
932 901 1154 961 inquiunt,
1188 901 1363 947 dicere:
1402 906 1579 946 «Secat.
1603 904 1704 946 »Et

312 972 414 1031 quia
433 981 594 1016 norunt
616 971 870 1030 religionem
889 971 996 1026 dici,
1026 971 1208 1030 culpant
1235 987 1334 1016 eum
1358 971 1460 1032 quia
1483 972 1703 1031 geminata

311 1040 452 1086 littera
485 1041 596 1086 dixit
626 1061 634 1087 :
669 1041 931 1099 «Religione
963 1042 1208 1101 patrum⁴.»
1237 1041 1360 1087 Unde
1385 1058 1474 1086 non
1509 1043 1702 1086 absurde

312 1114 490 1158 fortasse
511 1114 696 1167 dicatur,
718 1113 763 1156 in
780 1129 936 1172 genere
949 1128 1044 1168 suo,
1066 1122 1282 1174 quantum
1300 1114 1463 1157 distant
1478 1114 1699 1157 schemata

313 1194 357 1228 et
379 1184 648 1243 metaplasmi
670 1184 902 1228 doctorum
925 1201 950 1229 a
971 1184 1227 1229 soloecismis
1252 1195 1295 1229 et
1319 1184 1595 1229 barbarismis
1617 1186 1703 1228 im-

314 1255 568 1314 peritorum,
596 1263 766 1298 tantum
791 1253 952 1298 distare
978 1255 1162 1314 figurata
1194 1254 1309 1299 sacta
1341 1256 1658 1314 Prophetarum
1679 1270 1704 1300 a

312 1325 553 1370 libidinosis
583 1326 768 1385 peccatis
799 1325 1052 1386 iniquorum
1076 1345 1084 1370 :
1110 1341 1160 1370 ac
1183 1341 1262 1385 per
1286 1327 1369 1371 hoc
1394 1327 1506 1371 sicut
1527 1342 1636 1386 puer
1657 1326 1704 1370 in

314 1398 581 1442 barbarismo
604 1398 905 1456 reprehensus,
927 1397 1031 1442 side
1049 1397 1218 1456 Virgilii
1241 1397 1525 1457 metaplasmo
1548 1413 1592 1442 se
1608 1398 1703 1442 vel-

315 1468 374 1512 let
395 1468 646 1523 defendere,
666 1467 814 1512 ferulis
839 1466 1081 1512 caederetur
1100 1487 1109 1513 :
1131 1469 1188 1512 ita
1209 1470 1404 1528 quisquis
1422 1484 1522 1513 cum
1549 1467 1705 1512 ancilla

315 1555 404 1583 suae
425 1540 620 1600 conjugis
644 1539 862 1583 volutatus
879 1573 890 1593 ,
923 1539 1109 1582 Abrahae
1133 1538 1316 1593 factum,
1352 1539 1472 1599 quod
1502 1539 1557 1582 de
1589 1541 1706 1597 Agar

316 1610 482 1670 prolem
512 1611 736 1670 genuerit,
767 1610 813 1653 in
835 1609 1082 1669 exemplum
1107 1609 1370 1654 defensionis
1400 1610 1702 1669 assumpserit,

316 1682 483 1725 utinam
506 1696 595 1725 non
612 1680 739 1740 plane
754 1678 918 1733 ferulis,
943 1679 1018 1724 sed
1035 1680 1105 1724 vel
1122 1678 1310 1724 fustibus
1327 1680 1543 1725 coercitus
1560 1695 1709 1724 emen-

317 1751 461 1806 detur,
482 1767 536 1796 ne
553 1768 653 1796 cum
668 1752 835 1796 caeteris
846 1750 1054 1795 adulteris
1070 1761 1235 1796 aeterno
1248 1751 1465 1811 supplicio
1478 1751 1702 1811 puniatur.

317 1823 509 1868 Minimae
526 1823 706 1883 quidem
722 1822 809 1866 illae
830 1837 894 1866 res
909 1857 920 1876 ‚
948 1822 1040 1866 istae
1057 1832 1202 1866 autem
1221 1837 1391 1881 magnae
1410 1831 1537 1879 sunt3
1558 1837 1637 1866 nec
1651 1821 1708 1867 ad

319 1895 401 1938 hoc
424 1894 525 1937 inde
542 1893 674 1937 ducta
696 1893 934 1937 similitudo
951 1902 1037 1947 est,
1062 1903 1111 1937 ut
1134 1894 1306 1938 schema
1334 1902 1605 1938 sacramento
1621 1927 1633 1947 ,
1664 1901 1708 1937 et

319 1964 586 2009 soloecismus
615 1963 829 2009 adulterio
858 1974 1112 2024 coaequetur
1140 1983 1149 2009 :
1186 1974 1488 2010 verumtamen
1517 1979 1707 2024 propor-

321 2036 437 2080 tione
459 2035 526 2079 sui
541 2036 751 2095 cujusque
775 2035 964 2093 generis,
990 2035 1110 2095 quod
1138 2036 1182 2078 in
1205 2035 1289 2080 illis
1313 2034 1586 2079 locutionum
1604 2035 1707 2094 qui-

320 2104 505 2150 busdam
528 2105 764 2150 virtutibus
782 2120 858 2149 seu
881 2105 995 2149 vitiis
1017 2105 1169 2164 peritia
1191 2105 1261 2149 vel
1282 2105 1498 2164 imperitia
1516 2139 1528 2160 ,
1557 2106 1637 2148 hoc
1661 2106 1708 2148 in

321 2178 386 2222 his
410 2192 581 2221 morum
599 2177 797 2237 quamvis
818 2177 947 2235 longe
963 2177 1008 2220 in
1024 2176 1192 2221 diverso
1208 2192 1365 2236 genere
1382 2176 1616 2221 virtutibus
1629 2191 1708 2221 seu

323 2248 432 2292 vitiis
452 2247 661 2307 sapientia
680 2245 750 2292 vel
771 2247 1018 2306 insipientia
1036 2246 1164 2291 valet.

380 2322 542 2364 XXVI.
579 2322 852 2378 Quapropter
878 2334 934 2362 ne
961 2320 1005 2362 in
1032 2334 1221 2378 quaeque
1250 2318 1469 2362 laudanda
1492 2317 1562 2362 vel
1591 2319 1708 2362 vitu-

322 2392 540 2450 peranda,
570 2390 811 2436 accusanda
833 2389 901 2434 vel
934 2388 1211 2434 defendenda
1229 2425 1239 2444 ,
1277 2390 1517 2435 coercenda
1543 2388 1616 2434 vel
1637 2404 1707 2433 re-

365 2500 374 2517 ¹
396 2495 488 2526 Joan.
510 2504 590 2534 viu,
611 2493 699 2526 8.—
714 2492 859 2526 2Matth.
890 2503 965 2535 xxi,
985 2491 1045 2534 243
1077 2494 1176 2525 Marc.
1198 2504 1252 2534 n,
1277 2501 1339 2534 29,
1361 2497 1395 2525 et
1423 2495 1501 2525 Luc.
1533 2503 1572 2525 xx
1587 2517 1597 2535 ,
1621 2505 1648 2525 1.
1666 2511 1707 2517 —

327 2547 340 2572 3
356 2548 440 2592 Virg.
460 2549 584 2582 AEneid.
603 2559 633 2589 ι,
647 2559 734 2581 vers.
755 2546 895 2581 216.—4
916 2548 963 2580 Id.
980 2559 1017 2590 n,
1040 2558 1123 2582 vers.
1142 2548 1217 2589 715.
