1803 3250
437 247 596 275 CONTRA
630 247 844 281 FAnsTUM,
882 248 965 273 Lis.
1006 248 1111 273 xxii.
1418 236 1465 269 19

145 315 267 358 XIX.
303 315 364 357 De
386 311 620 357 interfectis
643 320 786 355 autem
814 312 1039 355 hominum
1061 310 1254 355 millibus
1276 325 1365 353 non
1383 309 1467 352 mi-

85 393 268 439 raretur,
284 384 318 428 si
341 385 417 429 Dei
429 382 641 442 judicium
666 398 754 426 non
777 390 985 441 negaret.
1009 382 1129 441 quod
1144 396 1286 441 neque
1306 380 1466 439 Pagani

84 464 271 515 negant²
302 454 380 514 qui
415 453 488 497 Dei
521 452 792 513 providentia
814 454 939 496 istam
967 452 1291 496 universitatem
1314 451 1402 509 regi
1424 459 1467 494 et

84 524 372 569 administrari
393 539 416 568 a
438 523 615 568 summis
649 538 787 583 usque
809 521 895 567 ad
884 538 970 566 lma
993 523 1258 567 concedunt.
1283 521 1413 575 Quod
1435 521 1469 565 si

83 603 126 638 et
150 595 234 639 hoc
257 603 459 653 negaret,
495 594 563 637 vel
584 608 764 638 suorum
796 594 1052 637 auctoritate
1074 591 1265 647 facilius,
1291 592 1359 635 vel
1389 591 1467 635 ali-

83 674 250 724 quanto
278 664 441 710 diutius
471 674 688 709 certarum
722 666 939 709 rationum
962 663 1256 723 disputatione
1284 664 1468 708 convin-

83 745 271 791 ceretur,
304 735 376 781 vel
404 745 610 796 tanquam
649 735 832 780 nimium
865 735 1002 779 durus
1031 744 1074 779 et
1106 733 1315 789 stolidus,
1355 734 1464 793 ipsi,

81 806 204 866 quod
223 822 312 851 esse
328 822 419 852 non
436 806 632 852 erederet
646 841 656 861 ‚
677 807 826 851 divino
849 806 1013 867 judicio
1035 806 1368 866 relinqueretur.
1386 809 1470 850 Le-

81 877 150 922 via
171 893 301 937 porro
321 878 391 924 vel
411 878 532 923 nulla
553 878 801 932 commissa,
828 887 1007 937 propter
1029 894 1128 938 quae
1152 881 1263 921 Deus
1284 875 1468 921 interfe-

81 950 188 994 cerit
208 950 430 1006 homines,
455 951 490 995 si
511 966 705 1009 expresse
734 959 1116 1005 commemoraret,
1141 949 1469 994 ostenderemus

81 1034 160 1064 nee
181 1020 302 1064 nulla
325 1035 439 1074 esse,
466 1035 545 1064 nee
567 1020 678 1064 levia
702 1039 710 1064 :
736 1019 855 1064 velut
883 1019 1003 1080 quod
1026 1019 1211 1078 exempli
1234 1019 1369 1077 gratia
1391 1035 1471 1078 po-

82 1090 246 1135 suimus
262 1092 318 1134 de
338 1099 455 1134 veste
471 1091 677 1149 nuptiali,
698 1090 1092 1134 demonstraremus
1116 1101 1335 1150 quantum
1356 1100 1467 1135 esset

82 1159 228 1215 nefas,
254 1175 393 1205 sacras
415 1161 588 1219 nuptias
610 1159 728 1204 adire
759 1170 1029 1220 quaerentem
1052 1161 1114 1204 ibi
1136 1160 1317 1217 gloriam
1335 1196 1346 1214 ‚
1382 1176 1472 1205 non

82 1232 248 1290 sponsi,
272 1232 349 1276 sed
369 1233 543 1288 suam¹3
566 1230 636 1275 vel
657 1231 690 1274 si
713 1231 822 1291 quid
850 1230 961 1275 forte
988 1231 1108 1275 aliud
1130 1230 1204 1275 illa
1230 1233 1358 1276 vestis
1377 1247 1469 1276 me-

82 1301 189 1347 liore
209 1301 435 1347 intellectu
451 1302 692 1361 significare
712 1302 980 1346 inveniretur
998 1322 1006 1347 :
1029 1311 1105 1346 aut
1121 1302 1242 1362 quod
1255 1312 1355 1347 ante
1369 1319 1472 1348 ocu-

81 1372 145 1418 los
166 1373 275 1431 regis
296 1372 640 1426 interficiuntur,
665 1372 742 1432 qui
765 1387 866 1416 eum
882 1373 962 1416 sibi
982 1388 1164 1430 regnare
1181 1373 1464 1428 noluerunt2,

82 1459 172 1488 non
192 1443 325 1502 longo
348 1443 459 1488 forte
479 1458 678 1488 sermone
699 1452 848 1487 nostro
869 1452 1097 1503 appareret
1111 1478 1122 1498 ,
1148 1460 1237 1488 non
1255 1445 1471 1505 quemad·

83 1513 266 1558 modum
297 1513 418 1558 nulla
448 1513 578 1573 culpa
607 1523 672 1558 est
701 1514 911 1568 hominis,
947 1514 981 1558 si
1011 1514 1148 1559 nollet
1178 1515 1259 1559 sihi
1287 1531 1468 1575 regnare

84 1600 350 1646 quemquam
369 1585 592 1630 hominem
609 1619 620 1639 ,
645 1585 704 1628 ita
720 1584 886 1629 nullam
899 1586 967 1629 vel
985 1601 1163 1645 parvam
1181 1601 1271 1631 esse
1292 1587 1469 1646 culpam

85 1669 187 1700 eum
208 1655 290 1700 sibi
310 1654 428 1699 nolle
449 1670 650 1713 regnare,
677 1657 722 1698 in
737 1657 806 1716 cuj
815 1671 861 1700 us
875 1655 1008 1701 solius
1021 1671 1156 1714 regno
1175 1666 1307 1713 recte,
1328 1658 1469 1715 beate,

88 1740 347 1785 semperque
368 1734 545 1770 vlvitur.

144 1797 244 1840 XX.
269 1798 293 1840 J
298 1811 366 1840 am
384 1795 494 1839 illud
508 1795 728 1849 ultimum,
744 1795 865 1855 quod
879 1799 1063 1841 Faustus
1079 1800 1243 1857 posuit,
1264 1799 1472 1846 insidians

87 1867 305 1912 veteribus
327 1867 447 1911 libris
469 1875 678 1926 tanquam
694 1867 1042 1926 vituperantibus
1061 1872 1218 1925 Deum,
1244 1856 1364 1931 quod
1390 1872 1470 1915 mi-

89 1947 218 1983 netur
238 1938 447 1997 gladium,
470 1953 560 1998 quo
579 1938 742 1982 nemini
759 1948 923 1998 parcat,
949 1955 1029 1984 nec
1047 1941 1190 2000 justo,
1220 1957 1299 1986 nec
1318 1958 1471 2002 pecca-

89 2010 188 2065 tori,
212 2025 314 2055 cum
339 2013 513 2068 Pagano
533 2019 822 2069 exponeretur
842 2011 1065 2071 quomodo
1082 2013 1386 2072 accipiendum
1399 2015 1469 2070 sit,

88 2079 279 2125 fortassis
298 2095 379 2125 nec
399 2082 522 2126 Novo
534 2094 615 2124 nec
627 2081 773 2124 Veteri
794 2083 1069 2126 Testamento
1092 2083 1324 2138 resisteret,
1346 2085 1474 2145 eique

89 2148 279 2210 placeret
299 2149 536 2195 similitudo
554 2149 829 2209 Evangeliea,
845 2167 945 2212 quae
957 2153 1045 2196 istis
1059 2154 1189 2213 quise
1207 2155 1474 2201 Christianos

90 2221 242 2266 haberi
260 2221 433 2274 volunt,
458 2229 533 2264 aut
549 2236 638 2264 non
660 2230 838 2279 apparet
861 2231 909 2265 ut
931 2224 1075 2277 caeeis,
1105 2233 1180 2268 aut
1202 2225 1402 2285 displicet
1425 2236 1474 2271 ut

92 2292 313 2351 perversis.
343 2294 545 2337 Summus
573 2292 735 2351 quippe
762 2292 835 2336 ille
865 2294 962 2336 vitis
993 2294 1179 2352 agricola
1208 2295 1332 2341 aliter
1355 2309 1476 2350 parat

93 2361 248 2407 falcem
280 2363 506 2407 sarmentis
528 2362 785 2417 fructuosis,
819 2364 942 2407 aliter
967 2364 1271 2410 infructuosis3
1293 2387 1300 2411 :
1329 2352 1474 2413 famen

93 2447 182 2478 non
203 2434 360 2492 parcit,
387 2448 466 2476 nec
489 2434 654 2492 probis,
681 2449 760 2476 nee
778 2434 987 2493 reprobis,
1014 2435 1094 2478 illis
1118 2439 1369 2495 purgandis,
1392 2439 1474 2483 illis

94 2503 384 2563 amputandis.
410 2502 565 2549 Nullus
586 2504 702 2547 enim
718 2504 945 2548 hominum
961 2515 1023 2548 est
1047 2515 1165 2550 tanta
1183 2509 1350 2566 justitia
1369 2526 1474 2568 prae-

143 2595 154 2611 ¹
170 2587 291 2622 Matth.
307 2599 387 2630 xxu,
402 2595 517 2621 ιι.--2
531 2590 608 2621 Luc.
628 2599 692 2629 xix,
712 2588 935 2630 27.-3Joan.
957 2601 1011 2629 xv,
1031 2601 1058 2622 1.

1302 2653 1342 2688 2.
