1803 3250
325 182 489 214 comm
521 182 825 214 Anvmzsumm
857 184 993 223 anrs,
1029 186 1111 212 Lm.
1147 186 1178 211 1.
1361 174 1443 213 333

61 250 225 295 coelum
255 259 299 296 et
331 260 516 307 terram,
552 252 635 295 hoc
668 258 758 304 est,
790 249 835 292 in
858 250 1083 308 unigenito
1106 249 1230 294 Filio.
1258 251 1352 309 Ipse
1382 261 1446 295 est

61 321 176 365 enim
209 321 441 381 Sapientia,
467 321 523 366 de
544 336 629 382 qua
653 318 757 364 dicit
786 320 1017 379 Apostolus
1040 340 1049 365 :
1080 321 1336 366 «Christum
1369 322 1446 365 Dei

64 409 84 433 »
110 391 314 436 virtutem
337 402 380 437 et
403 393 480 437 Dei
497 391 792 451 sapientiam1.
813 409 831 431 »
858 393 914 435 Et
938 394 1025 436 Deo
1057 393 1133 452 qui
1160 391 1262 437 fecit
1286 391 1446 437 coelum

60 471 104 506 et
121 472 293 517 terram,
308 463 466 508 dicitur
478 463 523 506 in
536 462 728 507 Psalmo:
754 480 773 504 «
789 462 943 505 Omnia
961 464 1005 505 in
1017 463 1223 521 sapientia
1237 463 1414 508 fecisti2.
1425 482 1443 505 »

60 534 150 577 Aut
184 533 219 577 si
254 533 309 577 de
346 532 514 578 Psalmo
543 533 623 577 iste
651 547 741 576 non
763 531 860 577 vult
897 532 1091 592 accipere
1125 535 1446 593 testimonium3

60 601 320 662 Apostolum
343 602 492 647 audiat
512 601 567 647 de
588 601 762 648 Christo
793 600 1047 662 loquentem
1074 622 1083 648 ε
1115 604 1261 657 «Quia
1284 605 1330 648 in
1356 604 1448 664 ipso

63 690 85 715 »
109 674 285 718 condita
304 683 407 719 sunt
428 674 588 730 omnia,
616 673 662 718 in
684 672 799 718 coelo
821 682 864 718 et
885 673 932 718 in
949 682 1084 730 terra,
1109 673 1295 719 visibilia
1317 684 1359 719 et
1382 676 1449 719 in-

63 761 85 786 »
110 744 295 790 visibilia
310 747 342 789 3.
364 763 384 787 υ

118 817 198 859 ΙΙΙ.
234 818 348 860 Deus
368 816 499 875 igitur
520 830 600 860 nec
619 817 753 876 coepit
775 830 880 871 esse,
903 828 982 860 nec
1003 814 1170 860 desinet
1193 834 1202 861 ε
1227 815 1303 861 sed
1320 832 1449 876 opera

58 887 149 946 ejus
181 887 385 946 quaedam
414 887 665 946 incipientia
687 897 807 932 certo
828 888 916 931 fine
936 901 1027 931 esse
1054 887 1268 932 desistunt
1289 923 1300 943 ‚
1339 888 1450 933 sicut

60 966 255 1017 tempora
270 966 314 1002 et
326 957 603 1018 temporalia3
621 958 823 1017 quaedam
836 957 1090 1016 incipientia
1108 958 1446 1017 permanebunt,

59 1029 171 1073 sicut
190 1027 282 1088 ipsa
303 1038 552 1074 sanctorum
573 1029 804 1073 hominum
823 1064 834 1084 ‚
869 1043 1001 1089 quam
1036 1031 1283 1089 percepturi
1313 1039 1416 1075 sunt
1435 1065 1446 1085 ‚

58 1100 147 1144 vita
168 1110 343 1144 aeterna.
370 1102 500 1154 Quod
520 1101 601 1145 iste
622 1116 712 1145 non
733 1100 866 1155 vidit,
892 1101 967 1160 qui
986 1101 1155 1159 putavit
1184 1116 1273 1145 esse
1298 1100 1449 1145 dicen-

59 1170 165 1214 dum
187 1185 236 1214 ac
258 1170 579 1225 definiendum,
606 1171 780 1215 nullum
803 1185 893 1215 esse
917 1171 1008 1214 sine
1038 1171 1126 1215 fine
1149 1172 1414 1231 principium
1437 1192 1445 1217 ε

58 1257 138 1286 nec
159 1243 301 1301 ipsum
323 1242 466 1301 potuit
491 1242 716 1287 attendere
743 1257 977 1286 numerum
995 1277 1005 1297 ‚
1033 1244 1156 1302 cujus
1187 1244 1363 1287 initium
1387 1252 1452 1288 est

60 1314 115 1357 ab
128 1328 233 1366 uno,
251 1322 294 1357 et
308 1313 406 1356 finis
423 1313 468 1356 in
482 1311 621 1356 nullo.
639 1311 794 1358 Nullus
808 1313 972 1372 quippe
985 1328 1194 1358 numerus
1207 1314 1452 1373 quamlibet

59 1399 265 1443 magnus,
292 1382 362 1429 vel
379 1382 555 1438 dicitur,
572 1382 640 1427 vel
660 1383 695 1427 si
712 1382 797 1427 dici
809 1383 900 1442 jam
920 1398 1010 1428 non
1028 1392 1195 1443 potest,
1215 1385 1448 1443 cogitatur,

59 1456 129 1500 cui
158 1471 248 1499 non
282 1454 382 1499 addi
411 1455 571 1514 possit,
605 1463 654 1498 ut
687 1455 823 1513 major
858 1455 926 1498 sit.
966 1457 1023 1499 Et
1056 1464 1164 1514 puto
1197 1455 1317 1515 quod
1347 1456 1448 1511 iste,

58 1526 301 1587 quamlibet
313 1526 511 1570 haeresim
523 1526 604 1570 sub
617 1525 794 1570 nomine
806 1525 966 1571 Christi
980 1534 1125 1570 teneat
1138 1535 1289 1570 contra
1304 1527 1452 1571 Chris-

22 1637 27 1641 .
58 1607 169 1653 tum,
193 1597 328 1641 vitam
349 1596 429 1640 sibi
453 1598 648 1656 promitti
669 1596 715 1640 in
737 1596 924 1651 Christo,
947 1597 1099 1656 utique
1117 1597 1307 1653 beatam,
1326 1598 1451 1657 cujus

60 1678 164 1713 tunc
184 1667 343 1728 poterit
364 1682 452 1711 esse
473 1667 752 1727 principium,
777 1682 878 1711 cum
901 1667 998 1712 vitae
1020 1668 1149 1727 hujus
1164 1668 1330 1711 miserae
1353 1668 1452 1712 finis

59 1739 205 1785 fuerit.
230 1739 508 1798 Respondeat
530 1739 692 1798 itaque,
712 1738 838 1782 beata
858 1738 930 1783 illa
948 1740 1051 1793 vita,
1070 1754 1201 1798 quam
1217 1755 1307 1783 non
1319 1748 1451 1798 negat

59 1812 306 1855 habituram
317 1810 388 1855 vel
402 1811 563 1854 habere
576 1810 858 1869 principium,
884 1819 1033 1853 utrum
1050 1810 1272 1866 habitura,
1294 1826 1349 1855 an
1363 1827 1452 1856 non

58 1882 262 1926 habitura
284 1881 337 1925 sit
358 1881 523 1924 finem?
548 1880 591 1924 Si
609 1880 765 1924 dixerit
781 1881 1048 1936 habituram,
1070 1881 1294 1941 quomodo
1313 1898 1357 1926 se
1373 1898 1453 1926 au-

61 1953 182 1997 debit
205 1952 348 1996 dicere
370 1951 697 1997 Christianum?
725 1951 768 1995 Si
789 1950 945 1994 dixerit
966 1967 1056 1995 non
1077 1951 1349 2006 habituram,
1375 1953 1453 1996 ubi

61 2034 124 2069 est
141 2025 261 2084 quod
279 2038 407 2067 ausus
420 2032 483 2067 est
495 2023 637 2066 dicere
658 2020 830 2066 nullum
847 2037 936 2066 esse
955 2022 1046 2066 sine
1064 2023 1151 2067 fine
1165 2024 1454 2083 principium?

120 2098 196 2140 IV.
233 2096 400 2149 Quaerit
422 2096 551 2141 etiam
573 2114 582 2140 z
606 2095 649 2141 Si
666 2094 857 2139 mundus
882 2095 961 2139 iste
984 2096 1151 2140 bonum
1170 2095 1337 2157 aliquid
1355 2105 1417 2140 est
1438 2131 1448 2151 ,

63 2183 140 2212 cur
174 2183 264 2212 non
299 2168 403 2212 olim
437 2183 487 2212 ex
519 2168 644 2212 initio
666 2168 721 2211 ab
745 2183 796 2212 eo
825 2166 989 2211 factum
1021 2177 1106 2222 est,
1144 2168 1266 2228 quod
1299 2166 1453 2212 melius

61 2238 179 2283 fuit?
200 2239 332 2291 Quasi
348 2254 394 2283 se
409 2240 503 2298 ipso
525 2238 690 2298 aliquid
712 2236 865 2282 melius
889 2241 1001 2281 Deus
1032 2237 1184 2282 fecerit
1204 2238 1420 2283 mundum
1438 2258 1446 2283 ε

63 2319 138 2353 aut
173 2309 272 2354 ideo
312 2325 402 2354 non
435 2309 637 2353 debuerit
670 2309 753 2353 hoc
790 2309 958 2353 bonum
990 2309 1104 2363 fieri,
1131 2310 1234 2369 quia
1263 2325 1353 2354 non
1389 2318 1452 2353 est

64 2379 231 2441 aequale
254 2381 444 2425 facienti.
471 2380 596 2434 Quod
620 2389 765 2425 autem
785 2381 964 2440 quaerit,
994 2396 1071 2424 cur
1093 2396 1183 2426 non
1204 2381 1322 2426 istud
1346 2381 1452 2426 olim

64 2467 117 2497 ex
140 2452 263 2497 initio
286 2451 370 2497 sit?
391 2466 644 2511 responsum
666 2452 824 2496 habeat
849 2471 858 2496 ε
886 2455 980 2496 Imo
1001 2467 1104 2497 vero
1125 2452 1231 2497 olim
1255 2468 1306 2497 ex
1327 2452 1451 2497 initio

115 2546 123 2562 ¹
152 2550 166 2572 1
186 2541 259 2573 Cor.
278 2550 309 2580 ι,
329 2537 384 2581 24.
399 2556 441 2564 -
456 2545 470 2562 2
487 2538 567 2571 Psal.
591 2550 655 2581 cni,
679 2537 732 2581 24.
749 2555 790 2562 —
809 2536 823 2562 3
841 2538 959 2572 Coloss.
981 2550 992 2571 1
1005 2563 1013 2579 ‚
1043 2539 1094 2571 16.
