1803 3250
324 179 407 217 292
761 182 797 212 s.
833 182 1066 211 aueusnm
1098 182 1282 210 nmscom

318 267 419 297 nem
441 262 704 308 magnopere
725 263 857 293 coner
879 248 1064 293 auferre.
1083 250 1181 294 Non
1202 247 1320 292 enim
1340 259 1436 307 spes
1454 254 1529 292 tua
1549 246 1712 307 pendet

317 340 367 368 ex
388 337 473 377 me,
498 330 573 366 aut
595 321 739 366 bonus
761 336 851 366 esse
873 335 962 366 non
979 319 1139 381 poteris
1161 319 1242 364 nisi
1257 333 1337 378 ego
1358 317 1498 364 fuero.
1519 320 1639 364 Senti
1656 318 1713 363 de

318 394 565 454 Augustino
580 393 798 454 quidquid
815 393 949 438 libet:
976 393 1066 438 sola
1083 408 1151 437 me
1169 392 1215 436 in
1237 391 1373 437 oculis
1390 392 1468 436 Dei
1489 382 1714 436 conscien-

323 467 379 511 tia
405 481 495 510 non
522 475 708 510 accuset.
730 465 860 519 Quod
888 465 1002 510 enim
1031 465 1089 509 ait
1124 462 1382 524 Apostolus:
1413 464 1560 508 «Mihi
1582 462 1715 507 mini-

320 556 340 578 »
363 552 484 581 mum
507 546 587 592 est,
607 545 655 581 ut
677 552 700 581 a
723 537 843 581 vobis
857 537 1044 596 judicer,
1068 544 1143 580 aut
1160 535 1215 580 ab
1233 536 1428 580 humano
1448 534 1561 579 die1.
1581 537 1714 593 »Ego

319 619 465 654 autem
487 609 627 654 vicem
650 608 728 653 tibi
752 623 842 653 non
865 606 1120 667 rependam,
1146 616 1196 652 ut
1218 606 1272 652 de
1290 617 1366 652 tua
1387 616 1534 651 mente
1551 604 1717 667 aliquid

318 681 561 726 existimare
583 681 630 726 in
651 682 809 725 malam
839 689 1006 740 partem
1030 679 1238 734 audeam,
1277 678 1398 739 quod
1432 678 1592 722 intueri
1627 692 1718 722 non

319 752 460 799 valeo.
486 756 575 800 Nec
610 753 708 798 dico
740 751 862 812 quod
885 766 955 795 me
977 750 1164 795 subdole
1185 749 1375 795 lacerare
1397 750 1586 795 volueris
1608 769 1616 794 :
1642 748 1719 793 sed

323 834 494 870 tantum
531 824 586 868 de
620 833 662 868 te
700 823 872 883 opinor,
924 831 1141 882 quantum
1177 821 1231 866 de
1271 831 1313 867 te
1349 822 1514 867 indicas
1554 821 1714 867 verbis.

321 895 618 948 Quamobrem
651 895 729 939 etsi
758 910 850 940 non
881 895 998 939 bona
1031 893 1086 939 de
1120 909 1191 939 me
1225 895 1465 955 suspicatus
1494 895 1565 950 sis,
1597 891 1719 954 quod

321 967 483 1012 carnali
503 967 658 1012 timore
681 966 866 1028 alicujus
887 966 1258 1013 incommoditatis
1283 983 1382 1028 quae
1402 966 1457 1011 de
1478 975 1619 1012 vestra
1646 981 1719 1011 so-

325 1039 480 1084 cietate
518 1039 627 1083 mihi
663 1038 858 1083 accidere
891 1047 1064 1099 poterat
1080 1073 1091 1095 ‚
1132 1038 1331 1084 haeresim
1374 1039 1720 1085 Manichaeorum

328 1112 576 1173 reliquerim
592 1147 603 1167 ,
647 1112 717 1156 vel
756 1111 997 1172 cupiditate
1041 1111 1218 1157 honoris
1255 1127 1387 1173 quem
1423 1113 1470 1156 in
1507 1110 1723 1156 catholica

325 1183 508 1244 adeptus
544 1198 639 1227 sum
663 1202 671 1228 :
696 1191 844 1227 tamen
875 1198 966 1228 non
997 1186 1052 1228 de
1080 1192 1124 1227 te
1150 1183 1334 1229 vicissim
1365 1183 1478 1228 male
1508 1183 1719 1239 sentiens,

325 1255 456 1300 credo
477 1270 565 1299 esse
588 1254 847 1299 benevolam
869 1255 1157 1315 suspicionem
1186 1264 1319 1312 tuam,
1354 1265 1396 1300 et
1419 1256 1503 1300 hoc
1524 1271 1614 1300 non
1635 1258 1723 1300 cri-

328 1327 524 1373 minandi
540 1342 685 1383 causa,
703 1326 778 1370 sed
796 1327 1044 1386 corrigendi
1061 1326 1207 1372 studio
1223 1328 1438 1388 scripsisse
1451 1337 1495 1372 te
1508 1327 1719 1373 existimo.

332 1401 373 1445 Si
408 1409 555 1443 autem
587 1399 694 1443 mihi
727 1399 1077 1443 accommodares
1109 1397 1317 1443 credendi
1352 1398 1720 1454 benevolentiam,

329 1471 537 1532 quoniam
560 1469 749 1514 latebras
766 1470 899 1514 animi
920 1470 1006 1513 mei
1028 1470 1193 1529 arguis,
1218 1485 1325 1530 quas
1348 1471 1501 1531 utique
1523 1485 1726 1531 promere

335 1545 388 1586 ad
411 1541 559 1587 oculos
583 1550 679 1586 tuos
703 1551 746 1585 et
768 1541 1066 1587 demonstrare
1088 1557 1179 1586 non
1201 1557 1395 1603 possum,
1419 1541 1546 1587 facile
1565 1543 1619 1586 de
1633 1543 1728 1602 ipso

335 1624 525 1660 mutares
553 1615 838 1670 sententiam,
875 1623 918 1659 et
949 1614 1087 1660 nolles
1116 1615 1301 1676 amplius
1329 1624 1493 1661 temere
1515 1615 1730 1660 affirmare

333 1687 455 1749 quod
474 1687 627 1732 nescis,

399 1763 456 1804 ΙΙ.
493 1762 586 1817 Ego
608 1758 725 1802 enim
749 1758 905 1815 fateor,
945 1758 1098 1804 timore
1129 1760 1394 1806 Manichaeos
1425 1760 1622 1816 deserui,
1656 1758 1733 1805 sed

341 1832 494 1876 timore
537 1829 713 1875 illorum
745 1830 981 1875 verborum
1017 1847 1118 1891 quae
1154 1847 1232 1891 per
1263 1833 1509 1892 apostolum
1547 1831 1734 1876 Paulum

343 1903 508 1964 prolata
541 1911 666 1947 sunt:
697 1921 717 1943 «
745 1902 946 1961 Spiritus,
970 1902 1130 1963 inquit,
1159 1903 1387 1949 manifeste
1409 1904 1538 1960 dicit,
1563 1903 1666 1964 quia
1688 1903 1734 1947 in

344 1995 364 2017 ·‚›
402 1975 639 2021 novissimis
673 1974 944 2034 temporibus
978 1976 1183 2020 recedent
1204 1976 1384 2037 quidam
1407 1993 1431 2021 a
1452 1975 1556 2033 fide,
1589 1984 1734 2021 atten-

345 2067 365 2090 »
401 2049 552 2092 dentes
565 2047 786 2107 spiritibus
803 2046 1107 2092 seductoribus
1124 2058 1167 2092 et
1185 2049 1394 2094 doctrinis
1414 2048 1736 2094 daemoniorum

345 2139 365 2162 »
401 2121 445 2164 in
467 2118 688 2179 hypocrisi
720 2119 1173 2181 mendaciloquorum,
1210 2121 1492 2167 cauteriatam
1522 2121 1737 2165 habentes

343 2211 363 2234 »
399 2191 707 2237 conscientiam
729 2206 868 2247 suam,
899 2192 1180 2251 prohibentes
1203 2193 1393 2248 nubere,
1419 2192 1688 2236 abstinentes
1711 2205 1736 2234 a

346 2283 364 2306 »
400 2263 507 2308 cibis
524 2278 633 2324 quos
656 2265 769 2307 Deus
787 2263 946 2308 creavit
962 2263 1015 2306 ad
1033 2263 1365 2324 percipiendum
1383 2278 1482 2308 cum
1501 2263 1736 2322 gratiarum

344 2353 364 2377 υ
401 2335 570 2379 actione
586 2332 807 2390 fidelibus,
826 2343 870 2378 et
886 2334 934 2378 iis
951 2334 1028 2393 qui
1045 2344 1347 2393 cognoverunt
1364 2335 1607 2377 veritatem.
1630 2333 1738 2376 Om-

344 2425 366 2448 »
401 2407 466 2451 nis
496 2406 611 2451 enim
646 2415 842 2450 creatura
874 2404 952 2450 Dei
982 2405 1097 2450 bona
1132 2414 1210 2461 est,
1242 2414 1284 2450 et
1312 2404 1421 2449 nihil
1442 2403 1735 2465 abjiciendum

346 2498 366 2522 »
401 2479 522 2540 quod
545 2494 643 2523 cum
669 2478 904 2538 gratiarum
922 2478 1091 2523 actione
1113 2477 1391 2537 percipitur2.
1414 2495 1434 2520 »
1454 2477 1623 2531 Quibus
1638 2491 1735 2522 ver-

392 2569 402 2587 ῐ
434 2575 444 2594 ¹
467 2566 540 2596 Cor.
560 2574 605 2600 iv,
627 2562 655 2594 3.
672 2579 709 2584 -
729 2569 741 2584 ²
764 2573 776 2594 ι
801 2563 880 2595 Tim.
902 2573 945 2601 iv,
968 2563 1040 2603 μή.
