1803 3250
302 219 381 258 138
726 227 760 257 s.
799 227 1029 260 mensum
1063 231 1243 260 nmscom

297 295 514 342 credimus
547 302 702 338 natum
729 309 781 340 ex
814 296 980 356 virgine
1013 298 1149 342 Maria
1168 332 1179 353 ,
1212 297 1334 358 quod
1356 298 1480 344 aliter
1510 302 1554 346 in
1583 317 1684 349 vera

295 383 423 412 carne
444 366 626 410 existere
647 375 778 427 atque
796 368 1048 414 hominibus
1071 385 1279 430 apparere
1296 386 1386 415 non
1410 382 1554 431 posset
1575 393 1584 419 ε
1610 374 1685 419 sed

295 440 394 498 quia
415 438 474 482 sic
495 438 707 497 scriptum
732 451 796 485 est
816 441 862 485 in
892 456 942 485 ea
969 442 1190 501 Scriptura
1206 477 1217 497 ,
1246 443 1317 486 cui
1343 443 1425 487 nisi
1445 444 1685 490 credideri-

292 524 405 564 mus,
442 523 522 553 nec
549 509 785 555 Christiani
820 526 900 556 nec
928 512 1034 557 salvi
1060 527 1150 556 esse
1173 512 1428 572 poterimus.
1455 515 1686 561 Credimus

293 596 397 640 ergo
418 595 470 624 ex
488 581 623 625 Maria
640 582 805 640 virgine
827 591 980 627 natum
999 584 1223 629 Christum
1237 617 1248 638 ,
1270 585 1373 643 quia
1395 585 1455 630 sic
1475 587 1686 646 scriptum

294 661 357 697 est
379 652 423 697 in
442 652 682 713 Evangelio
704 672 714 698 :
739 653 957 699 credimus
979 655 1238 700 crucifixum
1256 663 1299 698 et
1316 665 1559 713 mortuum,
1582 660 1687 718 quia

294 725 354 769 sic
369 725 578 784 scriptum
599 734 663 769 est
679 725 724 770 in
741 725 982 785 Evangelio
1004 745 1014 771 ·.
1038 735 1081 770 et
1100 741 1199 771 vere
1220 734 1373 770 natum
1391 736 1434 772 et
1447 743 1548 772 vere
1567 743 1688 774 mor—

295 807 436 852 tuum,
461 796 563 857 quia
580 798 738 842 veritas
760 807 824 843 est
841 798 1147 856 Evangelium.
1168 799 1259 844 Cur
1277 807 1423 843 autem
1445 798 1520 845 illa
1543 802 1689 846 omnia

293 869 338 912 in
355 883 484 913 carne
503 883 553 911 ex
571 877 697 913 utero
714 867 911 913 foeminae
933 878 1152 928 assumpta
1169 870 1259 929 pati
1273 869 1464 916 voluerit
1482 904 1494 927 ,
1519 887 1688 918 summa

293 939 462 984 consilii
479 953 610 997 penes
626 938 752 982 illum
766 946 830 983 est
849 957 858 984 ε
877 939 965 983 sive
978 938 1102 998 quod
1115 948 1357 1000 utrumque
1369 956 1538 998 sexum,
1556 958 1690 1003 quem

292 1016 539 1063 creaverat,
580 1009 711 1053 etiam
748 1010 833 1054 1100
865 1009 1000 1054 1110άο
1030 1010 1435 1056 commendandum
1469 1013 1692 1059 honoran-

292 1080 488 1141 dumque
502 1079 716 1140 judicavit
735 1115 747 1137 ,
773 1081 1034 1126 assumendo
1055 1080 1243 1126 formam
1264 1083 1376 1138 viri,
1401 1092 1446 1127 et
1472 1085 1692 1130 nascendo

292 1153 347 1197 de
368 1152 551 1197 foemina
570 1173 581 1211 3
601 1153 688 1198 sive
709 1152 854 1213 aliqua
878 1152 961 1198 alia
983 1168 1135 1209 causa,
1157 1168 1361 1213 quaenam
1382 1153 1458 1199 illa
1483 1155 1539 1200 sit
1558 1191 1570 1211 ‚
1600 1171 1692 1201 non

292 1233 456 1269 temere
483 1221 680 1267 dixerim.
714 1222 834 1268 Illud
863 1232 1011 1268 tamen
1032 1224 1220 1269 fidenter
1249 1223 1392 1269 dicam
1411 1259 1423 1280 ,
1454 1240 1535 1270 nec
1568 1226 1693 1272 aliter

296 1295 459 1340 factum
487 1308 601 1350 esse,
636 1310 769 1354 quam
791 1294 1054 1354 Evangelica
1076 1295 1235 1340 veritas
1261 1295 1439 1354 docuit,
1463 1311 1545 1342 nec
1568 1295 1693 1343 aliter

293 1366 387 1410 fieri
409 1366 651 1425 oportuisse
667 1400 678 1422 ,
711 1381 845 1426 quam
877 1366 955 1411 Dei
977 1366 1185 1426 sapientia
1203 1367 1432 1426 judicavit.
1467 1368 1691 1427 Evangelii

295 1436 430 1483 fidem
465 1438 667 1482 omnibus
706 1437 1013 1482 haereticorum
1053 1438 1424 1498 disputationibus
1457 1441 1691 1499 anteponi-

292 1524 413 1555 mus:
431 1509 663 1555 consilium
678 1518 826 1554 autem
839 1510 1062 1570 sapientiae
1078 1510 1157 1555 Dei
1170 1526 1303 1571 supra
1315 1525 1447 1556 omne
1461 1511 1692 1557 consilium

292 1590 503 1626 creaturae
524 1582 843 1642 cujuscumque
865 1581 1112 1626 laudamus.

352 1654 475 1698 VIII.
512 1655 676 1698 Tamen
699 1655 885 1704 Faustus
899 1687 910 1709 ,
941 1661 992 1697 ut
1011 1652 1095 1697 sibi
1117 1652 1369 1709 credamus,
1399 1653 1602 1698 hortatur
1623 1653 1693 1699 di-

291 1740 416 1771 cens:
442 1743 464 1768 «
483 1727 541 1770 Et
557 1726 592 1770 si
609 1725 718 1770 mihi
736 1740 837 1771 vera
861 1724 1023 1770 dicenti
1042 1725 1105 1769 vis
1120 1723 1315 1781 credere,
1330 1734 1519 1785 uterque
1541 1740 1692 1771 eorum

291 1796 410 1858 apud
433 1799 655 1843 Haebraeos
677 1796 830 1842 falsam
860 1798 993 1842 traxit
1016 1797 1284 1857 opinionem,
1310 1799 1435 1842 Jesus
1456 1799 1512 1842 de
1533 1807 1691 1854 morte,

292 1878 336 1913 et
365 1869 420 1913 de
449 1868 777 1914 immortalitate
804 1868 935 1914 Elias.
956 1886 977 1910 »
999 1870 1112 1915 Cum
1135 1868 1268 1928 paulo
1293 1878 1392 1929 post
1413 1869 1531 1914 dicat
1552 1887 1561 1914 :
1591 1888 1613 1912 «
1638 1872 1695 1914 Ut

293 1940 411 1984 enim
423 1939 479 1984 ab
493 1940 620 1985 initio
633 1948 807 1999 sumpta
820 1939 1008 1984 hominis
1023 1938 1309 1984 similitudine
1323 1955 1476 1985 omnes
1488 1940 1695 1985 humanae

293 2010 555 2057 conditionis
572 2010 793 2056 simulavit
810 2011 1010 2068 affectus,
1031 2011 1091 2056 sic
1111 2011 1227 2056 abre
1249 2027 1340 2057 non
1361 2021 1469 2068 erat,
1490 2012 1525 2056 si
1545 2012 1591 2056 in
1606 2011 1696 2056 fine

293 2097 471 2143 quoque
504 2082 818 2142 consignandae
852 2083 1111 2128 oeconomiae
1143 2083 1280 2143 gratia
1316 2081 1467 2128 fuisset
1500 2082 1615 2128 visus
1652 2092 1696 2127 et

294 2154 420 2199 mori.
450 2172 471 2196 »
497 2156 642 2200 Homo
669 2155 854 2215 pessime
876 2169 925 2200 ac
947 2153 1238 2211 fallacissime,
1263 2153 1489 2215 quomodo
1511 2154 1592 2199 tibi
1615 2168 1695 2213 ego

296 2224 488 2281 credam,
515 2226 638 2286 quasi
665 2241 767 2272 vera
789 2224 968 2282 dicenti,
992 2241 1093 2271 curn
1111 2226 1337 2273 Christum
1359 2226 1479 2271 dicas
1507 2235 1692 2270 mortem

296 2297 488 2358 potuisse
504 2298 708 2343 mentiri?
728 2300 846 2357 Ergo
862 2297 936 2342 ille
952 2298 1264 2354 mentiebatur,
1289 2296 1470 2358 quando
1487 2295 1663 2342 dicebat
1682 2315 1691 2342 ε

301 2387 324 2412 «
342 2370 527 2429 Oportet
543 2369 705 2415 Filium
718 2370 908 2416 hominis
923 2369 1081 2426 occidi,
1099 2378 1143 2414 et
1156 2370 1284 2414 tertia
1297 2369 1368 2414 die
1382 2383 1606 2429 resurgere
1616 2370 1630 2395 1
1645 2389 1656 2427 3
1669 2386 1691 2410 n

299 2449 344 2484 et
365 2449 415 2484 tu
437 2455 527 2485 non
548 2442 760 2498 mentiris,
778 2450 822 2486 et
835 2441 941 2487 dicis
958 2450 1009 2486 ut
1029 2442 1110 2486 tibi
1133 2456 1234 2487 vera
1253 2442 1418 2486 dicenti
1439 2439 1696 2486 credamus?

302 2512 506 2557 Veracior
527 2526 630 2571 ergo
650 2516 821 2571 Petrus,
846 2513 1026 2574 quando
1049 2514 1088 2558 ei
1110 2513 1244 2561 dixit:
1264 2531 1285 2556 «
1309 2512 1461 2569 Absit,
1492 2513 1691 2567 Domine,

352 2604 361 2620 ¹
384 2598 461 2630 Luc.
479 2607 570 2640 xxiv,
591 2608 623 2640 7.
