<?xml version="1.0" encoding="UTF-8"?>
<!DOCTYPE html PUBLIC "-//W3C//DTD XHTML 1.0 Transitional//EN"
    "http://www.w3.org/TR/xhtml1/DTD/xhtml1-transitional.dtd">
<html xmlns="http://www.w3.org/1999/xhtml" xml:lang="en" lang="en">
 <head>
  <title>
</title>
<meta http-equiv="Content-Type" content="text/html;charset=utf-8" />
  <meta name='ocr-system' content='tesseract 3.04.00' />
  <meta name='ocr-capabilities' content='ocr_page ocr_carea ocr_par ocr_line ocrx_word'/>
</head>
<body>
  <div class='ocr_page' id='page_1' title='image "./operaomniaaccura29auguuoft/operaomniaaccura29auguuoft_0262.png"; bbox 0 0 1803 3250; ppageno 0'>
   <div class='ocr_carea' id='block_1_1' title="bbox 283 188 1229 226">
    <p class='ocr_par' dir='ltr' id='par_1_1' title="bbox 283 188 1229 226">
     <span class='ocr_line' id='line_1_1' title="bbox 283 188 1229 226; baseline -0.002 -1"><span class='ocrx_word' id='word_1_1' title='bbox 283 188 364 225; x_wconf 75' lang='lat'>252</span> <span class='ocrx_word' id='word_1_2' title='bbox 717 199 748 224; x_wconf 79' lang='lat' dir='ltr'>s.</span> <span class='ocrx_word' id='word_1_3' title='bbox 786 197 1015 226; x_wconf 60' lang='lat' dir='ltr'>auoustrmi</span> <span class='ocrx_word' id='word_1_4' title='bbox 1050 198 1229 226; x_wconf 74' lang='lat' dir='ltr'>El’lscol‘l</span> 
     </span>
    </p>
   </div>
   <div class='ocr_carea' id='block_1_2' title="bbox 275 261 1677 2603">
    <p class='ocr_par' dir='ltr' id='par_1_2' title="bbox 277 261 1667 890">
     <span class='ocr_line' id='line_1_2' title="bbox 279 261 1664 323; baseline 0 -15"><span class='ocrx_word' id='word_1_5' title='bbox 279 263 425 308; x_wconf 89' lang='lat' dir='ltr'>omnia</span> <span class='ocrx_word' id='word_1_6' title='bbox 457 261 586 306; x_wconf 87' lang='lat' dir='ltr'>etiam</span> <span class='ocrx_word' id='word_1_7' title='bbox 622 261 852 306; x_wconf 89' lang='lat' dir='ltr'>novissima</span> <span class='ocrx_word' id='word_1_8' title='bbox 886 263 1016 317; x_wconf 84' lang='lat' dir='ltr'>bona,</span> <span class='ocrx_word' id='word_1_9' title='bbox 1052 278 1150 323; x_wconf 84' lang='lat' dir='ltr'>quae</span> <span class='ocrx_word' id='word_1_10' title='bbox 1179 263 1307 321; x_wconf 84' lang='lat' dir='ltr'>longe</span> <span class='ocrx_word' id='word_1_11' title='bbox 1328 271 1429 307; x_wconf 88' lang='lat' dir='ltr'>sunt</span> <span class='ocrx_word' id='word_1_12' title='bbox 1449 278 1473 307; x_wconf 87' lang='lat' dir='ltr'>a</span> <span class='ocrx_word' id='word_1_13' title='bbox 1495 278 1664 309; x_wconf 89' lang='lat' dir='ltr'>summo</span> 
     </span>
     <span class='ocr_line' id='line_1_3' title="bbox 280 333 1665 393; baseline 0.001 -16"><span class='ocrx_word' id='word_1_14' title='bbox 280 334 410 387; x_wconf 85' lang='lat' dir='ltr'>bono,</span> <span class='ocrx_word' id='word_1_15' title='bbox 436 347 524 375; x_wconf 89' lang='lat' dir='ltr'>non</span> <span class='ocrx_word' id='word_1_16' title='bbox 550 341 729 390; x_wconf 86' lang='lat' dir='ltr'>possunt</span> <span class='ocrx_word' id='word_1_17' title='bbox 751 348 840 377; x_wconf 86' lang='lat' dir='ltr'>esse</span> <span class='ocrx_word' id='word_1_18' title='bbox 863 334 943 378; x_wconf 87' lang='lat' dir='ltr'>nisi</span> <span class='ocrx_word' id='word_1_19' title='bbox 967 334 1022 378; x_wconf 81' lang='lat' dir='ltr'>ab</span> <span class='ocrx_word' id='word_1_20' title='bbox 1046 334 1138 393; x_wconf 85' lang='lat' dir='ltr'>ipso</span> <span class='ocrx_word' id='word_1_21' title='bbox 1159 348 1330 377; x_wconf 85' lang='lat' dir='ltr'>summo</span> <span class='ocrx_word' id='word_1_22' title='bbox 1354 333 1488 378; x_wconf 88' lang='lat' dir='ltr'>bono.</span> <span class='ocrx_word' id='word_1_23' title='bbox 1515 335 1665 379; x_wconf 88' lang='lat' dir='ltr'>Omnis</span> 
     </span>
     <span class='ocr_line' id='line_1_4' title="bbox 279 402 1667 464; baseline 0.002 -17"><span class='ocrx_word' id='word_1_24' title='bbox 279 418 382 461; x_wconf 79' lang='lat' dir='ltr'>ergo</span> <span class='ocrx_word' id='word_1_25' title='bbox 416 402 589 461; x_wconf 79' lang='lat' dir='ltr'>spiritus</span> <span class='ocrx_word' id='word_1_26' title='bbox 620 404 748 448; x_wconf 85' lang='lat' dir='ltr'>etiam</span> <span class='ocrx_word' id='word_1_27' title='bbox 779 404 1014 459; x_wconf 76' lang='lat' dir='ltr'>mutabilis,</span> <span class='ocrx_word' id='word_1_28' title='bbox 1043 415 1084 448; x_wconf 80' lang='lat' dir='ltr'>et</span> <span class='ocrx_word' id='word_1_29' title='bbox 1105 419 1233 449; x_wconf 84' lang='lat' dir='ltr'>omne</span> <span class='ocrx_word' id='word_1_30' title='bbox 1257 419 1413 464; x_wconf 81' lang='lat' dir='ltr'>corpus</span> <span class='ocrx_word' id='word_1_31' title='bbox 1437 420 1460 448; x_wconf 90' lang='lat' dir='ltr'>a</span> <span class='ocrx_word' id='word_1_32' title='bbox 1485 408 1597 450; x_wconf 87' lang='lat' dir='ltr'>Deo:</span> <span class='ocrx_word' id='word_1_33' title='bbox 1624 415 1667 450; x_wconf 89' lang='lat' dir='ltr'>et</span> 
     </span>
     <span class='ocr_line' id='line_1_5' title="bbox 279 472 1667 536; baseline 0.002 -20"><span class='ocrx_word' id='word_1_34' title='bbox 279 475 371 517; x_wconf 73' lang='lat' dir='ltr'>haec</span> <span class='ocrx_word' id='word_1_35' title='bbox 389 481 452 517; x_wconf 86' lang='lat' dir='ltr'>est</span> <span class='ocrx_word' id='word_1_36' title='bbox 473 474 610 518; x_wconf 86' lang='lat' dir='ltr'>omnis</span> <span class='ocrx_word' id='word_1_37' title='bbox 629 472 739 519; x_wconf 79' lang='lat' dir='ltr'>facta</span> <span class='ocrx_word' id='word_1_38' title='bbox 762 484 931 519; x_wconf 83' lang='lat' dir='ltr'>natura.</span> <span class='ocrx_word' id='word_1_39' title='bbox 950 476 1100 519; x_wconf 85' lang='lat' dir='ltr'>Omnis</span> <span class='ocrx_word' id='word_1_40' title='bbox 1116 475 1279 536; x_wconf 82' lang='lat' dir='ltr'>quippe</span> <span class='ocrx_word' id='word_1_41' title='bbox 1300 483 1454 519; x_wconf 86' lang='lat' dir='ltr'>natura</span> <span class='ocrx_word' id='word_1_42' title='bbox 1477 484 1552 519; x_wconf 84' lang='lat' dir='ltr'>aut</span> <span class='ocrx_word' id='word_1_43' title='bbox 1571 476 1667 535; x_wconf 82' lang='lat' dir='ltr'>Spi-</span> 
     </span>
     <span class='ocr_line' id='line_1_6' title="bbox 278 544 1662 606; baseline 0.002 -18"><span class='ocrx_word' id='word_1_44' title='bbox 278 544 410 599; x_wconf 84' lang='lat' dir='ltr'>ritus,</span> <span class='ocrx_word' id='word_1_45' title='bbox 440 553 514 588; x_wconf 84' lang='lat' dir='ltr'>aut</span> <span class='ocrx_word' id='word_1_46' title='bbox 536 560 694 604; x_wconf 85' lang='lat' dir='ltr'>corpus</span> <span class='ocrx_word' id='word_1_47' title='bbox 716 555 792 590; x_wconf 85' lang='lat' dir='ltr'>est.</span> <span class='ocrx_word' id='word_1_48' title='bbox 825 546 1007 606; x_wconf 75' lang='lat' dir='ltr'>Spiritus</span> <span class='ocrx_word' id='word_1_49' title='bbox 1039 546 1408 591; x_wconf 82' lang='lat' dir='ltr'>incommutabilis</span> <span class='ocrx_word' id='word_1_50' title='bbox 1436 549 1549 590; x_wconf 88' lang='lat' dir='ltr'>Deus</span> <span class='ocrx_word' id='word_1_51' title='bbox 1575 555 1662 591; x_wconf 83' lang='lat' dir='ltr'>est:</span> 
     </span>
     <span class='ocr_line' id='line_1_7' title="bbox 277 616 1663 677; baseline 0.002 -17"><span class='ocrx_word' id='word_1_52' title='bbox 277 617 452 676; x_wconf 82' lang='lat' dir='ltr'>spiritus</span> <span class='ocrx_word' id='word_1_53' title='bbox 477 616 695 661; x_wconf 78' lang='lat' dir='ltr'>mutabilis</span> <span class='ocrx_word' id='word_1_54' title='bbox 716 617 829 662; x_wconf 81' lang='lat' dir='ltr'>faeta</span> <span class='ocrx_word' id='word_1_55' title='bbox 857 628 1009 662; x_wconf 82' lang='lat' dir='ltr'>natura</span> <span class='ocrx_word' id='word_1_56' title='bbox 1034 628 1122 673; x_wconf 71' lang='lat' dir='ltr'>est,</span> <span class='ocrx_word' id='word_1_57' title='bbox 1163 619 1236 661; x_wconf 78' lang='lat' dir='ltr'>sed</span> <span class='ocrx_word' id='word_1_58' title='bbox 1271 633 1452 677; x_wconf 85' lang='lat' dir='ltr'>corpore</span> <span class='ocrx_word' id='word_1_59' title='bbox 1481 617 1663 663; x_wconf 87' lang='lat' dir='ltr'>melior:</span> 
     </span>
     <span class='ocr_line' id='line_1_8' title="bbox 277 688 1667 747; baseline 0.001 -16"><span class='ocrx_word' id='word_1_60' title='bbox 277 702 433 747; x_wconf 86' lang='lat' dir='ltr'>corpus</span> <span class='ocrx_word' id='word_1_61' title='bbox 451 697 596 732; x_wconf 82' lang='lat' dir='ltr'>autem</span> <span class='ocrx_word' id='word_1_62' title='bbox 613 688 788 747; x_wconf 84' lang='lat' dir='ltr'>spiritus</span> <span class='ocrx_word' id='word_1_63' title='bbox 808 704 894 732; x_wconf 91' lang='lat' dir='ltr'>non</span> <span class='ocrx_word' id='word_1_64' title='bbox 916 698 994 742; x_wconf 80' lang='lat' dir='ltr'>est,</span> <span class='ocrx_word' id='word_1_65' title='bbox 1017 689 1097 732; x_wconf 81' lang='lat' dir='ltr'>nisi</span> <span class='ocrx_word' id='word_1_66' title='bbox 1113 703 1213 732; x_wconf 87' lang='lat' dir='ltr'>curn</span> <span class='ocrx_word' id='word_1_67' title='bbox 1229 698 1401 741; x_wconf 82' lang='lat' dir='ltr'>ventus,</span> <span class='ocrx_word' id='word_1_68' title='bbox 1422 688 1524 747; x_wconf 82' lang='lat' dir='ltr'>quia</span> <span class='ocrx_word' id='word_1_69' title='bbox 1542 688 1667 734; x_wconf 84' lang='lat' dir='ltr'>nobis</span> 
     </span>
     <span class='ocr_line' id='line_1_9' title="bbox 278 758 1667 819; baseline 0.002 -18"><span class='ocrx_word' id='word_1_70' title='bbox 278 758 502 802; x_wconf 84' lang='lat' dir='ltr'>invisibilis</span> <span class='ocrx_word' id='word_1_71' title='bbox 537 768 621 814; x_wconf 87' lang='lat' dir='ltr'>est,</span> <span class='ocrx_word' id='word_1_72' title='bbox 660 769 702 802; x_wconf 92' lang='lat' dir='ltr'>et</span> <span class='ocrx_word' id='word_1_73' title='bbox 727 768 869 803; x_wconf 82' lang='lat' dir='ltr'>tamen</span> <span class='ocrx_word' id='word_1_74' title='bbox 893 760 954 802; x_wconf 87' lang='lat' dir='ltr'>vis</span> <span class='ocrx_word' id='word_1_75' title='bbox 979 760 1070 819; x_wconf 84' lang='lat' dir='ltr'>ejus</span> <span class='ocrx_word' id='word_1_76' title='bbox 1094 774 1183 803; x_wconf 93' lang='lat' dir='ltr'>non</span> <span class='ocrx_word' id='word_1_77' title='bbox 1203 773 1334 818; x_wconf 87' lang='lat' dir='ltr'>parva</span> <span class='ocrx_word' id='word_1_78' title='bbox 1356 759 1556 813; x_wconf 81' lang='lat' dir='ltr'><strong>sentitur,</strong></span> <span class='ocrx_word' id='word_1_79' title='bbox 1583 758 1667 804; x_wconf 81' lang='lat' dir='ltr'>alio</span> 
     </span>
     <span class='ocr_line' id='line_1_10' title="bbox 279 827 1004 890; baseline 0 -18"><span class='ocrx_word' id='word_1_80' title='bbox 279 829 468 890; x_wconf 81' lang='lat' dir='ltr'>quodam</span> <span class='ocrx_word' id='word_1_81' title='bbox 490 830 619 874; x_wconf 88' lang='lat' dir='ltr'>modo</span> <span class='ocrx_word' id='word_1_82' title='bbox 637 829 810 888; x_wconf 84' lang='lat' dir='ltr'>spiritus</span> <span class='ocrx_word' id='word_1_83' title='bbox 829 827 1004 873; x_wconf 86' lang='lat' dir='ltr'>dicitur.</span> 
     </span>
    </p>

    <p class='ocr_par' dir='ltr' id='par_1_3' title="bbox 275 900 1670 1531">
     <span class='ocr_line' id='line_1_11' title="bbox 338 900 1669 960; baseline 0 -16"><span class='ocrx_word' id='word_1_84' title='bbox 338 904 394 944; x_wconf 90' lang='lat'>11.</span> <span class='ocrx_word' id='word_1_85' title='bbox 432 904 612 960; x_wconf 83' lang='lat' dir='ltr'>Propter</span> <span class='ocrx_word' id='word_1_86' title='bbox 629 915 700 945; x_wconf 85' lang='lat' dir='ltr'>eos</span> <span class='ocrx_word' id='word_1_87' title='bbox 717 910 878 956; x_wconf 83' lang='lat' dir='ltr'>autem,</span> <span class='ocrx_word' id='word_1_88' title='bbox 905 900 1095 960; x_wconf 82' lang='lat' dir='ltr'>quicum</span> <span class='ocrx_word' id='word_1_89' title='bbox 1118 900 1360 960; x_wconf 80' lang='lat' dir='ltr'>intelligere</span> <span class='ocrx_word' id='word_1_90' title='bbox 1378 915 1468 946; x_wconf 90' lang='lat' dir='ltr'>non</span> <span class='ocrx_word' id='word_1_91' title='bbox 1486 910 1669 960; x_wconf 87' lang='lat' dir='ltr'>possunt</span> 
     </span>
     <span class='ocr_line' id='line_1_12' title="bbox 277 971 1669 1032; baseline 0.001 -17"><span class='ocrx_word' id='word_1_92' title='bbox 277 986 449 1016; x_wconf 88' lang='lat' dir='ltr'>omnem</span> <span class='ocrx_word' id='word_1_93' title='bbox 468 981 686 1027; x_wconf 84' lang='lat' dir='ltr'>naturam,</span> <span class='ocrx_word' id='word_1_94' title='bbox 711 971 755 1017; x_wconf 89' lang='lat' dir='ltr'>id</span> <span class='ocrx_word' id='word_1_95' title='bbox 778 982 856 1027; x_wconf 86' lang='lat' dir='ltr'>est,</span> <span class='ocrx_word' id='word_1_96' title='bbox 882 987 1056 1016; x_wconf 87' lang='lat' dir='ltr'>omnem</span> <span class='ocrx_word' id='word_1_97' title='bbox 1076 973 1275 1032; x_wconf 89' lang='lat' dir='ltr'>spiritum</span> <span class='ocrx_word' id='word_1_98' title='bbox 1301 981 1344 1016; x_wconf 88' lang='lat' dir='ltr'>et</span> <span class='ocrx_word' id='word_1_99' title='bbox 1365 987 1495 1017; x_wconf 89' lang='lat' dir='ltr'>omne</span> <span class='ocrx_word' id='word_1_100' title='bbox 1510 987 1669 1032; x_wconf 89' lang='lat' dir='ltr'>corpus</span> 
     </span>
     <span class='ocr_line' id='line_1_13' title="bbox 276 1043 1670 1105; baseline 0 -17"><span class='ocrx_word' id='word_1_101' title='bbox 276 1043 533 1088; x_wconf 79' lang='lat' dir='ltr'>naturaliter</span> <span class='ocrx_word' id='word_1_102' title='bbox 566 1044 733 1088; x_wconf 84' lang='lat' dir='ltr'>bonum</span> <span class='ocrx_word' id='word_1_103' title='bbox 761 1059 874 1099; x_wconf 85' lang='lat' dir='ltr'>esse,</span> <span class='ocrx_word' id='word_1_104' title='bbox 908 1053 1141 1089; x_wconf 88' lang='lat' dir='ltr'>moventur</span> <span class='ocrx_word' id='word_1_105' title='bbox 1172 1044 1346 1104; x_wconf 85' lang='lat' dir='ltr'>spiritus</span> <span class='ocrx_word' id='word_1_106' title='bbox 1376 1044 1605 1105; x_wconf 85' lang='lat' dir='ltr'>iniquitate</span> <span class='ocrx_word' id='word_1_107' title='bbox 1627 1053 1670 1088; x_wconf 87' lang='lat' dir='ltr'>et</span> 
     </span>
     <span class='ocr_line' id='line_1_14' title="bbox 275 1114 1668 1175; baseline 0 -17"><span class='ocrx_word' id='word_1_108' title='bbox 275 1114 466 1175; x_wconf 85' lang='lat' dir='ltr'>corporis</span> <span class='ocrx_word' id='word_1_109' title='bbox 497 1114 784 1173; x_wconf 80' lang='lat' dir='ltr'>mortalitate3</span> <span class='ocrx_word' id='word_1_110' title='bbox 818 1124 861 1160; x_wconf 89' lang='lat' dir='ltr'>et</span> <span class='ocrx_word' id='word_1_111' title='bbox 892 1116 950 1159; x_wconf 91' lang='lat' dir='ltr'>ob</span> <span class='ocrx_word' id='word_1_112' title='bbox 987 1116 1068 1160; x_wconf 86' lang='lat' dir='ltr'>hoe</span> <span class='ocrx_word' id='word_1_113' title='bbox 1101 1115 1228 1160; x_wconf 88' lang='lat' dir='ltr'>aliam</span> <span class='ocrx_word' id='word_1_114' title='bbox 1260 1125 1460 1160; x_wconf 88' lang='lat' dir='ltr'>naturam</span> <span class='ocrx_word' id='word_1_115' title='bbox 1490 1114 1668 1173; x_wconf 86' lang='lat' dir='ltr'>maligni</span> 
     </span>
     <span class='ocr_line' id='line_1_15' title="bbox 276 1185 1668 1248; baseline -0.001 -16"><span class='ocrx_word' id='word_1_116' title='bbox 276 1187 450 1247; x_wconf 87' lang='lat' dir='ltr'>spiritus</span> <span class='ocrx_word' id='word_1_117' title='bbox 478 1196 521 1231; x_wconf 89' lang='lat' dir='ltr'>et</span> <span class='ocrx_word' id='word_1_118' title='bbox 548 1185 743 1232; x_wconf 86' lang='lat' dir='ltr'>mortalis</span> <span class='ocrx_word' id='word_1_119' title='bbox 765 1187 974 1247; x_wconf 67' lang='lat' dir='ltr'>corporis,</span> <span class='ocrx_word' id='word_1_120' title='bbox 996 1203 1130 1248; x_wconf 86' lang='lat' dir='ltr'>quam</span> <span class='ocrx_word' id='word_1_121' title='bbox 1154 1191 1266 1232; x_wconf 86' lang='lat' dir='ltr'>Deus</span> <span class='ocrx_word' id='word_1_122' title='bbox 1287 1203 1376 1232; x_wconf 91' lang='lat' dir='ltr'>non</span> <span class='ocrx_word' id='word_1_123' title='bbox 1399 1186 1566 1242; x_wconf 86' lang='lat' dir='ltr'>fecerit,</span> <span class='ocrx_word' id='word_1_124' title='bbox 1591 1202 1668 1231; x_wconf 89' lang='lat' dir='ltr'>co-</span> 
     </span>
     <span class='ocr_line' id='line_1_16' title="bbox 278 1257 1667 1313; baseline 0 -11"><span class='ocrx_word' id='word_1_125' title='bbox 278 1268 438 1303; x_wconf 88' lang='lat' dir='ltr'>nantur</span> <span class='ocrx_word' id='word_1_126' title='bbox 467 1258 704 1303; x_wconf 85' lang='lat' dir='ltr'>inducere:</span> <span class='ocrx_word' id='word_1_127' title='bbox 735 1259 794 1303; x_wconf 84' lang='lat' dir='ltr'>sic</span> <span class='ocrx_word' id='word_1_128' title='bbox 817 1259 1081 1303; x_wconf 86' lang='lat' dir='ltr'>arbitramur</span> <span class='ocrx_word' id='word_1_129' title='bbox 1113 1257 1168 1303; x_wconf 88' lang='lat' dir='ltr'>ad</span> <span class='ocrx_word' id='word_1_130' title='bbox 1197 1273 1349 1304; x_wconf 90' lang='lat' dir='ltr'>eorum</span> <span class='ocrx_word' id='word_1_131' title='bbox 1378 1257 1667 1313; x_wconf 82' lang='lat' dir='ltr'>intellectum,</span> 
     </span>
     <span class='ocr_line' id='line_1_17' title="bbox 276 1328 1668 1391; baseline -0.001 -16"><span class='ocrx_word' id='word_1_132' title='bbox 276 1330 398 1391; x_wconf 92' lang='lat' dir='ltr'>quod</span> <span class='ocrx_word' id='word_1_133' title='bbox 413 1328 598 1375; x_wconf 81' lang='lat' dir='ltr'>dicimus</span> <span class='ocrx_word' id='word_1_134' title='bbox 621 1345 744 1389; x_wconf 90' lang='lat' dir='ltr'>posse</span> <span class='ocrx_word' id='word_1_135' title='bbox 762 1329 957 1389; x_wconf 81' lang='lat' dir='ltr'>perduci.</span> <span class='ocrx_word' id='word_1_136' title='bbox 982 1333 1192 1374; x_wconf 88' lang='lat' dir='ltr'>Fatentur</span> <span class='ocrx_word' id='word_1_137' title='bbox 1210 1329 1325 1373; x_wconf 87' lang='lat' dir='ltr'>enirn</span> <span class='ocrx_word' id='word_1_138' title='bbox 1348 1344 1478 1374; x_wconf 88' lang='lat' dir='ltr'>omne</span> <span class='ocrx_word' id='word_1_139' title='bbox 1501 1329 1668 1374; x_wconf 82' lang='lat' dir='ltr'>bonum</span> 
     </span>
     <span class='ocr_line' id='line_1_18' title="bbox 278 1400 1668 1462; baseline -0.001 -17"><span class='ocrx_word' id='word_1_140' title='bbox 278 1418 367 1447; x_wconf 92' lang='lat' dir='ltr'>non</span> <span class='ocrx_word' id='word_1_141' title='bbox 385 1417 475 1446; x_wconf 87' lang='lat' dir='ltr'>esse</span> <span class='ocrx_word' id='word_1_142' title='bbox 491 1417 629 1462; x_wconf 87' lang='lat' dir='ltr'>posse,</span> <span class='ocrx_word' id='word_1_143' title='bbox 651 1402 732 1447; x_wconf 89' lang='lat' dir='ltr'>nisi</span> <span class='ocrx_word' id='word_1_144' title='bbox 753 1419 776 1447; x_wconf 85' lang='lat' dir='ltr'>a</span> <span class='ocrx_word' id='word_1_145' title='bbox 793 1417 965 1446; x_wconf 88' lang='lat' dir='ltr'>summo</span> <span class='ocrx_word' id='word_1_146' title='bbox 983 1411 1026 1446; x_wconf 90' lang='lat' dir='ltr'>et</span> <span class='ocrx_word' id='word_1_147' title='bbox 1049 1417 1150 1446; x_wconf 88' lang='lat' dir='ltr'>vero</span> <span class='ocrx_word' id='word_1_148' title='bbox 1173 1405 1286 1446; x_wconf 86' lang='lat' dir='ltr'>Deo:</span> <span class='ocrx_word' id='word_1_149' title='bbox 1310 1400 1431 1461; x_wconf 89' lang='lat' dir='ltr'>quod</span> <span class='ocrx_word' id='word_1_150' title='bbox 1452 1410 1496 1446; x_wconf 90' lang='lat' dir='ltr'>et</span> <span class='ocrx_word' id='word_1_151' title='bbox 1516 1416 1668 1446; x_wconf 86' lang='lat' dir='ltr'>verum</span> 
     </span>
     <span class='ocr_line' id='line_1_19' title="bbox 278 1471 1557 1531; baseline 0.001 -15"><span class='ocrx_word' id='word_1_152' title='bbox 278 1483 357 1528; x_wconf 80' lang='lat' dir='ltr'>est,</span> <span class='ocrx_word' id='word_1_153' title='bbox 378 1482 421 1517; x_wconf 89' lang='lat' dir='ltr'>et</span> <span class='ocrx_word' id='word_1_154' title='bbox 439 1473 494 1517; x_wconf 88' lang='lat' dir='ltr'>ad</span> <span class='ocrx_word' id='word_1_155' title='bbox 511 1487 582 1516; x_wconf 86' lang='lat' dir='ltr'>eos</span> <span class='ocrx_word' id='word_1_156' title='bbox 599 1472 894 1531; x_wconf 81' lang='lat' dir='ltr'>corrigendos,</span> <span class='ocrx_word' id='word_1_157' title='bbox 915 1473 948 1515; x_wconf 88' lang='lat' dir='ltr'>si</span> <span class='ocrx_word' id='word_1_158' title='bbox 967 1471 1102 1517; x_wconf 89' lang='lat' dir='ltr'>velint</span> <span class='ocrx_word' id='word_1_159' title='bbox 1120 1471 1360 1528; x_wconf 81' lang='lat' dir='ltr'>advertere,</span> <span class='ocrx_word' id='word_1_160' title='bbox 1382 1472 1557 1517; x_wconf 86' lang='lat' dir='ltr'>sufficit.</span> 
     </span>
    </p>

    <p class='ocr_par' dir='ltr' id='par_1_4' title="bbox 279 1542 1677 2603">
     <span class='ocr_line' id='line_1_20' title="bbox 339 1542 1671 1604; baseline 0 -16"><span class='ocrx_word' id='word_1_161' title='bbox 339 1545 420 1588; x_wconf 89' lang='lat' dir='ltr'>III.</span> <span class='ocrx_word' id='word_1_162' title='bbox 456 1545 541 1588; x_wconf 90' lang='lat' dir='ltr'>Nos</span> <span class='ocrx_word' id='word_1_163' title='bbox 555 1543 671 1587; x_wconf 90' lang='lat' dir='ltr'>enim</span> <span class='ocrx_word' id='word_1_164' title='bbox 685 1543 899 1588; x_wconf 83' lang='lat' dir='ltr'>Catholici</span> <span class='ocrx_word' id='word_1_165' title='bbox 921 1543 1154 1588; x_wconf 86' lang='lat' dir='ltr'>Christiani</span> <span class='ocrx_word' id='word_1_166' title='bbox 1168 1546 1304 1587; x_wconf 91' lang='lat' dir='ltr'>Deum</span> <span class='ocrx_word' id='word_1_167' title='bbox 1323 1542 1522 1598; x_wconf 86' lang='lat' dir='ltr'>colimus,</span> <span class='ocrx_word' id='word_1_168' title='bbox 1540 1558 1563 1587; x_wconf 88' lang='lat' dir='ltr'>a</span> <span class='ocrx_word' id='word_1_169' title='bbox 1580 1558 1671 1604; x_wconf 87' lang='lat' dir='ltr'>quo</span> 
     </span>
     <span class='ocr_line' id='line_1_21' title="bbox 279 1614 1671 1676; baseline -0.001 -17"><span class='ocrx_word' id='word_1_170' title='bbox 279 1616 424 1659; x_wconf 86' lang='lat' dir='ltr'>omnia</span> <span class='ocrx_word' id='word_1_171' title='bbox 454 1614 568 1660; x_wconf 89' lang='lat' dir='ltr'>bona</span> <span class='ocrx_word' id='word_1_172' title='bbox 589 1624 712 1670; x_wconf 78' lang='lat' dir='ltr'>sunt,</span> <span class='ocrx_word' id='word_1_173' title='bbox 739 1630 815 1660; x_wconf 88' lang='lat' dir='ltr'>seu</span> <span class='ocrx_word' id='word_1_174' title='bbox 837 1629 992 1673; x_wconf 87' lang='lat' dir='ltr'>magna</span> <span class='ocrx_word' id='word_1_175' title='bbox 1014 1630 1089 1660; x_wconf 90' lang='lat' dir='ltr'>seu</span> <span class='ocrx_word' id='word_1_176' title='bbox 1111 1630 1267 1674; x_wconf 81' lang='lat' dir='ltr'>parva3</span> <span class='ocrx_word' id='word_1_177' title='bbox 1291 1632 1313 1659; x_wconf 87' lang='lat' dir='ltr'>a</span> <span class='ocrx_word' id='word_1_178' title='bbox 1335 1630 1425 1676; x_wconf 89' lang='lat' dir='ltr'>quo</span> <span class='ocrx_word' id='word_1_179' title='bbox 1446 1625 1510 1660; x_wconf 88' lang='lat' dir='ltr'>est</span> <span class='ocrx_word' id='word_1_180' title='bbox 1531 1615 1671 1660; x_wconf 88' lang='lat' dir='ltr'>omnis</span> 
     </span>
     <span class='ocr_line' id='line_1_22' title="bbox 279 1686 1671 1748; baseline 0.001 -18"><span class='ocrx_word' id='word_1_181' title='bbox 279 1686 452 1743; x_wconf 84' lang='lat' dir='ltr'>modus,</span> <span class='ocrx_word' id='word_1_182' title='bbox 475 1701 553 1732; x_wconf 88' lang='lat' dir='ltr'>seu</span> <span class='ocrx_word' id='word_1_183' title='bbox 567 1702 750 1747; x_wconf 81' lang='lat' dir='ltr'>magnus</span> <span class='ocrx_word' id='word_1_184' title='bbox 769 1701 847 1732; x_wconf 92' lang='lat' dir='ltr'>seu</span> <span class='ocrx_word' id='word_1_185' title='bbox 868 1702 1052 1747; x_wconf 83' lang='lat' dir='ltr'>parvus3</span> <span class='ocrx_word' id='word_1_186' title='bbox 1077 1703 1101 1732; x_wconf 85' lang='lat' dir='ltr'>a</span> <span class='ocrx_word' id='word_1_187' title='bbox 1123 1703 1211 1748; x_wconf 91' lang='lat' dir='ltr'>quo</span> <span class='ocrx_word' id='word_1_188' title='bbox 1232 1689 1371 1732; x_wconf 88' lang='lat' dir='ltr'>omnis</span> <span class='ocrx_word' id='word_1_189' title='bbox 1388 1687 1566 1747; x_wconf 87' lang='lat' dir='ltr'>speeies,</span> <span class='ocrx_word' id='word_1_190' title='bbox 1594 1702 1671 1732; x_wconf 89' lang='lat' dir='ltr'>seu</span> 
     </span>
     <span class='ocr_line' id='line_1_23' title="bbox 280 1759 1671 1819; baseline 0.001 -18"><span class='ocrx_word' id='word_1_191' title='bbox 280 1772 436 1816; x_wconf 88' lang='lat' dir='ltr'>magna</span> <span class='ocrx_word' id='word_1_192' title='bbox 452 1773 528 1802; x_wconf 90' lang='lat' dir='ltr'>seu</span> <span class='ocrx_word' id='word_1_193' title='bbox 543 1773 696 1818; x_wconf 79' lang='lat' dir='ltr'>parva3</span> <span class='ocrx_word' id='word_1_194' title='bbox 721 1774 744 1802; x_wconf 89' lang='lat' dir='ltr'>a</span> <span class='ocrx_word' id='word_1_195' title='bbox 762 1773 851 1819; x_wconf 89' lang='lat' dir='ltr'>quo</span> <span class='ocrx_word' id='word_1_196' title='bbox 869 1759 1008 1803; x_wconf 89' lang='lat' dir='ltr'>omnis</span> <span class='ocrx_word' id='word_1_197' title='bbox 1031 1759 1155 1813; x_wconf 85' lang='lat' dir='ltr'>ordo,</span> <span class='ocrx_word' id='word_1_198' title='bbox 1177 1774 1252 1803; x_wconf 90' lang='lat' dir='ltr'>seu</span> <span class='ocrx_word' id='word_1_199' title='bbox 1271 1773 1454 1817; x_wconf 84' lang='lat' dir='ltr'>magnus</span> <span class='ocrx_word' id='word_1_200' title='bbox 1477 1773 1553 1802; x_wconf 91' lang='lat' dir='ltr'>seu</span> <span class='ocrx_word' id='word_1_201' title='bbox 1576 1773 1671 1817; x_wconf 87' lang='lat' dir='ltr'>par—</span> 
     </span>
     <span class='ocr_line' id='line_1_24' title="bbox 280 1827 1671 1889; baseline -0.001 -15"><span class='ocrx_word' id='word_1_202' title='bbox 280 1844 372 1874; x_wconf 89' lang='lat' dir='ltr'>vus.</span> <span class='ocrx_word' id='word_1_203' title='bbox 393 1829 551 1874; x_wconf 90' lang='lat' dir='ltr'>Omnia</span> <span class='ocrx_word' id='word_1_204' title='bbox 574 1829 691 1873; x_wconf 92' lang='lat' dir='ltr'>enim</span> <span class='ocrx_word' id='word_1_205' title='bbox 712 1838 877 1889; x_wconf 86' lang='lat' dir='ltr'>quanto</span> <span class='ocrx_word' id='word_1_206' title='bbox 900 1829 1034 1888; x_wconf 86' lang='lat' dir='ltr'>magis</span> <span class='ocrx_word' id='word_1_207' title='bbox 1057 1828 1295 1884; x_wconf 82' lang='lat' dir='ltr'>moderata,</span> <span class='ocrx_word' id='word_1_208' title='bbox 1321 1829 1529 1889; x_wconf 76' lang='lat' dir='ltr'>speciosa,</span> <span class='ocrx_word' id='word_1_209' title='bbox 1553 1827 1671 1873; x_wconf 90' lang='lat' dir='ltr'>ordi-</span> 
     </span>
     <span class='ocr_line' id='line_1_25' title="bbox 281 1899 1672 1960; baseline -0.001 -16"><span class='ocrx_word' id='word_1_210' title='bbox 281 1909 382 1944; x_wconf 89' lang='lat' dir='ltr'>nata</span> <span class='ocrx_word' id='word_1_211' title='bbox 395 1909 512 1954; x_wconf 88' lang='lat' dir='ltr'>sunt,</span> <span class='ocrx_word' id='word_1_212' title='bbox 531 1909 654 1944; x_wconf 88' lang='lat' dir='ltr'>tanto</span> <span class='ocrx_word' id='word_1_213' title='bbox 666 1899 798 1958; x_wconf 85' lang='lat' dir='ltr'>magis</span> <span class='ocrx_word' id='word_1_214' title='bbox 813 1900 964 1959; x_wconf 87' lang='lat' dir='ltr'>utique</span> <span class='ocrx_word' id='word_1_215' title='bbox 978 1900 1091 1944; x_wconf 86' lang='lat' dir='ltr'>bona</span> <span class='ocrx_word' id='word_1_216' title='bbox 1104 1910 1227 1945; x_wconf 89' lang='lat' dir='ltr'>sunt:</span> <span class='ocrx_word' id='word_1_217' title='bbox 1246 1909 1410 1960; x_wconf 88' lang='lat' dir='ltr'>quanto</span> <span class='ocrx_word' id='word_1_218' title='bbox 1424 1908 1570 1944; x_wconf 86' lang='lat' dir='ltr'>autem</span> <span class='ocrx_word' id='word_1_219' title='bbox 1589 1900 1672 1943; x_wconf 91' lang='lat' dir='ltr'>mi-</span> 
     </span>
     <span class='ocr_line' id='line_1_26' title="bbox 282 1969 1674 2032; baseline 0 -18"><span class='ocrx_word' id='word_1_220' title='bbox 282 1986 364 2015; x_wconf 89' lang='lat' dir='ltr'>nus</span> <span class='ocrx_word' id='word_1_221' title='bbox 381 1969 620 2027; x_wconf 85' lang='lat' dir='ltr'>moderata,</span> <span class='ocrx_word' id='word_1_222' title='bbox 636 1971 780 2017; x_wconf 87' lang='lat' dir='ltr'>minus</span> <span class='ocrx_word' id='word_1_223' title='bbox 792 1971 998 2032; x_wconf 83' lang='lat' dir='ltr'>speciosa,</span> <span class='ocrx_word' id='word_1_224' title='bbox 1013 1971 1155 2016; x_wconf 88' lang='lat' dir='ltr'>minus</span> <span class='ocrx_word' id='word_1_225' title='bbox 1170 1970 1368 2017; x_wconf 85' lang='lat' dir='ltr'>ordinata</span> <span class='ocrx_word' id='word_1_226' title='bbox 1385 1979 1502 2026; x_wconf 84' lang='lat' dir='ltr'>sunt,</span> <span class='ocrx_word' id='word_1_227' title='bbox 1530 1970 1674 2014; x_wconf 89' lang='lat' dir='ltr'>minus</span> 
     </span>
     <span class='ocr_line' id='line_1_27' title="bbox 282 2040 1674 2103; baseline 0.001 -18"><span class='ocrx_word' id='word_1_228' title='bbox 282 2042 396 2086; x_wconf 86' lang='lat' dir='ltr'>bona</span> <span class='ocrx_word' id='word_1_229' title='bbox 413 2051 529 2086; x_wconf 88' lang='lat' dir='ltr'>sunt.</span> <span class='ocrx_word' id='word_1_230' title='bbox 554 2045 657 2086; x_wconf 85' lang='lat' dir='ltr'>Haec</span> <span class='ocrx_word' id='word_1_231' title='bbox 674 2043 824 2103; x_wconf 89' lang='lat' dir='ltr'>itaque</span> <span class='ocrx_word' id='word_1_232' title='bbox 842 2043 938 2097; x_wconf 89' lang='lat' dir='ltr'>tria,</span> <span class='ocrx_word' id='word_1_233' title='bbox 963 2041 1134 2097; x_wconf 86' lang='lat' dir='ltr'>modus,</span> <span class='ocrx_word' id='word_1_234' title='bbox 1156 2043 1317 2102; x_wconf 84' lang='lat' dir='ltr'>species</span> <span class='ocrx_word' id='word_1_235' title='bbox 1340 2051 1383 2086; x_wconf 81' lang='lat' dir='ltr'>et</span> <span class='ocrx_word' id='word_1_236' title='bbox 1400 2042 1525 2097; x_wconf 86' lang='lat' dir='ltr'>ordo,</span> <span class='ocrx_word' id='word_1_237' title='bbox 1551 2050 1601 2086; x_wconf 91' lang='lat' dir='ltr'>ut</span> <span class='ocrx_word' id='word_1_238' title='bbox 1619 2040 1674 2086; x_wconf 88' lang='lat' dir='ltr'>de</span> 
     </span>
     <span class='ocr_line' id='line_1_28' title="bbox 283 2111 1673 2173; baseline 0.001 -17"><span class='ocrx_word' id='word_1_239' title='bbox 283 2111 675 2157; x_wconf 85' lang='lat' dir='ltr'>innumerabilibus</span> <span class='ocrx_word' id='word_1_240' title='bbox 695 2123 876 2168; x_wconf 87' lang='lat' dir='ltr'>taceam,</span> <span class='ocrx_word' id='word_1_241' title='bbox 901 2128 1000 2173; x_wconf 87' lang='lat' dir='ltr'>quae</span> <span class='ocrx_word' id='word_1_242' title='bbox 1023 2113 1079 2157; x_wconf 88' lang='lat' dir='ltr'>ad</span> <span class='ocrx_word' id='word_1_243' title='bbox 1095 2113 1174 2157; x_wconf 87' lang='lat' dir='ltr'>ista</span> <span class='ocrx_word' id='word_1_244' title='bbox 1195 2114 1277 2158; x_wconf 88' lang='lat' dir='ltr'>tria</span> <span class='ocrx_word' id='word_1_245' title='bbox 1294 2113 1511 2173; x_wconf 76' lang='lat' dir='ltr'>pertinere</span> <span class='ocrx_word' id='word_1_246' title='bbox 1525 2128 1673 2157; x_wconf 90' lang='lat' dir='ltr'>mons-</span> 
     </span>
     <span class='ocr_line' id='line_1_29' title="bbox 285 2183 1674 2244; baseline 0.001 -17"><span class='ocrx_word' id='word_1_247' title='bbox 285 2190 480 2241; x_wconf 78' lang='lat' dir='ltr'>trantur3</span> <span class='ocrx_word' id='word_1_248' title='bbox 511 2184 605 2228; x_wconf 81' lang='lat' dir='ltr'>haec</span> <span class='ocrx_word' id='word_1_249' title='bbox 629 2200 732 2243; x_wconf 87' lang='lat' dir='ltr'>ergo</span> <span class='ocrx_word' id='word_1_250' title='bbox 755 2186 857 2239; x_wconf 87' lang='lat' dir='ltr'>tria,</span> <span class='ocrx_word' id='word_1_251' title='bbox 885 2183 1066 2239; x_wconf 86' lang='lat' dir='ltr'>modus,</span> <span class='ocrx_word' id='word_1_252' title='bbox 1092 2184 1277 2244; x_wconf 75' lang='lat' dir='ltr'>species,</span> <span class='ocrx_word' id='word_1_253' title='bbox 1303 2183 1411 2229; x_wconf 90' lang='lat' dir='ltr'>ordo</span> <span class='ocrx_word' id='word_1_254' title='bbox 1427 2219 1438 2239; x_wconf 91' lang='lat'>,</span> <span class='ocrx_word' id='word_1_255' title='bbox 1465 2193 1674 2244; x_wconf 85' lang='lat' dir='ltr'>tanquam</span> 
     </span>
     <span class='ocr_line' id='line_1_30' title="bbox 283 2255 1671 2315; baseline 0 -16"><span class='ocrx_word' id='word_1_256' title='bbox 283 2255 499 2314; x_wconf 87' lang='lat' dir='ltr'>generalia</span> <span class='ocrx_word' id='word_1_257' title='bbox 523 2256 638 2300; x_wconf 88' lang='lat' dir='ltr'>bona</span> <span class='ocrx_word' id='word_1_258' title='bbox 660 2266 762 2300; x_wconf 87' lang='lat' dir='ltr'>sunt</span> <span class='ocrx_word' id='word_1_259' title='bbox 783 2257 827 2300; x_wconf 89' lang='lat' dir='ltr'>in</span> <span class='ocrx_word' id='word_1_260' title='bbox 851 2255 978 2300; x_wconf 89' lang='lat' dir='ltr'>rebus</span> <span class='ocrx_word' id='word_1_261' title='bbox 995 2272 1019 2300; x_wconf 90' lang='lat' dir='ltr'>a</span> <span class='ocrx_word' id='word_1_262' title='bbox 1037 2258 1127 2301; x_wconf 89' lang='lat' dir='ltr'>Deo</span> <span class='ocrx_word' id='word_1_263' title='bbox 1151 2255 1289 2311; x_wconf 84' lang='lat' dir='ltr'>factis,</span> <span class='ocrx_word' id='word_1_264' title='bbox 1315 2256 1403 2300; x_wconf 88' lang='lat' dir='ltr'>sive</span> <span class='ocrx_word' id='word_1_265' title='bbox 1427 2255 1473 2300; x_wconf 91' lang='lat' dir='ltr'>in</span> <span class='ocrx_word' id='word_1_266' title='bbox 1493 2255 1671 2315; x_wconf 86' lang='lat' dir='ltr'>spiritu,</span> 
     </span>
     <span class='ocr_line' id='line_1_31' title="bbox 286 2327 1677 2388; baseline 0.001 -18"><span class='ocrx_word' id='word_1_267' title='bbox 286 2327 374 2370; x_wconf 89' lang='lat' dir='ltr'>sive</span> <span class='ocrx_word' id='word_1_268' title='bbox 394 2327 437 2370; x_wconf 91' lang='lat' dir='ltr'>in</span> <span class='ocrx_word' id='word_1_269' title='bbox 459 2342 656 2387; x_wconf 87' lang='lat' dir='ltr'>corpore.</span> <span class='ocrx_word' id='word_1_270' title='bbox 697 2330 806 2371; x_wconf 85' lang='lat' dir='ltr'>Deus</span> <span class='ocrx_word' id='word_1_271' title='bbox 828 2327 977 2388; x_wconf 86' lang='lat' dir='ltr'>itaque</span> <span class='ocrx_word' id='word_1_272' title='bbox 998 2342 1127 2387; x_wconf 87' lang='lat' dir='ltr'>supra</span> <span class='ocrx_word' id='word_1_273' title='bbox 1149 2343 1324 2372; x_wconf 89' lang='lat' dir='ltr'>omnem</span> <span class='ocrx_word' id='word_1_274' title='bbox 1346 2334 1556 2372; x_wconf 87' lang='lat' dir='ltr'>ereaturae</span> <span class='ocrx_word' id='word_1_275' title='bbox 1578 2342 1677 2372; x_wconf 90' lang='lat' dir='ltr'>mo·-</span> 
     </span>
     <span class='ocr_line' id='line_1_32' title="bbox 286 2397 1672 2460; baseline 0.001 -18"><span class='ocrx_word' id='word_1_276' title='bbox 286 2397 391 2442; x_wconf 91' lang='lat' dir='ltr'>dum</span> <span class='ocrx_word' id='word_1_277' title='bbox 414 2407 493 2453; x_wconf 83' lang='lat' dir='ltr'>est,</span> <span class='ocrx_word' id='word_1_278' title='bbox 519 2414 647 2458; x_wconf 85' lang='lat' dir='ltr'>supra</span> <span class='ocrx_word' id='word_1_279' title='bbox 669 2413 845 2443; x_wconf 87' lang='lat' dir='ltr'>omnem</span> <span class='ocrx_word' id='word_1_280' title='bbox 867 2399 1071 2458; x_wconf 84' lang='lat' dir='ltr'>speciem,</span> <span class='ocrx_word' id='word_1_281' title='bbox 1096 2415 1225 2460; x_wconf 88' lang='lat' dir='ltr'>supra</span> <span class='ocrx_word' id='word_1_282' title='bbox 1246 2415 1421 2444; x_wconf 90' lang='lat' dir='ltr'>omnem</span> <span class='ocrx_word' id='word_1_283' title='bbox 1444 2398 1643 2444; x_wconf 91' lang='lat' dir='ltr'>ordinem</span> <span class='ocrx_word' id='word_1_284' title='bbox 1663 2418 1672 2444; x_wconf 90' lang='lat'><strong>:</strong></span> 
     </span>
     <span class='ocr_line' id='line_1_33' title="bbox 284 2469 1675 2531; baseline 0 -17"><span class='ocrx_word' id='word_1_285' title='bbox 284 2484 366 2514; x_wconf 90' lang='lat' dir='ltr'>nec</span> <span class='ocrx_word' id='word_1_286' title='bbox 401 2470 547 2530; x_wconf 85' lang='lat' dir='ltr'>spatiis</span> <span class='ocrx_word' id='word_1_287' title='bbox 579 2470 776 2516; x_wconf 88' lang='lat' dir='ltr'>locorum</span> <span class='ocrx_word' id='word_1_288' title='bbox 805 2486 934 2531; x_wconf 86' lang='lat' dir='ltr'>supra</span> <span class='ocrx_word' id='word_1_289' title='bbox 963 2479 1049 2526; x_wconf 81' lang='lat' dir='ltr'>est,</span> <span class='ocrx_word' id='word_1_290' title='bbox 1074 2469 1148 2515; x_wconf 88' lang='lat' dir='ltr'>sed</span> <span class='ocrx_word' id='word_1_291' title='bbox 1170 2470 1382 2516; x_wconf 83' lang='lat' dir='ltr'>ineffabili</span> <span class='ocrx_word' id='word_1_292' title='bbox 1404 2479 1448 2516; x_wconf 87' lang='lat' dir='ltr'>et</span> <span class='ocrx_word' id='word_1_293' title='bbox 1467 2469 1675 2529; x_wconf 89' lang='lat' dir='ltr'>singulari</span> 
     </span>
     <span class='ocr_line' id='line_1_34' title="bbox 285 2541 1670 2603; baseline 0 -18"><span class='ocrx_word' id='word_1_294' title='bbox 285 2542 496 2600; x_wconf 79' lang='lat' dir='ltr'>potentia,</span> <span class='ocrx_word' id='word_1_295' title='bbox 517 2557 540 2586; x_wconf 88' lang='lat' dir='ltr'>a</span> <span class='ocrx_word' id='word_1_296' title='bbox 563 2557 651 2602; x_wconf 84' lang='lat' dir='ltr'>quo</span> <span class='ocrx_word' id='word_1_297' title='bbox 668 2543 808 2588; x_wconf 88' lang='lat' dir='ltr'>omnis</span> <span class='ocrx_word' id='word_1_298' title='bbox 830 2542 1002 2596; x_wconf 70' lang='lat' dir='ltr'>modus,</span> <span class='ocrx_word' id='word_1_299' title='bbox 1023 2543 1162 2587; x_wconf 91' lang='lat' dir='ltr'>omnis</span> <span class='ocrx_word' id='word_1_300' title='bbox 1182 2543 1360 2603; x_wconf 86' lang='lat' dir='ltr'>species,</span> <span class='ocrx_word' id='word_1_301' title='bbox 1384 2544 1526 2589; x_wconf 89' lang='lat' dir='ltr'>omnis</span> <span class='ocrx_word' id='word_1_302' title='bbox 1548 2541 1670 2587; x_wconf 91' lang='lat' dir='ltr'>ordo.</span> 
     </span>
    </p>
   </div>
  </div>
 </body>
</html>
