1803 3250
309 248 395 289 410
731 257 763 284 s.
801 257 1031 285 aucus-nm
1064 257 1247 286 zmscom

309 346 329 368 »
360 325 431 369 Dei
455 338 543 367 non
564 322 829 381 possidebit,
866 341 886 364 »
921 337 1054 384 quam
1078 323 1111 367 si
1135 322 1370 379 diceretur,
1406 343 1427 367 «
1462 326 1696 386 Corruptio

312 418 330 438 »
357 394 726 453 incorruptionem
753 408 841 439 non
863 394 1125 454 possidebit:
1150 393 1196 438 id
1215 404 1294 450 est,
1316 397 1538 455 corruptio
1560 399 1698 442 caruis

306 479 349 512 et
370 465 589 524 sanguinis
611 465 656 509 in
678 465 792 509 illius
812 467 930 525 regni
954 466 1280 525 incorruptione
1299 482 1387 510 non
1407 467 1502 521 erit,
1522 477 1699 527 propter

304 537 651 583 immutationem
685 537 871 592 scilicet,
912 537 967 582 de
998 553 1085 598 qua
1125 553 1224 582 mox
1264 537 1437 583 locutus
1471 538 1693 598 adjunxit:

308 630 327 651 «ι
355 612 539 668 Oportet
560 607 844 667 corruptibile
864 610 946 653 hoc
968 609 1153 652 induere
1174 608 1565 669 incorruptionem.
1592 629 1610 650 η
1633 612 1698 654 Ita

303 680 525 739 corruptio
547 694 648 739 quae
670 679 810 723 carnis
831 689 871 723 et
895 679 1114 737 sanguinis
1143 680 1320 723 nomine
1351 681 1592 739 significata
1614 691 1695 737 est,

303 753 347 796 in
364 752 484 810 regni
499 750 613 795 illius
630 751 956 810 incorruptione
972 765 1062 794 non
1079 750 1161 794 erit
1179 769 1187 794 :
1214 751 1315 810 quia
1338 766 1438 795 caro
1461 767 1561 811 quae
1580 768 1698 798 nunc

302 821 596 881 corruptibilis
614 832 692 875 est,
712 831 817 865 tunc
835 829 1000 864 mutata
1015 821 1357 880 incorruptibilis
1375 821 1472 866 erit.

363 895 528 937 XXIII.
564 895 734 949 Moyses
757 900 903 935 autem
927 892 1058 935 homo
1082 891 1157 935 Dei
1179 891 1213 936 si
1236 892 1426 937 animam
1448 893 1700 938 credidisset

303 980 393 1009 csse
410 963 656 1017 mortalem,
673 963 794 1022 quod
814 963 967 1023 utique
985 961 1238 1007 credidisset
1253 964 1286 1007 si
1307 978 1402 1008 eam
1420 965 1694 1022 sanguinem,

303 1051 390 1080 non
426 1034 765 1093 significationis,
807 1033 882 1077 sed
913 1034 1191 1094 proprietatis
1222 1050 1350 1079 causa
1383 1050 1474 1080 esse
1504 1035 1696 1091 dixisset,

303 1122 391 1151 non
415 1106 499 1150 alio
521 1104 619 1150 loco
643 1105 834 1149 diceret:
859 1124 879 1146 «
899 1104 1051 1149 Omnis
1072 1106 1147 1166 qui
1173 1106 1364 1164 tetigerit
1397 1116 1621 1150 mortuum
1644 1108 1700 1150 ab

306 1197 325 1219 n
361 1177 480 1222 omni
503 1176 645 1220 anima
669 1176 873 1231 hominiS,
897 1185 939 1219 et
963 1186 1161 1220 mortuus
1193 1175 1342 1231 fuerit,
1374 1187 1418 1222 et
1449 1193 1539 1222 non
1568 1177 1702 1222 fuerit

306 1269 326 1292 »
363 1249 640 1308 purificatus,
683 1248 1014 1292 tabernaculum
1047 1249 1221 1293 Domini
1252 1248 1444 1308 polluit:
1485 1258 1702 1293 exteretur

305 1341 324 1363 η
360 1322 500 1365 anima
521 1320 593 1364 illa
616 1336 666 1364 ex
686 1319 843 1377 Israel,
867 1320 1075 1381 quoniam
1099 1337 1210 1381 aqua
1240 1322 1496 1380 expiationis
1517 1337 1607 1365 non
1638 1329 1703 1365 est

306 1413 326 1435 η
361 1394 649 1451 circumpersa
668 1407 797 1451 super
815 1407 932 1446 eum,
955 1391 1210 1435 immundus
1234 1401 1313 1446 est,
1339 1393 1483 1436 adhuc
1506 1392 1700 1436 immun-

362 1463 467 1508 ditia
491 1465 583 1524 ejus
604 1463 649 1506 in
670 1463 763 1521 ipso
787 1465 891 1506 est1.
921 1483 936 1503 »
960 1463 1118 1506 Adhuc
1139 1463 1292 1523 utique
1309 1462 1437 1516 dixit,
1455 1463 1584 1508 etiam
1604 1472 1701 1522 post

304 1544 505 1588 mortem,
528 1534 630 1593 quia
649 1549 736 1577 non
756 1543 819 1577 est
839 1533 1091 1591 purificatus
1109 1552 1118 1578 :
1140 1534 1216 1577 ubi
1236 1534 1561 1593 praefiguratum
1578 1534 1699 1579 lava-

303 1620 427 1650 crum
462 1605 798 1663 regenerationis
834 1603 1055 1663 intelligit,
1081 1604 1201 1665 quod
1225 1620 1344 1649 nunc
1376 1605 1595 1664 accipiunt
1623 1607 1700 1665 qui

304 1677 582 1736 baptizantur
626 1677 671 1719 in
708 1676 908 1731 Christo,
947 1675 1144 1736 quisquis
1187 1675 1309 1719 audit
1345 1675 1532 1720 fideliter
1551 1696 1560 1721 2
1599 1695 1618 1719 «
1656 1677 1700 1722 Si

306 1767 326 1789 »
361 1748 593 1793 crederetis
622 1748 784 1806 Moysi,
816 1747 1047 1792 crederetis
1077 1757 1121 1791 et
1154 1748 1282 1801 mihi,
1319 1748 1375 1793 de
1397 1764 1466 1792 me
1488 1749 1602 1792 enim
1626 1747 1700 1793 ille

305 1839 324 1862 n
361 1821 572 1879 scripsit2.
601 1838 621 1860 n

361 1894 524 1936 XXIV.
560 1891 677 1945 Quid
695 1899 840 1935 autem
858 1891 1034 1945 mirum,
1053 1891 1088 1935 si
1101 1891 1180 1935 iste
1196 1889 1346 1934 infelix
1358 1907 1382 1935 a
1395 1889 1492 1934 luce
1509 1891 1700 1935 veritatis

303 1979 491 2016 aversus,
517 1972 560 2006 et
581 1962 637 2006 ob
661 1963 743 2006 hoc
761 1962 848 2006 luci
869 1963 1062 2006 veritatis
1082 1961 1303 2016 adversus,
1327 1977 1375 2005 ea
1398 1977 1499 2021 quae
1522 1977 1609 2005 non
1633 1963 1700 2006 in-

304 2034 458 2093 telligit
480 2035 523 2078 in
547 2036 670 2079 Novo
696 2036 994 2088 Testamento,
1027 2033 1180 2093 objicit
1214 2033 1361 2076 Veteri
1394 2035 1701 2077 Testamento?

306 2107 425 2151 Sicut
442 2106 571 2150 etiam
588 2104 698 2149 illud
714 2104 768 2148 de
787 2104 983 2164 apostolo
1004 2103 1156 2159 Paulo,
1177 2104 1251 2148 ubi
1272 2104 1332 2148 ait
1346 2105 1401 2147 ad
1416 2103 1666 2149 Corinthios
1687 2123 1696 2149 :

307 2198 326 2219 ι(
349 2177 477 2231 Quod
514 2178 549 2221 si
580 2178 839 2221 ministratio
867 2176 1016 2221 mortis
1046 2176 1092 2220 in
1127 2176 1278 2220 litteris
1310 2174 1495 2220 formata
1515 2175 1696 2235 lapideis

306 2267 325 2289 n
362 2249 475 2293 facta
496 2258 559 2293 est
580 2249 624 2292 in
648 2248 801 2307 gloria,
827 2248 886 2292 ita
910 2257 958 2291 ut
978 2262 1067 2292 non
1087 2257 1261 2306 possent
1289 2246 1367 2290 filii
1399 2246 1530 2291 Israel
1550 2247 1697 2291 inten-

306 2339 327 2361 »
362 2320 465 2364 dere
487 2321 530 2363 in
552 2320 706 2364 faciem
739 2319 878 2377 Moysi
914 2328 1090 2379 propter
1112 2318 1292 2378 gloriam
1316 2318 1465 2363 vultus
1486 2319 1576 2378 ejus
1598 2333 1699 2378 quae

309 2410 327 2432 »
363 2392 618 2446 destruitur,
650 2407 785 2451 quare
803 2406 893 2435 non
914 2390 1047 2449 magis
1070 2391 1329 2434 ministratio
1352 2389 1528 2449 spiritus
1549 2389 1631 2433 erit
1653 2389 1700 2433 in

308 2480 328 2503 »
364 2461 529 2520 gloria?
552 2465 661 2507 Nam
676 2463 709 2506 si
724 2462 984 2506 ministratio
1005 2461 1296 2506 damnationis
1311 2460 1445 2519 gloria
1461 2471 1540 2515 est,
1559 2460 1701 2505 multo

366 2533 502 2592 magis
538 2533 796 2578 ministratio
813 2533 993 2593 justitiae
1016 2533 1260 2578 abundabit
1280 2534 1325 2578 in
1347 2532 1497 2593 gloria.
1523 2533 1698 2576 Etenim

357 2625 366 2640 ¹
394 2619 488 2650 Num.
512 2628 587 2660 xix,
611 2618 660 2650 13.
678 2625 745 2641 —2
764 2620 857 2651 Joan.
877 2630 912 2659 v,
931 2617 985 2660 46.
1023 2658 1025 2660 q

308 1484 316 1504 )

318 1484 326 1505 υ

309 2552 318 2574 )

320 2552 328 2573 ν
