1803 3250
343 278 507 310 CONTRA
541 279 842 309 ADVERSARIUM
876 280 1010 318 Lxms,
1048 281 1129 307 1⁴18.
1167 281 1212 305 η.
1397 267 1480 306 389

104 366 124 389 »
148 344 444 392 lucrifacerem
469 366 478 391 2
498 356 541 391 et
574 345 714 391 factus
735 359 832 389 sum
855 345 1017 388 Judaeis
1039 355 1245 404 tanquam
1268 344 1446 388 Judaeus
1466 379 1477 395 ‚

103 437 123 460 »
148 427 197 463 ut
213 419 388 463 Judaeos
403 416 693 475 lucrifaciam3
711 425 754 460 et
765 416 814 459 iis
825 418 898 476 qui
912 417 992 459 sub
1009 419 1124 475 Lege
1137 425 1253 469 sunt,
1276 426 1478 475 tanquam

101 506 122 529 »
146 490 223 549 qui
237 491 319 534 sub
336 493 448 547 Lege
470 504 624 549 essem,
645 487 850 546 cumipse
868 503 955 531 non
979 488 1055 531 sim
1075 488 1156 531 sub
1182 490 1312 546 Lege,
1340 496 1387 530 ut
1410 502 1481 531 eos

101 577 121 600 n
146 560 222 620 qui
241 560 323 604 sub
336 563 450 619 Lege
467 569 584 614 sunt,
602 557 892 615 lucrifaciam,
917 567 959 601 et
973 558 1022 601 iis
1037 559 1109 618 qui
1130 559 1219 601 sine
1236 560 1348 616 Lege
1361 567 1479 604 sunt.

101 649 122 672 »
146 640 356 692 tanquam
374 633 465 676 sine
487 634 602 690 Lege
619 644 752 675 essem
770 665 781 684 ,
807 645 906 674 cum
926 630 1018 673 sine
1040 633 1154 688 Lege
1173 630 1247 674 Dei
1266 646 1352 674 non
1375 630 1451 673 sim
1468 665 1479 684 ,

100 720 120 744 »
148 702 221 747 sed
243 703 322 748 sim
345 703 390 746 in
413 705 527 761 Lege
543 702 720 756 Christi,
739 711 787 745 ut
799 700 1062 745 lucrifaciam
1079 716 1150 744 eos
1175 700 1352 760 quisine
1369 704 1483 759 Lege

99 791 121 815 n
148 783 277 832 sunt3
301 773 440 819 factus
463 789 559 818 sum
575 773 756 817 infirmis
776 773 990 825 infirmus,
1017 772 1275 816 utinfirmos
1302 771 1481 815 lucrifa-

105 862 126 886 »
150 845 290 890 ciam:
316 845 519 890 omnibus
549 845 694 890 omnia
721 843 861 889 factus
884 859 979 888 sum
996 879 1007 898 ,
1043 853 1091 886 ut
1125 859 1274 886 omnes
1304 842 1484 886 lucrifa—

100 933 120 958 »
145 916 255 960 ciam
270 919 300 958 ².
325 934 344 957 »
372 918 456 960 Has
477 926 666 976 quatuor
685 931 887 975 personas
910 915 1004 958 vult
1021 913 1228 973 intelligi,
1262 915 1305 957 in
1322 915 1482 974 quibus

98 986 355 1046 Apostolum
377 985 575 1032 locutum
599 996 740 1046 putat,
768 1002 898 1030 unam
921 985 1192 1039 Judaeorum,
1215 985 1393 1030 alteram
1410 1002 1482 1030 eo-

97 1073 193 1102 rum
206 1060 281 1119 qui
300 1060 382 1103 sub
402 1062 518 1118 Lege
535 1068 653 1109 sunt,
672 1059 841 1102 tertiam
862 1074 1013 1102 eorum
1031 1060 1105 1118 qui
1125 1059 1214 1101 sine
1235 1061 1345 1115 Lege
1363 1067 1480 1112 sunt,

97 1138 298 1189 quartam
320 1130 610 1174 infirmorum.
637 1130 799 1183 Quinta
821 1129 1024 1183 debetur,
1050 1130 1256 1189 quoniam
1289 1129 1484 1188 quinque

96 1201 350 1261 promiserat
374 1221 382 1246 z
407 1202 521 1246 hanc
543 1210 593 1245 ut
615 1200 796 1245 adderet
820 1220 829 1245 :
856 1199 953 1245 Alio
968 1201 1081 1255 loco,
1105 1201 1264 1260 inquit,
1291 1204 1485 1260 superius

91 1275 182 1333 jam
210 1270 316 1316 dixit
340 1290 349 1317 ε
379 1290 398 1312 «
419 1272 679 1331 Sapientiam
702 1272 925 1332 loquimur
952 1273 1065 1316 inter
1093 1271 1308 1331 perfectos
1323 1275 1340 1298 ²
1361 1291 1369 1316 :
1391 1290 1410 1313 »
1437 1280 1485 1315 ut

94 1343 391 1403 perfectorum
414 1343 613 1388 videatur
639 1343 792 1403 quinta
815 1358 1012 1402 persona.
1040 1346 1133 1388 Hoc
1148 1353 1288 1387 totum
1308 1353 1486 1403 propte-

100 1430 171 1458 rea
194 1413 371 1459 molitus
393 1423 472 1467 est,
499 1423 547 1458 ut
571 1416 601 1458 si
625 1415 804 1474 quando
827 1414 994 1475 aliquid
1023 1415 1078 1458 de
1113 1414 1357 1473 Apostoliea
1382 1430 1485 1474 pro-

97 1484 284 1530 ferretur
306 1485 517 1545 Epistola,
541 1486 618 1529 ubi
646 1494 919 1530 attestantur.
949 1485 1186 1545 Evangelio
1209 1489 1295 1529 Lex
1316 1496 1358 1530 et
1382 1489 1487 1530 Pro-

94 1556 256 1616 phetae,
282 1557 364 1601 hoc
386 1555 502 1600 dicat
518 1556 791 1616 Apostolum,
811 1572 900 1600 non
914 1557 1183 1616 sapientibus
1205 1566 1247 1600 et
1267 1556 1483 1616 perfectis,

95 1629 170 1673 sed
191 1627 353 1672 Judaeis
376 1628 571 1671 locutum
594 1626 722 1671 fuisse
742 1628 865 1688 quasi
889 1628 1115 1683 Judaeum,
1140 1627 1209 1672 vel
1231 1629 1290 1672 eis
1307 1627 1383 1689 qui
1405 1630 1486 1672 sub

97 1701 212 1758 Lege
233 1707 390 1753 essent,
416 1709 626 1758 tanquam
648 1708 759 1742 esset
781 1708 824 1742 et
845 1699 935 1758 ipse
957 1699 1038 1742 sub
1067 1702 1181 1757 Lege
1200 1719 1208 1743 ε
1234 1715 1282 1743 ae
1304 1714 1381 1758 per
1402 1699 1486 1743 hoc

96 1768 282 1814 subdole
296 1777 427 1829 atque
440 1768 707 1813 mendaciter
720 1768 994 1813 simulantem
1014 1785 1057 1812 se
1076 1768 1193 1829 apud
1210 1769 1486 1829 imperfectos

95 1839 326 1894 aedificare,
352 1839 472 1899 quod
496 1839 612 1899 apud
636 1839 864 1899 perfectos,
893 1856 979 1884 non
1001 1840 1266 1892 mentiendo,
1289 1841 1361 1884 sed
1384 1856 1483 1885 vera

96 1910 282 1956 dicendo
298 1911 556 1955 destrueret.
580 1914 702 1956 Hanc
724 1911 927 1956 videlicet
954 1913 992 1956 ei
1021 1913 1175 1957 erroris
1198 1913 1486 1957 machinatio-

96 1984 259 2028 tionem
275 2018 286 2038 ,
327 1983 471 2027 nescio
506 1983 602 2043 quis
640 1983 865 2028 Fabricius
904 1983 1159 2038 fabricavit,
1203 2000 1331 2044 quem
1366 1984 1485 2049 yelut

94 2055 350 2114 magistrum
383 2055 575 2099 veritatis
614 2057 765 2099 Romae
801 2070 844 2098 se
879 2056 1090 2099 invenisse
1119 2055 1341 2113 gloriatur.
1380 2056 1484 2108 Quis

97 2141 187 2170 non
209 2125 294 2170 hoc
321 2134 587 2180 monstrum,
628 2141 717 2170 non
754 2125 852 2170 dieo
888 2141 1037 2170 sensus
1070 2127 1369 2180 Christianus,
1411 2127 1484 2170 sed

97 2197 430 2259 qualiscumque
446 2198 664 2242 humanus
681 2199 938 2242 exhorreat?

157 2270 233 2312 IV.
261 2269 406 2313 Primo
436 2270 552 2313 enim
579 2269 944 2314 considerandum
969 2278 1048 2324 est,
1075 2275 1204 2329 quam
1229 2284 1273 2313 se
1297 2267 1482 2313 fraudu-

97 2340 387 2384 lentissimum
409 2349 451 2384 et
472 2338 849 2384 mendacissimum
869 2340 1139 2399 profiteatur,
1166 2340 1239 2398 qui
1266 2341 1483 2384 mentien-

100 2420 186 2455 tem
211 2421 337 2470 putat
361 2420 405 2455 et
427 2410 578 2455 laudat
600 2411 857 2470 Apostolum
887 2432 895 2455 :
921 2421 964 2455 et
984 2410 1106 2471 quod
1134 2410 1206 2454 ille
1232 2411 1369 2456 dixit:
1395 2427 1482 2455 non

98 2480 290 2526 fallentis
312 2477 422 2537 astu,
448 2481 522 2525 sed
549 2482 850 2541 compatientis
868 2482 1043 2535 affectu,
1069 2482 1169 2541 quia
1191 2481 1366 2526 diversis
1386 2483 1482 2525 ani-

99 2567 266 2597 marum
290 2553 450 2596 morbis
473 2562 559 2596 tam
578 2552 841 2597 misericordi
857 2551 987 2596 eorde
1003 2551 1222 2605 subvenit,
1249 2568 1377 2611 quam
1398 2554 1476 2595 sibi

145 2639 284 2670 ¹100r.
303 2649 351 2679 rx,
374 2649 414 2680 ¹9
428 2642 461 2670 et
480 2649 566 2681 seqq.
590 2653 629 2661 --
646 2646 656 2660 '²
677 2639 721 2670 m.
742 2629 777 2679 ii,
797 2638 828 2669 6.
