1803 3250
296 215 373 251 103
729 222 761 246 s.
799 218 1029 247 Aucusnm
1063 220 1241 246 EPISCOPI

350 289 404 330 Et
444 298 543 328 cum
583 283 850 341 Augustinus
884 284 1111 344 episcopus
1143 282 1383 342 Epistolam
1420 283 1676 338 Manichaei,

290 371 418 417 quam
446 353 740 398 Fundamenti
766 353 1004 415 appellant,
1028 354 1291 414 protulisset,
1316 353 1448 398 dixit:
1477 354 1518 398 Si
1537 353 1680 411 legero

289 443 338 471 ex
374 427 455 469 hoc
488 424 654 480 codice,
696 441 826 486 quem
861 442 929 470 me
959 426 1078 471 vides
1109 425 1238 480 ferre,
1268 422 1505 484 Epistulam
1537 423 1681 468 Mani—

287 497 395 541 chaei
412 511 542 557 quam
558 498 590 540 F
599 495 853 542 undamenti
866 496 1108 558 appellatis,
1125 507 1246 557 potes
1259 510 1493 556 agnoscere
1516 511 1570 539 an
1590 494 1681 554 ipsa

287 569 342 614 sit
361 587 369 613 ε

346 642 452 685 Fu.
473 637 601 684 dixit:
621 657 641 682 α
659 641 908 699 Agnosce.»

346 714 459 756 Am.
486 710 615 755 dixit:
638 711 798 769 Accipe
817 709 990 768 tuipse,
1014 717 1057 752 et
1074 708 1184 765 lege.

347 784 529 827 Etcum
559 782 791 840 accepisset
821 779 1015 824 codicem
1047 778 1184 831 Felix,
1210 776 1343 836 legit:
1373 796 1393 819 «
1413 777 1683 823 Manichaeus

288 851 509 912 apostolus
537 853 639 896 Jesu
669 850 830 895 Christi
858 849 1132 910 providentia
1165 848 1239 892 Dei
1270 848 1419 892 Patris.
1449 851 1552 893 Haec
1581 859 1685 894 sunt

286 923 477 968 salubria
504 923 635 965 verba
659 938 710 964 ex
734 921 913 980 perenni
937 936 985 964 ac
1008 921 1104 963 vivo
1126 918 1247 963 fonte
1269 935 1368 978 quae
1392 919 1468 978 qui
1497 920 1685 965 audierit

287 1003 331 1037 et
357 991 507 1036 iisdem
536 992 736 1051 primitus
764 991 1013 1045 crediderit,
1036 990 1196 1034 deinde
1219 1006 1318 1050 quae
1344 990 1562 1034 insinuata
1583 1000 1684 1036 sunt

286 1061 558 1117 custodierit,
590 1078 817 1122 nunquam
837 1063 918 1106 erit
937 1062 1064 1106 morti
1087 1062 1317 1116 obnoxius,
1346 1077 1497 1105 verum
1521 1071 1684 1106 aeterna

287 1144 331 1180 et
353 1133 534 1192 gloriosa
556 1134 642 1177 vita
667 1132 849 1177 fruetur.
875 1136 984 1178 Nam
1004 1132 1200 1192 profecto
1220 1134 1372 1177 beatus
1395 1142 1458 1177 est
1476 1133 1684 1193 judican-

287 1204 385 1259 dus,
410 1205 485 1265 qui
508 1205 588 1248 hac
604 1203 748 1248 divina
771 1205 1009 1247 instructus
1028 1204 1276 1261 cognitione
1296 1203 1441 1259 fuerit,
1460 1219 1537 1264 per
1553 1219 1685 1264 quam

288 1276 496 1320 liberatus
512 1276 556 1318 in
573 1276 832 1334 sempiterna
852 1275 937 1318 vita
957 1275 1245 1334 permanebit.
1267 1293 1286 1315 »

347 1350 461 1392 Auo.
488 1347 715 1407 episcopus
733 1346 865 1392 dixit:
889 1346 1114 1405 Agnovisti
1137 1356 1251 1391 certe
1275 1346 1515 1406 Epistolam
1540 1346 1686 1391 Mani-

289 1419 398 1463 chaei
415 1418 571 1462 vestri?

349 1492 456 1534 FEL.
476 1489 604 1533 dixit:
628 1507 648 1530 «
669 1487 854 1546 Agnovi.
870 1505 892 1529 ³)

349 1563 462 1605 Aue.
485 1559 593 1603 dixit
612 1579 619 1603 :
648 1559 786 1603 Proba
805 1558 930 1603 nobis
952 1572 1053 1616 ergo
1075 1558 1299 1618 quomodo
1316 1559 1586 1603 Manichaeus
1607 1559 1688 1604 iste

289 1631 343 1676 sit
366 1631 585 1692 apostolus
608 1633 710 1674 Jesu
729 1630 902 1674 Christi.
922 1632 1020 1674 Non
1038 1630 1154 1673 enim
1177 1645 1276 1674 eum
1301 1631 1342 1673 in
1365 1631 1602 1689 Evangelio
1619 1631 1688 1675 in-

290 1713 356 1748 ter
377 1703 609 1763 Apostolos
628 1701 812 1760 legimus
833 1700 1096 1762 aliquando:
1124 1711 1166 1746 et
1189 1702 1286 1763 quis
1309 1700 1441 1746 fuerit
1463 1702 1688 1747 ordinatus

289 1775 336 1820 in
359 1774 505 1818 locum
529 1774 658 1818 Judae
682 1773 944 1827 traditoris¹‚
967 1773 1185 1828 novimus,
1208 1773 1254 1817 id
1268 1783 1347 1828 est,
1373 1783 1547 1818 sanctus
1570 1777 1687 1819 Mat-

291 1845 401 1891 thias
419 1865 440 1900 ε,
453 1855 496 1889 et
525 1845 621 1905 quis
650 1854 799 1905 postea
830 1844 1002 1889 Domini
1031 1860 1138 1889 voce
1165 1843 1220 1889 de
1241 1843 1356 1889 coelo
1380 1855 1558 1889 vocatus
1584 1846 1637 1890 sit
1649 1849 1684 1902 ²,

291 1917 376 1961 hoc
392 1925 471 1971 est,
486 1914 644 1960 Paulus
658 1914 896 1975 apostolus,
913 1930 1062 1960 omnes
1083 1925 1414 1975 recognoscunt.
1434 1920 1570 1961 Istum
1584 1932 1688 1976 ergo

290 1988 583 2034 Manichaeum
614 1987 749 2047 proba
772 1988 898 2032 nobis
916 1987 1160 2048 apostolum
1185 2004 1273 2033 esse
1294 1989 1473 2045 Christi,
1498 1989 1620 2050 quod
1637 1989 1687 2032 in

291 2060 433 2119 capite
450 2058 658 2119 Epistolae
675 2075 763 2103 suae
781 2074 910 2103 ausus
928 2068 991 2103 est
1014 2075 1188 2118 ponere.

352 2133 458 2174 FEL.
485 2130 615 2175 dixit:
633 2150 651 2172 «
664 2134 720 2175 Et
734 2131 944 2176 Sanctitas
959 2134 1047 2174 Tua
1065 2132 1167 2176 mihi
1185 2131 1339 2191 probet
1351 2130 1472 2192 quod
1488 2131 1532 2176 in
1546 2134 1690 2177 Evan-

292 2201 404 2260 gelio
422 2202 629 2261 scriptum
648 2212 728 2257 est,
749 2203 922 2247 Christo
939 2202 1138 2249 dicente:
1164 2223 1183 2246 «
1205 2203 1329 2248 Vado
1352 2203 1407 2248 ad
1431 2207 1620 2259 Patrem,
1645 2213 1689 2249 et

294 2290 316 2315 »
352 2273 521 2318 mittam
550 2274 674 2319 vobis
706 2275 915 2334 Spiritum
943 2284 1141 2319 sanctum
1163 2274 1459 2331 Paracletum,
1499 2275 1578 2336 qui
1612 2290 1688 2319 vos

295 2360 316 2385 »
352 2343 531 2388 inducat
550 2345 594 2388 in
612 2361 785 2389 omnem
802 2347 1069 2389 veritatem3.
1088 2365 1107 2387 »
1130 2350 1221 2390 Hoc
1237 2356 1283 2390 tu
1299 2347 1405 2390 mihi
1421 2355 1538 2389 extra
1557 2345 1688 2404 scrip-

293 2425 435 2459 turam
469 2417 590 2459 istam
624 2420 759 2477 proba
781 2435 868 2460 esse
891 2420 1146 2476 scripturam
1174 2419 1357 2477 Spiritus
1380 2421 1533 2475 sancti,
1564 2419 1685 2481 quod

294 2486 490 2530 Christus
508 2488 703 2546 promisit
722 2487 796 2531 uhi
815 2489 954 2532 omnis
978 2487 1133 2532 veritas
1156 2490 1420 2548 reperiatur:
1447 2500 1490 2535 et
1513 2490 1546 2535 si
1568 2491 1687 2536 inve-

346 2576 356 2594 ¹
385 2575 440 2603 rtet
477 2585 499 2605 ι,
526 2574 721 2605 rao-³1&
746 2586 787 2610 ix,
809 2571 1122 2614 2'1.—-3Joan.xv1,
1146 2574 1195 2606 13.
