1803 3250
354 211 436 249 398
794 217 826 244 s.
862 217 1094 244 aceessum
1118 217 1300 244 muscom

351 297 436 330 tem
470 300 493 327 a
521 284 694 328 Christo
721 284 823 326 Jesu
845 290 924 326 est.
959 284 1056 327 Non
1088 282 1146 325 ita
1186 283 1395 342 scriptum
1430 290 1524 326 est:
1547 283 1730 328 sedita:

354 377 372 397 ιι
399 358 484 399 Lex
508 369 583 412 per
603 356 789 410 Moysen
813 352 915 397 data
936 362 1027 411 est3
1062 353 1196 411 gratia
1231 361 1275 396 et
1303 352 1461 397 veritas
1484 369 1559 413 per
1592 356 1741 399 Jesum

353 446 371 466 η
397 426 617 470 Christum
640 425 754 469 facta
778 426 886 469 est¹.
909 443 929 465 n
955 428 1041 469 Lex
1063 425 1199 483 igitur
1221 424 1322 469 data
1344 435 1409 469 est
1430 441 1507 484 per
1530 429 1709 483 Moysen
1729 445 1738 471 :

349 496 460 541 facta
482 505 545 540 est
567 505 711 539 autem
738 497 872 554 gratia
893 510 969 555 per
991 499 1138 539 ,losum
1163 496 1402 550 Christum,
1427 504 1526 540 cum
1551 512 1629 556 per
1651 498 1742 557 ejus

349 568 555 627 Spiritum
573 568 785 611 charitate
800 566 959 611 diffusa
977 567 1021 610 in
1041 567 1249 612 cordibus
1268 568 1424 612 nostris
1439 571 1472 623 ⁶2,
1496 568 1544 612 fit
1559 578 1606 612 ut
1623 568 1744 629 quod

348 642 432 683 Lex
450 639 674 698 praecipit,
700 638 946 698 impleatur.
967 638 1095 691 Quod
1116 639 1231 682 enim
1250 654 1324 697 per
1339 638 1525 684 litteram
1540 640 1740 698 jubetur,

347 725 434 754 non
452 709 613 763 littera,
638 709 715 752 sed
740 709 902 768 Spiritu
924 708 1147 767 impletur.
1176 707 1301 752 Unde
1329 708 1437 752 illud
1461 709 1581 769 quod
1607 710 1745 770 scrip-

347 791 438 825 tum
453 789 516 824 est
535 799 544 825 :
574 782 708 825 «Non
725 779 1004 837 concupisces
1019 780 1034 804 ³
1057 798 1065 822 ;
1092 797 1110 819 »
1137 794 1210 836 per
1223 781 1406 836 Moysen
1429 782 1515 823 Lex
1537 789 1618 833 est,
1641 781 1743 841 quia

341 853 523 913 jubetur
544 870 554 896 :
579 850 655 898 sed
679 866 754 910 pet·
776 850 999 895 Christum
1019 849 1067 893 fit
1086 850 1220 907 gratia
1235 883 1246 905 ,
1273 850 1452 909 quando
1473 850 1593 911 quod
1611 852 1745 911 jube·-

348 932 441 977 tur,
474 921 683 981 impletur
712 940 720 966 z
755 920 913 965 veritas
946 929 1091 964 autem
1129 920 1239 964 facta
1278 930 1342 964 est
1382 936 1457 979 per
1487 922 1743 974 Christum,

346 1003 523 1054 propter
544 992 617 1037 illa
640 1009 740 1054 quae
768 992 814 1036 in
846 992 1076 1051 prophetia
1107 992 1234 1052 Legis
1256 1002 1359 1037 sunt
1383 993 1590 1052 promissa
1607 1029 1618 1048 ,
1643 994 1747 1054 quia

346 1066 390 1112 in
411 1065 585 1111 Christo
607 1065 803 1108 eminent
825 1063 1012 1108 reddita.

403 1140 481 1183 XI.
519 1136 753 1198 Apostolus
770 1151 875 1181 vero
892 1134 1015 1196 quod
1038 1136 1097 1180 ait
1114 1134 1170 1179 ad
1189 1138 1409 1180 Romanos
1431 1155 1440 1181 :
1470 1156 1490 1178 «
1511 1137 1748 1190 Quomodo

349 1209 667 1254 »invocabunt
700 1208 744 1251 in
769 1222 900 1267 quem
938 1221 1027 1250 non
1061 1205 1377 1251 crediderunt?
1408 1217 1484 1251 aut
1521 1206 1748 1268 quomodo

350 1300 369 1322 »
396 1280 575 1326 credent
592 1294 724 1340 quem
747 1294 835 1322 non
860 1276 1093 1322 audierunt
1108 1280 1150 1321 ⁴?
1169 1297 1187 1317 »
1209 1277 1263 1322 de
1279 1278 1494 1322 Gentibus
1509 1278 1637 1333 dixit,
1658 1295 1746 1323 non

346 1354 402 1396 de
423 1351 590 1396 Judae·1·s
606 1387 617 1406 ,
642 1351 754 1395 sicut
777 1351 845 1393 hic
868 1349 1068 1393 somniat.
1098 1352 1181 1393 Eos
1203 1350 1320 1393 enim
1349 1349 1525 1393 volebat
1551 1349 1748 1394 refellere

347 1423 501 1469 doctor
523 1423 746 1476 Gentium,
769 1421 846 1481 qui
870 1420 1087 1479 putabant
1105 1420 1222 1476 genti
1243 1420 1552 1465 tantummodo
1569 1421 1749 1466 Judaeo-

347 1510 460 1547 rum,
488 1508 577 1537 non
600 1493 728 1536 etiam
753 1490 1064 1535 incircumcisis
1087 1491 1299 1534 Gentibus
1324 1491 1616 1551 Evangelium
1636 1508 1745 1552 prae-

349 1563 602 1610 dicandum.
622 1564 751 1617 Quod
765 1562 916 1608 volens
930 1561 1176 1615 ostendere,
1194 1577 1283 1606 non
1297 1562 1351 1606 ad
1369 1565 1545 1607 Judaeos
1559 1572 1746 1618 tantum,

347 1635 422 1680 sed
445 1636 498 1679 ad
517 1649 668 1679 omnes
693 1643 842 1693 gentes
878 1634 1115 1692 pertinere,
1140 1633 1260 1692 prius
1280 1634 1425 1692 posuit
1447 1635 1746 1679 testimonium

347 1708 402 1752 de
427 1707 645 1767 Propheta
668 1725 677 1751 2
705 1725 719 1743 «
746 1705 863 1760 Erit,
900 1703 1042 1748 omnis
1074 1704 1151 1764 qui
1177 1704 1444 1749 invocaverit
1475 1721 1635 1750 nomen
1662 1709 1748 1750 Do-

351 1798 370 1820 »
397 1778 525 1832 mini,
547 1777 688 1822 salvus
703 1777 812 1820 erit⁵
837 1795 846 1820 ;
866 1794 886 1817 »
909 1791 957 1820 ac
969 1774 1130 1819 deinde
1143 1790 1243 1819 cum
1260 1775 1461 1821 dixisset:
1484 1777 1749 1830 «Quomodo

351 1869 371 1891 »
398 1860 545 1896 autem
566 1847 900 1892 invocabuntin
929 1863 1061 1907 quem
1086 1863 1173 1891 non
1203 1848 1513 1903 crediderunt,
1539 1858 1614 1892 aut
1635 1864 1749 1908 quo-

353 1942 372 1964 »
399 1922 530 1966 modo
561 1920 742 1965 credent
774 1934 905 1979 quem
937 1933 1027 1962 non
1056 1919 1317 1974 audierunt,
1340 1937 1359 1958 »
1391 1919 1604 1964 continuo
1641 1919 1749 1964 sub-

345 1996 490 2055 junxit
517 2012 526 2038 :
557 2011 577 2034 «
597 1990 831 2046 Quomodo
855 2001 1001 2034 autem
1023 1989 1205 2033 audient
1227 1992 1318 2033 sine
1342 1989 1610 2049 praedicante
1630 2026 1641 2044 ,
1673 2002 1749 2035 aut

356 2086 373 2108 »
399 2065 622 2125 quomodo
646 2063 977 2123 praedicabunt,
1004 2062 1085 2105 nisi
1114 2062 1380 2106 mittantur?
1402 2080 1421 2103 »
1458 2066 1525 2106 lta
1555 2060 1750 2106 refutans

351 2153 424 2182 eos
453 2137 529 2198 qui
562 2137 784 2196 negabant
816 2135 871 2179 ad
902 2134 1222 2178 incircumcisas
1258 2142 1408 2192 gentes
1445 2133 1751 2194 praedicatores

352 2209 513 2254 Christi
535 2223 625 2252 esse
647 2207 900 2251 mittendos.

412 2282 515 2324 xit.
544 2277 660 2322 Illud
683 2292 861 2338 quoque
888 2276 1000 2320 sicut
1025 2274 1372 2333 imperitissimus
1399 2289 1487 2318 non
1516 2274 1748 2333 intelligit,

354 2351 474 2411 quod
492 2351 703 2410 scriptum
725 2358 790 2394 est
810 2368 818 2393 z
849 2349 1078 2392 «Primum
1104 2344 1352 2405 Apostolos,
1379 2346 1539 2390 deinde
1562 2347 1751 2406 Prophe-

358 2439 379 2463 »
405 2422 510 2466 tasfi.
532 2440 552 2463 »
579 2424 710 2466 Putat
731 2419 848 2464 enim
867 2427 967 2463 ante
984 2415 1216 2477 Apostolos
1236 2432 1326 2462 non
1341 2416 1475 2461 fuisse
1494 2417 1748 2477 Prophetas,
1799 2419 1803 2429 ⁴

405 2531 416 2546 ¹
443 2526 534 2557 Joan.
566 2534 727 2565 1‚17.=·-
745 2528 759 2545 2
778 2522 872 2555 Rom.
893 2527 925 2562 v,
949 2520 981 2554 5.
1001 2513 1072 2545 -ιδ
1091 2521 1188 2553 Exod.
1210 2530 1265 2560 xx,
1296 2527 1348 2561 ¹7·
1369 2518 1440 2549 -1,
1467 2520 1558 2553 Rom.
1581 2527 1615 2562 x,
1643 2517 1752 2562 14.—

358 2579 373 2605 ⁵
389 2580 471 2614 1051.
490 2592 527 2623 u,
548 2581 601 2614 32.
617 2577 685 2604 ...6
710 2591 721 2612 1
744 2582 817 2613 Cor.
838 2590 898 2621 ιιι,
917 2580 971 2611 28·
