1803 3250
335 156 419 193 336
766 161 800 191 s.
838 161 1069 192 Ausum-im
1102 164 1284 193 zmscom

334 230 512 275 omnino
544 227 701 272 infimis
735 228 900 286 eguisse
932 228 1174 274 credendus
1201 238 1278 273 est.
1305 230 1414 282 Quae
1445 237 1586 273 tamen
1616 230 1719 274 fecit

336 310 541 358 tanquam
578 297 794 342 bonorum
829 300 1023 344 omnium
1059 299 1334 344 constitutor.
1370 301 1479 344 Nam
1510 301 1719 344 Dominus

332 372 471 422 Jcsus,
499 383 574 427 per
601 383 734 428 quem
765 367 902 414 factus
930 380 993 415 est
1026 370 1242 425 mundus,
1276 385 1365 415 non
1388 369 1475 414 sola
1500 369 1717 425 coelestia,

331 440 404 484 sed
429 440 558 484 ctiam
581 441 812 495 terrestria,
839 457 1080 502 eorumque
1105 441 1370 486 terrestrium
1394 456 1495 501 quae
1517 441 1722 486 videntur

330 511 498 568 exigua,
536 513 673 554 Deum
711 526 875 556 creasse
910 522 952 557 et
981 528 1127 557 creare
1159 514 1217 557 sic
1242 511 1426 567 indicat,
1454 526 1555 555 cum
1584 511 1718 556 dicit:

334 602 352 624 «
379 583 420 627 Si
438 598 540 641 ergo
564 581 735 627 foenum
758 584 847 642 agri
865 584 986 645 quod
1006 585 1136 629 hodie
1159 594 1238 640 cst,
1264 594 1307 629 et
1325 600 1418 628 cras
1436 584 1480 627 in
1498 582 1722 628 clibanum

335 673 354 695 »
379 654 590 710 mittitur,
620 659 732 700 Deus
754 658 813 701 sic
834 657 984 711 vestit,
1012 666 1178 716 quanto
1200 657 1336 715 magis
1358 672 1435 700 vos
1460 654 1644 700 modicae
1666 655 1722 698 fi-

334 743 354 766 »
381 724 470 769 dei¹
489 727 506 769 3³
524 745 542 767 »
571 728 690 771 Unus
713 742 815 786 ergo
846 736 977 786 atque
1010 726 1125 770 idem
1153 730 1266 770 Deus
1289 735 1353 770 est
1373 726 1599 771 institutor
1620 725 1722 771 coeli

331 805 374 840 ct
398 806 537 851 tcrrae,
563 797 786 841 stellarum
810 806 851 840 et
874 797 1129 852 herbarum,
1149 796 1367 857 quidquid
1391 813 1609 851 mensura,
1629 797 1722 842 for-

330 883 399 911 ma
416 903 426 922 ‚
453 857 605 912 ordine
630 883 709 912 suo
732 877 901 912 constat
918 869 963 912 in
985 868 1100 913 coelo
1115 870 1216 913 etin
1237 878 1363 924 terra,
1385 870 1603 930 quidquid
1619 869 1724 913 vivit

331 939 373 982 in
399 938 511 982 coelo
534 948 576 983 et
598 938 642 981 in
673 949 810 994 terra,
843 939 1060 999 quidquid
1087 940 1218 984 sentit
1249 941 1295 984 in
1313 939 1426 985 coelo
1455 949 1498 984 et
1519 941 1563 984 in
1592 948 1723 995 terra,

330 1009 548 1068 quidquid
577 1008 779 1069 intelligit
804 1010 849 1055 in
886 1009 1001 1055 coelo
1044 1020 1086 1054 et
1126 1011 1172 1054 in
1201 1020 1330 1055 terra.
1372 1014 1481 1065 Quae
1524 1027 1613 1056 non
1653 1026 1725 1055 so-

331 1080 422 1124 lum
457 1080 519 1124 illi
567 1097 589 1125 a
631 1096 720 1141 quo
761 1091 863 1125 sunt
901 1081 1077 1126 condita
1100 1117 1110 1138 ,
1159 1083 1233 1126 sed
1277 1098 1357 1126 nec
1400 1083 1514 1126 inter
1553 1098 1597 1126 se
1636 1097 1726 1126 esse

333 1152 562 1210 oportebat
593 1151 777 1212 aequalia
801 1171 809 1197 :
836 1162 879 1196 et
915 1152 1014 1197 ideo
1038 1161 1140 1197 sunt
1181 1153 1342 1197 omnia.
1384 1155 1494 1198 Nam
1523 1154 1557 1197 si
1586 1161 1728 1198 essent

332 1221 536 1283 aequalia,
563 1238 702 1267 unum
731 1238 866 1281 genus
894 1224 1110 1268 bonorum
1140 1233 1274 1279 essct,
1306 1240 1395 1268 non
1415 1224 1577 1269 omnia.
1602 1227 1727 1270 Nunc

332 1311 436 1339 vero
461 1295 558 1340 ideo
580 1305 682 1340 sunt
705 1299 850 1340 omnia
872 1296 1000 1350 bona,
1022 1296 1125 1356 quia
1144 1306 1245 1340 sunt
1264 1295 1357 1340 aliis
1374 1296 1454 1340 alia
1471 1296 1664 1351 meliora,
1681 1303 1722 1339 et

334 1367 503 1411 bonitas
526 1367 779 1411 inferiorum
802 1366 924 1411 addit
945 1367 1150 1411 laudibus
1172 1367 1400 1411 meliorum
1420 1386 1427 1411 ε
1451 1376 1494 1410 ct
1518 1367 1562 1410 in
1580 1382 1724 1411 rerum

334 1437 548 1482 bonarum
567 1438 863 1498 inaequalitate
880 1438 970 1496 ipsa
992 1438 1263 1497 estjucunda
1283 1437 1478 1495 gradatio
1498 1473 1508 1493 ,
1535 1437 1612 1481 ubi
1640 1437 1721 1481 mi-

335 1524 490 1552 norum
514 1509 780 1568 comparatio
804 1507 1065 1567 ampliorum
1085 1518 1148 1553 est
1166 1509 1506 1553 commendatio.

394 1582 490 1623 Vll.
528 1583 588 1624 Ea
606 1595 708 1624 vero
724 1596 823 1640 quae
847 1578 1054 1624 dicuntur
1071 1580 1207 1635 mala,
1232 1590 1307 1625 aut
1329 1580 1431 1625 vitia
1455 1589 1557 1624 sunt
1583 1594 1728 1624 rerum

337 1651 567 1705 bonarum,
593 1666 693 1711 quae
714 1651 893 1695 omnino
912 1660 1029 1696 extra
1052 1667 1118 1695 res
1138 1652 1274 1696 bonas
1291 1666 1368 1711 per
1386 1667 1430 1695 se
1455 1651 1545 1710 ipsa
1567 1649 1728 1694 alicubi

334 1738 422 1766 esse
442 1738 531 1766 non
554 1732 758 1781 possunt,
787 1732 862 1767 aut
879 1723 1088 1783 supplicia
1104 1733 1399 1784 peccatorum,
1429 1739 1529 1783 quae
1557 1723 1612 1766 de
1631 1724 1728 1783 jus-

337 1794 439 1836 titiae
462 1792 790 1852 pulchritudine
819 1795 1015 1838 veniunt.
1048 1794 1131 1839 Sed
1156 1796 1247 1854 ipsa
1270 1810 1447 1855 quoque
1480 1794 1581 1838 vitia
1606 1794 1729 1838 testi-

336 1865 531 1908 monium
547 1865 779 1923 perhibent
793 1865 977 1909 bonitati
996 1874 1267 1909 naturarum.
1287 1865 1417 1919 Quod
1434 1866 1546 1909 enim
1565 1864 1728 1909 malum

336 1946 398 1979 cst
421 1952 497 1994 pcr
520 1936 690 1990 vitium,
718 1935 915 1995 profecto
938 1936 1102 1980 bonum
1126 1946 1189 1980 est
1214 1952 1290 1995 per
1313 1945 1531 1980 naturam.
1563 1936 1728 1979 Vitium

336 2007 499 2066 quippe
519 2016 670 2051 contra
693 2016 892 2051 naturam
917 2016 1007 2062 est,
1033 2007 1134 2066 quia
1158 2016 1325 2050 naturae
1346 2015 1475 2051 nocet
1506 2026 1514 2051 :
1543 2021 1624 2051 nec
1647 2021 1730 2051 no-

336 2087 467 2133 ccret,
495 2078 573 2122 nisi
594 2078 760 2122 bonum
785 2079 876 2139 ejus
895 2079 1123 2122 minueret.
1147 2080 1245 2124 Non
1262 2088 1326 2123 est
1343 2094 1446 2138 ergo
1464 2077 1626 2122 malum
1650 2078 1730 2122 nisi

339 2150 522 2209 privatio
555 2150 673 2193 boni.
708 2154 770 2195 Ac
801 2166 878 2210 per
899 2151 983 2194 hoc
1014 2165 1230 2210 nusquam
1253 2160 1316 2195 est
1347 2151 1428 2194 nisi
1457 2150 1502 2193 in
1522 2165 1567 2193 re
1587 2148 1731 2209 aliqua

342 2223 452 2264 bona
474 2239 483 2265 ;
507 2230 550 2264 et
571 2222 604 2264 si
625 2237 714 2265 non
736 2236 904 2265 summe
926 2221 1062 2275 bona,
1090 2221 1296 2281 quoniam
1321 2236 1490 2265 summe
1513 2221 1625 2265 bona
1661 2220 1733 2264 in-

339 2292 633 2351 corruptibilis
656 2302 699 2337 et
716 2292 1001 2337 immutabilis
1022 2301 1290 2351 perseverat,
1318 2302 1366 2336 ut
1386 2293 1497 2336 Deus
1520 2301 1614 2350 θεῖς
1639 2306 1729 2336 non

341 2374 487 2407 tamen
512 2364 591 2407 nisi
626 2364 670 2407 in
705 2364 834 2419 bona,
870 2364 1077 2425 quoniam
1108 2380 1198 2408 non
1228 2372 1357 2408 uocet
1386 2363 1467 2408 nisi
1492 2361 1732 2407 minuendo

341 2434 461 2494 quod
483 2434 650 2478 bonum
673 2445 751 2481 est.
773 2439 834 2481 Ac
849 2451 925 2496 per
938 2436 1022 2480 hoc
1043 2436 1156 2481 bona
1172 2436 1263 2480 sine
1280 2434 1404 2479 malis
1426 2450 1516 2480 esse.
1534 2443 1728 2494 possunt,

392 2527 398 2543 ¹
421 2520 533 2552 Matth.
550 2531 596 2560 vr,
613 2520 663 2552 30.
