1803 3250
343 178 423 208 211)
767 188 795 203 ³.
839 181 943 206 Aust
959 184 1066 207 >¹:131
1107 183 1168 206 ΕΜ
1195 184 1282 207 novi

334 247 540 303 quosdam
569 244 633 286 eii)
655 258 682 283 »ς
713 242 858 286 ‘licere
889 245 1159 288 immundos.
1202 261 1302 287 cum
1325 248 1412 305 ips(-
1451 258 1657 307 sequatur
1684 259 1728 294 et

332 317 447 360 dicat
472 335 479 359 :
505 313 652 358 Omnis
672 323 869 358 ereatura
892 317 966 359 Dei
994 317 1103 360 bona
1128 325 1204 360 est.
1229 319 1340 361 Cum
1362 318 1440 361 hie
1462 334 1486 362 a
1510 328 1551 363 te
1575 321 1725 378 exige·

332 402 422 431 rem
446 395 493 430 ut
521 383 827 442 responderes,
853 385 998 431 dixisti
1027 389 1324 432 Maniehaeum
1355 404 1430 433 vos
1461 391 1619 435 doeere
1640 391 1728 436 ini-

329 457 455 511 tium,
475 454 671 499 medium
689 464 733 500 et
752 456 906 513 tinem,
933 466 975 502 et
998 473 1174 503 cursum
1206 458 1307 504 solis
1329 468 1372 504 et
1394 459 1538 516 lunae,
1566 470 1610 505 et
1637 477 1728 506 cae-

327 536 417 571 tera
446 525 547 570 talia
568 561 584 582 ,
621 542 722 586 quae
762 543 866 573 eum
913 544 995 588 ego
1037 529 1313 574 ostenderem
1353 529 1407 575 ad
1443 532 1729 577 christianam

326 597 567 643 doctrinam
587 598 826 658 pertinere3
844 599 1104 659 respondisti
1117 602 1365 661 apostolum
1379 603 1523 662 ipsum
1540 602 1728 647 Paulum

328 668 494 725 dixisse,
518 670 622 731 quia
645 686 696 714 ex
717 680 840 730 parte
859 673 938 717 scit
967 681 1010 716 et
1032 688 1082 716 ex
1106 682 1228 732 parte
1251 675 1500 733 prophetat.
1528 674 1624 718 Dixi
1647 689 1728 720 nos

327 756 414 786 non
433 756 556 801 posse
572 741 681 786 seire
698 742 861 797 divina,
881 757 983 786 cum
999 758 1149 805 sumus
1172 744 1218 787 in
1240 743 1323 788 hae
1348 743 1460 803 vita3
1490 753 1534 789 et
1559 745 1630 789 hie
1659 746 1729 789 vi-

325 810 425 856 dere
453 827 530 872 per
550 811 780 872 speculum
812 821 855 856 et
884 812 931 856 in
952 812 1186 870 aenigmate
1202 848 1213 866 ‚
1239 822 1347 859 tunc
1368 824 1515 859 autem
1539 815 1651 860 faeie
1669 815 1727 860 ad

323 881 476 928 faciem
502 902 512 928 :
535 893 580 928 et
607 884 787 944 quaesivi
817 899 841 927 a
870 892 928 937 te,
964 884 998 928 si
1031 885 1114 928 hoc
1146 894 1275 945 putas
1297 886 1452 931 dixisse
1476 886 1726 947 apostolum

326 954 532 1010 Paulum,
563 954 687 1015 quod
718 963 930 999 venturus
959 965 1070 1000 esset
1091 958 1388 1010 Maniehaeus‚
1431 958 1510 1018 qui
1546 957 1727 1003 doceret

324 1023 445 1085 quod
464 1041 555 1070 non
585 1034 756 1084 poterat
787 1024 974 1081 Paulus,
1011 1027 1229 1085 pertinere
1249 1028 1307 1072 ad
1330 1038 1396 1081 te,
1432 1028 1507 1086 qui
1542 1036 1585 1071 te
1617 1028 1725 1073 dicis

325 1097 537 1157 accepisse
559 1098 702 1156 ipsum
724 1098 951 1157 Spiritum,
976 1098 1124 1142 videre
1143 1098 1275 1142 modo
1294 1101 1434 1143 Deum
1453 1099 1564 1144 faeie
1585 1100 1639 1144 ad
1660 1100 1726 1145 fa-

324 1169 448 1213 ciem.
481 1169 612 1223 Quod
643 1169 745 1229 quia
771 1185 860 1213 non
894 1178 1016 1228 potes
1035 1203 1046 1222 ,
1078 1169 1356 1214 manifestum
1386 1180 1450 1215 est
1477 1171 1726 1231 apostolum

325 1238 511 1284 Paulum
540 1239 595 1284 de
628 1238 702 1284 illa
736 1241 824 1284 vita
860 1239 1035 1294 dixisse,
1077 1239 1132 1284 de
1173 1256 1260 1301 qua
1297 1240 1402 1286 dicit
1441 1250 1485 1285 et
1514 1245 1722 1286 Joannes.

325 1328 346 1352 «
373 1311 666 1366 Dilectissimi,
692 1311 768 1355 filii
795 1312 870 1355 Dei
893 1327 1066 1367 sumus»,
1095 1321 1138 1356 et
1161 1312 1361 1356 nondum
1389 1315 1592 1373 apparuit
1614 1312 1725 1373 quid

326 1399 348 1423 »
372 1383 531 1428 erimus
551 1399 563 1428 :
587 1383 747 1428 seimus
765 1393 928 1438 autem,
949 1386 1050 1443 quia
1069 1399 1170 1428 eum
1193 1386 1469 1443 apparuerit,
1503 1385 1662 1430 similes
1683 1385 1724 1430 ei

325 1470 346 1494 »
371 1455 554 1511 erimus;
587 1454 799 1514 quoniam
829 1454 1075 1499 videbimus
1098 1470 1201 1498 eum
1230 1455 1359 1500 sicuti
1389 1458 1493 1500 est1.
1512 1477 1530 1499 »
1561 1459 1655 1501 Hoc
1676 1465 1724 1501 tn

321 1539 422 1569 cum
444 1526 651 1581 audisses,
676 1524 820 1569 dixisti
837 1535 878 1570 te
892 1541 983 1570 non
999 1524 1143 1570 valere
1159 1538 1311 1571 eontra
1326 1543 1466 1572 meam
1483 1529 1718 1571 virtutem:

322 1613 422 1657 quae
447 1598 584 1642 virtus
612 1612 709 1641 mea
731 1613 821 1641 non
854 1607 945 1653 est,
975 1597 1053 1642 sed
1078 1598 1112 1641 si
1135 1597 1282 1657 aliqua
1303 1608 1394 1653 est,
1428 1599 1484 1642 ab
1507 1599 1584 1643 illo
1614 1599 1722 1644 mihi

322 1667 423 1713 data
441 1679 505 1714 est
527 1668 583 1714 ad
602 1668 928 1727 redarguendos
950 1685 1138 1723 errores,
1161 1670 1237 1730 qui
1264 1671 1402 1714 virtus
1432 1679 1496 1714 est
1522 1671 1721 1715 omnium

322 1737 517 1784 fidelium
545 1755 752 1795 suorum,
784 1750 828 1784 et
859 1740 992 1799 pleno
1023 1740 1155 1785 corde
1187 1740 1243 1784 de
1269 1756 1314 1785 se
1342 1742 1717 1801 praesumentium.

322 1810 473 1854 Dixisti
502 1812 635 1856 etiam
658 1810 780 1871 quod
805 1820 846 1854 te
872 1811 1130 1870 episcopalis
1153 1820 1312 1855 terreat
1336 1813 1570 1857 auctoritas
1591 1832 1599 1858 :
1619 1827 1722 1857 cum

319 1878 469 1925 videas
484 1890 649 1940 quanta
664 1895 770 1941 pace
784 1881 828 1924 in
836 1889 898 1925 ter
912 1896 990 1925 nos
1007 1896 1203 1940 agamus,
1223 1891 1388 1942 quanta
1402 1882 1721 1943 tranquillitate

319 1949 593 2010 disputemus
611 1972 623 2010 3
651 1950 1028 2012 quemadmodum
1049 1952 1237 2012 populus
1253 1969 1441 2012 praesens
1456 1953 1624 1997 nullam
1639 1954 1720 1998 tibi

317 2021 408 2066 vim
422 2022 569 2079 faeiat,
590 2023 763 2067 nullum
785 2032 996 2068 terrorem
1013 2023 1215 2079 incutiat,
1240 2023 1315 2068 sed
1334 2024 1720 2085 tranquillissimus

319 2093 484 2149 audiat,
509 2094 621 2139 sieut
638 2096 765 2140 decet
785 2095 1068 2141 Christianos.
1093 2096 1244 2140 Dixisti
1262 2097 1392 2141 etiam
1416 2097 1570 2142 timere
1594 2106 1636 2141 te
1654 2096 1720 2142 le-

319 2180 392 2224 ges
415 2167 735 2224 Imperatorum
758 2185 766 2211 :
792 2167 877 2211 hoc
904 2182 984 2227 pro
1000 2183 1102 2212 vera
1126 2167 1215 2212 fide
1239 2183 1330 2212 non
1351 2169 1522 2213 timeret
1539 2203 1550 2224 ,
1583 2183 1718 2229 quem

320 2236 506 2295 Spiritus
519 2248 694 2283 sanetus
715 2236 918 2297 impleret
939 2256 948 2282 z
974 2253 1075 2282 nam
1094 2247 1137 2282 et
1156 2242 1308 2282 Petrus
1325 2239 1546 2297 apostolus
1561 2240 1606 2284 in
1620 2255 1718 2298 pas-

316 2307 438 2352 sione
456 2307 633 2353 Domini
654 2309 826 2362 timuit,
853 2315 898 2350 et
918 2315 983 2350 ter
1003 2309 1209 2366 negavit,
1236 2308 1313 2352 ubi
1335 2318 1483 2354 autem
1506 2326 1608 2355 eum
1632 2314 1715 2356 Pa-

312 2379 516 2436 racletus,
538 2394 672 2440 quem
691 2379 892 2425 Christus
918 2379 1190 2439 promiserat,
1223 2381 1405 2440 Spiritus
1435 2391 1610 2427 sanetus
1631 2383 1716 2428 im-

308 2449 467 2510 plevit,
492 2465 573 2510 pro
605 2448 693 2494 side
728 2448 900 2494 Domini
925 2449 1156 2494 crucifixus
1185 2459 1272 2503 est3
1297 2460 1341 2495 et
1369 2450 1443 2497 ille
1464 2452 1542 2513 qui
1572 2453 1714 2513 primo

360 2541 369 2558 ¹
393 2543 403 2564 1
425 2536 519 2569 Joan.
539 2545 593 2578 ιιι,
608 2544 645 2569 2.’
