1803 3250
299 216 354 257 42
734 221 767 253 s.
803 221 1034 253 Aucus-nm
1066 224 1248 254 Enscom

299 297 379 340 isto
401 306 534 352 regno
564 290 780 352 prioribus
802 299 845 336 et
867 291 1177 352 posterioribus
1199 292 1373 352 regibus
1395 294 1680 356 adimpletur.

358 365 563 410 XXXIX.
609 364 718 408 Cum
753 371 896 407 autem
931 362 1092 408 dicitur
1127 364 1183 408 de
1211 372 1336 424 patre
1371 380 1460 410 esse
1495 381 1685 412 sororem

300 437 457 483 Christi
488 434 721 479 Ecclesiam
740 471 750 488 ‚
788 450 877 479 non
905 436 959 479 de
993 444 1157 494 matre3
1187 451 1275 481 non
1305 446 1484 481 terrenae
1514 453 1686 497 genera-

303 508 427 552 tionis
462 521 562 567 quse
603 506 884 551 evacuabitur
908 541 918 560 ‚
965 506 1041 550 sed
1086 507 1234 566 gratiae
1276 508 1463 554 coelestis
1506 525 1606 571 quae
1643 511 1689 554 in

301 589 510 623 :eternum
548 578 772 632 manebit,
812 579 1014 638 cognatio
1049 579 1396 625 commendatur.
1440 581 1690 626 Secundum

301 666 432 712 quam
448 651 627 709 gratiam
642 666 778 710 genus
793 650 975 696 mortale
989 666 1077 696 non
1096 652 1274 707 erimus,
1292 661 1469 712 accepta
1484 662 1696 713 potestate

302 731 351 767 ut
374 721 449 765 filii
474 722 548 765 Dei
566 736 773 766 vocemur
794 730 837 766 et
861 722 994 767 simus
1009 724 1040 766 ¹.
1070 724 1223 783 Neque
1244 723 1361 767 enim
1384 723 1497 768 hanc
1515 723 1695 782 gratiam

305 794 359 838 de
384 796 612 852 Synagoga
632 802 769 837 matre
791 793 952 839 Christi
967 794 1212 838 secundum
1233 809 1426 849 carnem,
1446 794 1521 838 sed
1539 793 1593 839 de
1608 797 1699 838 Deo

305 875 426 926 patre
444 867 728 925 percepimus.
754 868 877 911 Hanc
894 880 996 910 vero
1014 865 1319 925 cognationem
1338 875 1553 911 terrenam
1567 902 1578 921 ‚
1596 881 1699 926 quae

307 936 361 980 ad
385 946 568 981 mortem
593 936 891 995 temporaliter
913 945 1090 995 generat
1108 971 1119 992 ,
1144 951 1303 981 vocans
1320 939 1366 980 in
1384 935 1511 981 aliam
1534 937 1668 980 vitam
1687 971 1699 992 ,

309 1008 386 1051 ubi
409 1007 557 1051 nullus
578 1008 779 1063 moritur,
806 1023 965 1068 negare
987 1023 1066 1053 nos
1087 1008 1286 1053 Christus
1309 1006 1460 1053 docuit
1477 1043 1487 1063 ‚
1522 1023 1613 1052 non
1634 1006 1702 1052 fa-

309 1079 386 1124 teri
405 1114 416 1134 ,
450 1094 550 1123 cum
581 1079 810 1139 Discipulis
848 1080 907 1124 ait
939 1098 948 1124 ε
992 1081 1094 1125 «Ne
1127 1080 1250 1124 vobis
1279 1079 1434 1124 dicatis
1464 1089 1632 1139 patrem
1657 1080 1702 1124 in

311 1170 331 1192 n
359 1161 495 1207 terra3
521 1167 635 1196 unus
665 1160 728 1196 est
751 1151 864 1195 enim
896 1154 1023 1196 Pater
1044 1161 1186 1197 vester
1212 1152 1288 1212 qui
1312 1151 1359 1195 in
1391 1150 1513 1196 coelis
1547 1153 1658 1196 est2.
1679 1170 1700 1193 η

309 1223 446 1282 Cujus
466 1222 526 1266 rei
549 1222 739 1281 praebuit
754 1221 1019 1282 exemplum,
1040 1222 1218 1283 quando
1234 1232 1276 1266 et
1298 1222 1388 1282 ipse
1403 1222 1512 1267 dixit
1530 1242 1538 1267 z
1564 1225 1704 1276 «Quae

314 1311 335 1334 »
360 1294 466 1337 mihi
497 1302 662 1347 mater,
700 1302 775 1337 aut
804 1294 879 1352 qui
918 1292 1137 1337 fratres‘?»
1162 1295 1217 1336 Et
1255 1292 1492 1338 extendens
1524 1308 1705 1337 manum

313 1379 442 1423 super
466 1363 705 1423 Discipulos
727 1364 785 1407 ait
807 1382 815 1407 :
846 1382 865 1405 «
885 1365 1054 1408 Hisunt
1077 1362 1229 1408 fratres
1250 1364 1378 1407 mei³.
1395 1381 1415 1405 »
1441 1367 1498 1408 Et
1515 1379 1569 1408 ne
1586 1364 1708 1424 quis-

315 1450 448 1495 quam
476 1436 521 1478 in
544 1436 627 1479 hoc
653 1433 869 1479 vocabulo
892 1444 1109 1478 terrenam
1131 1434 1438 1494 cognationem
1468 1435 1706 1494 cogitaret,

317 1505 515 1565 adjunxit
541 1524 549 1550 z
580 1524 597 1544 «
616 1508 670 1549 Et
690 1505 959 1565 quicumque
982 1503 1132 1549 fecerit
1149 1504 1422 1550 voluntatem
1445 1505 1583 1549 Patris
1606 1505 1707 1559 mei,

323 1596 340 1618 »
363 1577 450 1636 ipse
463 1576 569 1619 mihi
582 1575 730 1630 frater,
745 1584 949 1630 etmater‚
962 1584 1005 1619 et
1022 1590 1143 1619 soror
1160 1585 1223 1620 est
1242 1593 1285 1620 z»
1304 1584 1512 1635 tanquam
1525 1577 1709 1622 diceret:

320 1651 409 1692 Deo
432 1657 554 1707 patre
576 1648 688 1691 hanc
710 1647 1015 1705 cognationem
1038 1646 1211 1706 appello
1231 1682 1241 1702 ‚
1278 1663 1368 1693 non
1396 1648 1451 1692 de
1484 1650 1712 1708 Synagoga

318 1728 456 1763 matre
479 1737 487 1763 :
512 1719 567 1763 ad
589 1727 796 1762 aeternam
818 1718 982 1778 quippe
1004 1718 1138 1763 vitam
1159 1734 1277 1764 nunc
1299 1735 1424 1771 voco,
1440 1719 1515 1763 ubi
1535 1719 1713 1764 immor—

320 1789 463 1835 taliter
485 1798 612 1834 natus
628 1804 748 1845 sum3
775 1803 866 1833 non
889 1789 943 1832 ad
964 1789 1272 1850 temporalem,
1301 1789 1420 1834 unde
1442 1799 1492 1835 ut
1512 1805 1713 1836 vocarem

320 1860 514 1906 mortalis
534 1861 715 1905 eflectus
735 1875 848 1904 sum.

381 1934 476 1976 XL.
511 1930 641 1985 Quod
675 1946 777 1990 ergo
815 1930 1029 1987 Ecclesia,
1071 1933 1195 1993 cujus
1229 1947 1337 1977 uxor
1379 1933 1433 1978 sit
1470 1932 1717 1978 occultatur

324 2003 599 2062 alienigenis,
637 2004 759 2063 cujus
790 2012 934 2047 autem
968 2019 1089 2049 soror
1122 2019 1213 2048 non
1241 2013 1410 2049 tacetur
1429 2040 1440 2060 ,
1481 2005 1574 2049 haec
1604 2005 1718 2050 inte-

324 2076 407 2120 rim
437 2090 564 2119 causa
598 2074 725 2120 facile
757 2075 972 2130 occurrit,
1009 2075 1111 2135 quia
1139 2074 1361 2120 occultum
1394 2086 1433 2120 et
1465 2075 1643 2121 difficile
1664 2076 1719 2121 ad

325 2146 659 2206 intelligendum
683 2156 770 2200 est,
808 2145 1032 2206 quomodo
1066 2148 1207 2191 anima
1242 2148 1432 2192 humana
1465 2148 1611 2193 Verbo
1643 2149 1720 2193 Dei

327 2218 558 2278 copuletur
573 2254 583 2272 ‚
608 2219 697 2262 sive
715 2219 947 2263 misceatur
960 2254 971 2273 ,
997 2219 1086 2263 sive
1109 2220 1217 2278 quid
1235 2219 1389 2263 melius
1413 2229 1456 2263 et
1476 2220 1618 2279 aptius
1634 2220 1721 2265 dici

330 2298 499 2349 potest,
523 2303 624 2333 cum
646 2289 700 2333 sit
721 2288 831 2334 illud
854 2292 966 2333 Deus
983 2324 994 2344 ,
1019 2290 1097 2333 ista
1125 2299 1337 2334 creatura.
1367 2291 1616 2335 Secundum
1638 2291 1722 2336 hoc

334 2361 450 2404 enim
472 2374 653 2419 sponsus
675 2370 718 2404 et
735 2375 906 2420 sponsa,
926 2359 993 2403 vel
1011 2360 1076 2403 vir
1093 2369 1136 2404 et
1157 2376 1281 2415 uxor,
1301 2362 1498 2406 Christus
1517 2371 1560 2406 et
1574 2360 1725 2406 Eccle-

336 2430 396 2475 sia
418 2429 641 2474 dicuntur.
663 2432 755 2483 Qua
776 2445 879 2475 vero
903 2430 1163 2489 cognatione
1185 2431 1268 2474 sint
1293 2430 1444 2476 fratres
1466 2432 1661 2477 Christus
1683 2441 1726 2476 et

339 2516 489 2547 omnes
513 2501 649 2546 sancti
673 2501 807 2560 gratia
829 2500 991 2557 divina,
1017 2516 1107 2546 non
1131 2504 1506 2561 consanguinitate
1528 2512 1696 2548 terrena
1711 2538 1723 2558 ,

385 2588 398 2609 ¹
421 2598 433 2619 1
458 2588 552 2618 Joan.
576 2597 624 2625 ιιι,
652 2597 679 2617 ι.
701 2605 741 2611 -
758 2585 910 2627 ²‚Matth.
928 2584 1018 2627 xxiii,
1036 2597 1070 2628 9.
1083 2604 1124 2610 -
1140 2583 1217 2621 ³1d.
1237 2597 1294 2628 xn,
1313 2586 1367 2629 48.
