1803 3250
282 194 337 221 nn
369 190 484 222 Acris
515 194 606 221 CUM
638 192 787 221 fumea:
818 189 1068 232 MAmcHAEo,
1105 193 1187 220 Lu.
1223 193 1254 219 1.
1378 183 1461 224 207

72 262 218 306 chaeus
239 275 339 305 curn
360 260 669 321 praedicatione
699 275 774 304 sua
788 293 799 313 ,
828 267 871 303 et
900 260 1167 319 suscepimus
1188 274 1290 304 eum
1307 273 1464 306 secun-

72 331 178 375 dum
205 331 326 392 quod
358 333 556 377 Christus
592 330 730 374 dixit:
759 330 927 375 «Mitto
949 332 1072 376 vobis
1101 332 1310 391 Spiritum
1339 347 1465 378 sanc-

73 420 93 444 »
116 411 211 447 tum
229 405 240 427 ¹
263 423 272 448 ε
297 422 317 444 »
343 413 387 447 et
414 402 571 447 Paulus
592 402 713 447 venit
735 411 778 445 et
799 400 933 456 dixit,
959 402 1061 462 quia
1080 414 1123 447 et
1146 403 1236 463 ipse
1257 412 1469 450 venturus

71 482 157 527 est,
182 484 226 518 et
244 485 391 534 postea
412 489 542 518 nemo
562 474 681 517 venit
704 492 714 519 ι
739 473 838 517 ideo
861 474 1127 532 suscepimus
1144 476 1436 520 Manichaeum
1454 510 1467 532 ‚

70 553 114 588 et
135 546 237 604 quia
258 546 378 591 venit
399 545 683 599 Manicheam,
710 552 753 588 et
777 559 852 603 per
879 559 1001 588 suam
1020 544 1375 603 praedicationem
1393 547 1472 592 do-

69 616 160 660 cuit
183 633 259 661 nos
280 617 455 660 initium
472 651 483 671 ‚
509 615 704 660 medium
721 624 764 660 et
783 616 915 659 finem
939 634 948 660 ε
969 615 1122 660 docuit
1138 632 1216 662 nos
1234 616 1289 661 de
1308 616 1471 664 fabrica

70 687 252 744 mundi,
277 704 411 749 quare
429 688 542 733 facta
560 697 640 744 est,
657 697 701 732 et
722 687 842 731 unde
860 686 976 732 facta
994 696 1073 743 est,
1094 697 1138 732 et
1154 689 1231 748 qui
1246 687 1468 736 fecerunt:

70 758 224 803 docuit
241 776 319 804 nos
340 776 476 821 quare
498 759 589 805 dies
610 769 654 804 et
677 775 813 820 quare
833 775 920 804 nox
940 780 951 817 3
981 758 1134 805 docuit
1163 775 1242 805 nos
1263 761 1320 804 de
1340 775 1474 806 cursu

69 829 169 874 solis
190 841 234 875 et
254 831 372 876 lunae
398 850 408 876 :
434 832 535 891 quia
560 832 642 876 hoc
670 832 715 876 in
743 831 880 876 Paulo
903 847 993 876 non
1015 831 1288 888 audivimus,
1315 848 1397 877 nec
1426 833 1473 878 in

69 912 326 946 caeterorum
352 903 663 961 Apostolorum
687 904 910 963 scripturis
935 925 942 948 z
964 905 1047 949 hoc
1083 903 1303 949 credimus
1320 940 1331 960 ,
1365 905 1471 965 quia

68 973 159 1031 ipse
180 983 244 1018 est
267 972 528 1018 Paracletus.
552 977 707 1034 Itaque
730 974 842 1019 illud
867 976 1028 1019 iterum
1046 975 1162 1029 dico,
1195 977 1317 1036 quod
1346 991 1474 1034 supe-

67 1043 156 1087 rius
178 1043 266 1087 dixi
288 1063 297 1089 z
326 1045 369 1089 Si
400 1044 579 1089 audiero
607 1045 653 1089 in
685 1047 820 1090 altera
851 1047 1093 1105 scriptura,
1119 1047 1199 1090 ubi
1222 1047 1472 1093 Paracletus

65 1113 278 1175 loquitur,
303 1115 349 1159 id
373 1124 462 1170 est,
491 1117 675 1175 Spiritus
696 1126 870 1161 sanctus
886 1152 897 1171 ,
923 1116 979 1161 de
1007 1133 1096 1176 quo
1123 1116 1306 1163 voluero
1333 1119 1472 1163 inter-

67 1201 236 1245 rogare,
257 1195 301 1231 et
318 1187 519 1232 docueris
540 1203 635 1241 me,
662 1186 793 1231 credo
811 1197 854 1230 et
877 1186 1099 1230 renuntio.
1120 1205 1141 1228 »

123 1260 180 1302 X.
215 1261 329 1303 Aue.
372 1258 481 1303 dixit
509 1278 518 1304 :
545 1259 658 1302 Dicis
694 1265 738 1300 te
775 1257 875 1301 ideo
912 1273 1002 1301 non
1041 1257 1219 1302 credere
1256 1260 1470 1319 Spiritum

66 1338 263 1374 sanctum
280 1329 551 1373 Paracletum
574 1328 620 1372 in
644 1327 781 1373 Paulo
800 1327 1000 1387 apostolo
1017 1328 1166 1385 fuisse,
1183 1330 1285 1390 quia
1310 1332 1472 1377 Paulus

66 1399 172 1444 dicit
190 1419 199 1444 ;
227 1402 329 1444 «Ex
343 1409 465 1459 parte
477 1398 595 1443 enim
613 1399 787 1454 scimuS,
804 1409 914 1444 etex
929 1409 1051 1459 parte
1063 1402 1427 1460 prophetamus2:
1448 1422 1466 1444 »

63 1480 107 1516 et
128 1471 231 1515 inde
249 1480 374 1531 putas
392 1471 651 1531 Apostolum
673 1486 749 1531 per
772 1472 866 1515 haec
887 1472 1021 1516 verba
1044 1472 1309 1532 praedixisse,
1335 1474 1465 1520 velut

64 1541 198 1587 alium
219 1553 457 1588 venturum
478 1552 576 1602 post
594 1558 665 1598 se,
695 1543 772 1602 qui
793 1542 1050 1602 praedicaret
1078 1544 1224 1588 omnia
1248 1560 1348 1604 quae
1371 1545 1466 1605 ipse

65 1629 156 1658 non
178 1615 339 1673 potuit,
366 1615 468 1674 quia
487 1630 539 1658 ex
560 1623 682 1673 parte
704 1614 901 1671 dicebat,
927 1623 970 1658 et
997 1616 1116 1659 hunc
1145 1624 1194 1659 tu
1214 1615 1354 1660 credis
1378 1632 1470 1662 esse

64 1685 374 1731 Manichaeum.
396 1686 539 1730 Primo
552 1700 653 1743 ergo
672 1700 724 1728 ex
738 1684 829 1744 ipsa
846 1685 1035 1730 lectione
1047 1686 1245 1745 Apostoli
1262 1686 1464 1743 ostendo,

64 1755 185 1802 unde
201 1755 377 1801 dicebat
390 1757 474 1801 hoc
489 1757 739 1815 Apostolus.
762 1757 929 1801 Deinde
946 1758 1047 1818 quia
1065 1758 1225 1815 dixisti,
1247 1759 1366 1820 quod
1379 1763 1469 1805 Ma-

65 1829 261 1872 nichaeus
280 1843 356 1873 vos
373 1827 571 1872 docuerit
588 1828 762 1871 initium
777 1862 788 1882 ‚
814 1828 1008 1872 medium
1031 1838 1074 1873 et
1101 1830 1258 1885 finem,
1288 1840 1331 1875 et
1353 1847 1468 1891 quo-

63 1899 197 1944 modo
214 1899 284 1944 vel
306 1915 441 1961 quare
463 1899 604 1944 factus
621 1899 676 1943 sit
698 1898 906 1954 mundus,
924 1901 979 1944 de
993 1916 1124 1945 cursu
1145 1901 1246 1946 solis
1264 1910 1308 1945 et
1324 1901 1469 1960 lunae3

65 1981 108 2017 et
129 1971 184 2016 de
208 1971 302 2016 aliis
323 1988 423 2031 quae
450 1971 799 2016 commemorasti
823 1990 832 2016 z
858 1987 947 2016 non
974 1972 1136 2031 legitur
1158 1973 1205 2017 in
1230 1973 1470 2032 Evangelio

65 2043 304 2088 Dominum
326 2042 484 2087 dixisse
505 2062 514 2087 ι
539 2043 668 2088 Mitto
684 2042 809 2087 vobis
823 2042 1093 2088 Paracletum
1115 2045 1192 2104 qui
1213 2060 1289 2090 vos
1310 2046 1467 2091 doceat

65 2114 121 2160 de
141 2131 271 2160 cursu
298 2114 399 2160 solis
416 2124 459 2159 et
481 2115 616 2159 lunae.
643 2114 912 2160 Christianos
939 2115 1058 2159 enim
1089 2114 1231 2160 facere
1259 2116 1464 2172 volebat,

65 2201 156 2231 non
168 2186 515 2232 MathematicOS.
536 2186 705 2231 Sufficit
722 2195 870 2230 autem
887 2195 936 2230 ut
950 2186 1148 2231 homines
1166 2188 1222 2232 de
1237 2187 1303 2232 his
1319 2188 1464 2243 rebus,

64 2269 281 2320 quantum
299 2261 344 2305 in
363 2259 511 2305 schola
534 2258 799 2314 didicerunt,
827 2259 1029 2303 noverint
1050 2268 1229 2319 propter
1246 2260 1467 2304 humanos

65 2343 185 2372 usus.
209 2331 407 2375 Christus
432 2339 578 2375 autem
598 2339 831 2375 venturum
856 2329 1133 2375 Paracletum
1150 2331 1272 2386 dixit,
1297 2331 1375 2390 qui
1399 2330 1468 2374 in-

69 2400 203 2444 ducat
232 2398 279 2442 in
313 2413 491 2442 omnem
524 2401 784 2447 veritatem:
810 2403 888 2446 sed
923 2418 1013 2447 non
1043 2402 1106 2446 ibi
1143 2402 1230 2453 ait,
1259 2401 1464 2456 initium,

69 2469 262 2515 medium
285 2469 516 2526 et'finem3
543 2482 635 2513 non
666 2467 750 2523 ait,
775 2465 875 2512 solis
898 2474 942 2512 et
969 2464 1090 2511 lunae
1111 2482 1278 2513 cursus.
1312 2471 1402 2516 Aut
1430 2470 1466 2515 si

118 2560 129 2579 ¹
147 2556 239 2589 Joan.
256 2564 321 2597 xvi,
346 2565 377 2597 7.
396 2570 439 2578 --
456 2559 470 2577 ²
485 2562 506 2587 2
521 2554 593 2587 Cor.
614 2562 684 2594 κω,
704 2562 739 2595 9.
