1803 3250
430 231 593 260 comma
627 229 841 266 FAUsTUM,
877 229 959 256 Lm.
994 229 1101 256 xxx.
1374 216 1455 256 155

76 309 168 344 tum
189 300 427 352 Joannem,
455 297 532 356 qui
566 310 642 355 per
675 293 843 337 diversa
872 291 1183 351 professionem
1206 292 1309 337 boni
1334 293 1456 338 istius

70 370 183 414 iuter
202 367 389 426 virgines
406 382 454 412 ac
475 379 632 426 pueros
653 363 802 409 divino
823 363 1044 421 praeconio
1066 364 1336 419 cecinerunt,
1361 364 1455 409 for-

69 453 183 483 mam
204 438 329 482 nobis
351 446 482 497 atque
513 433 621 479 adeo
647 433 769 478 vobis
791 433 892 492 ipsis
914 432 1212 477 faciendarum
1233 433 1453 492 virginum

69 508 379 567 relinquentes.
416 504 501 550 Sed
527 504 606 548 hos
630 502 833 564 quidem,
858 511 908 547 ut
939 502 1050 557 dixi,
1084 511 1317 561 praetereo,
1355 505 1458 564 quia

66 593 138 623 eos
157 575 393 622 exclusistis
406 589 461 618 ex
475 575 653 620 Canone
664 607 675 629 ‚
699 571 916 632 facileque
935 581 1082 617 mente
1095 571 1302 632 sacrilega
1320 584 1459 621 vestra

64 647 384 694 daemoniorum
404 644 471 689 his
488 643 668 704 potestis
682 642 919 703 importare
937 641 1172 688 doctrinas.
1194 645 1311 689 Num
1328 644 1459 702 igitur

63 727 108 763 et
139 716 196 761 de
231 715 404 762 Christo
436 713 589 759 eadem
626 712 771 759 dicere
804 712 1022 773 poteritis,
1063 721 1140 758 aut
1170 713 1226 758 de
1259 715 1459 773 apostolo

65 785 224 842 Paulo,
253 799 387 845 quem
407 783 605 829 similiter
624 783 792 844 ubique
814 791 1012 839 constat,
1047 791 1089 828 et
1120 783 1255 829 verbo
1286 798 1459 844 semper

64 856 304 919 praetulisse
323 856 471 916 nuptis
490 856 716 916 innuptas,
736 865 780 901 et
800 855 847 900 id
869 870 1000 916 opere
1021 870 1200 917 quoque
1222 854 1461 902 ostendisse

62 944 166 989 erga
187 928 503 974 sanctissimam
529 926 772 972 Theclam?
798 926 930 980 Quod
955 927 990 971 si
1017 927 1113 972 haec
1140 926 1459 973 daemoniorum

62 999 266 1045 doctrina
284 1014 375 1045 non
394 997 480 1043 fuit
495 1032 507 1053 ,
531 1013 664 1059 quam
684 1006 727 1043 ct
751 996 924 1042 Theclae
944 997 1122 1053 Paulus,
1146 1006 1191 1042 et
1210 999 1354 1043 caeteri
1375 1014 1461 1044 cae-

63 1070 163 1116 teris
193 1070 568 1114 annuntiaverunt
589 1067 815 1128 Apostoli,
841 1068 912 1112 cui
933 1068 1054 1112 credi
1071 1070 1162 1128 jam
1183 1070 1346 1128 poterit
1374 1071 1459 1115 hoc

62 1141 118 1186 ab
143 1140 239 1200 ipso
261 1153 353 1184 esse
379 1146 673 1184 memoratum
686 1172 699 1193 ‚
726 1146 939 1197 tanquam
959 1138 1017 1182 sit
1038 1137 1358 1184 daemoniorum
1378 1155 1459 1186 vo-

61 1211 208 1256 luntas
226 1218 271 1254 et
291 1209 507 1265 doctrina,
528 1208 659 1253 etiam
673 1207 895 1268 persuasio
911 1209 1222 1254 sanctimonii?
1241 1211 1340 1258 Non
1355 1226 1458 1271 ergo

61 1290 127 1326 est
147 1280 325 1325 interim
345 1279 468 1341 quod
483 1294 560 1324 vos
581 1278 831 1323 existimetis
851 1278 953 1324 solis
970 1280 1257 1326 hortamentis
1272 1282 1460 1340 virgines

63 1351 222 1407 facere,
245 1359 290 1395 et
310 1365 403 1395 non
422 1349 720 1410 prohibitione
742 1349 958 1396 nubendi.
985 1351 1120 1398 Nobis
1142 1352 1260 1396 enim
1281 1368 1460 1413 quoque

61 1424 148 1468 hoc
159 1423 304 1482 ipsum
314 1420 495 1465 insitum
508 1429 574 1465 est
590 1439 601 1466 ε
616 1428 660 1465 et
672 1419 851 1465 demens
863 1419 1063 1480 profecto
1075 1421 1165 1478 ille,
1181 1438 1271 1468 non
1285 1432 1457 1469 tantum

61 1490 222 1539 stultus
228 1492 454 1552 putandus
466 1499 547 1547 est,
564 1491 642 1551 qui
656 1490 703 1535 id
713 1491 928 1538 existimet
942 1491 1040 1552 lege
1054 1492 1222 1552 privata
1235 1494 1457 1554 prohiberi

62 1578 205 1625 posse,
228 1562 353 1625 quod
366 1563 421 1608 sit
437 1562 616 1623 publica
631 1577 886 1608 concessum
908 1582 918 1608 ε
936 1564 1035 1610 dico
1049 1574 1192 1610 autern
1209 1567 1294 1612 hoc
1315 1567 1457 1626 ipsum

61 1636 244 1682 nubere.
271 1637 549 1694 Quapropter
570 1643 614 1679 et
634 1649 714 1679 nos
732 1634 963 1680 hortamur
988 1635 1169 1697 quidem
1189 1637 1386 1683 volentes
1409 1647 1459 1683 ut

61 1713 348 1767 permaneant
363 1739 376 1761 ‚
395 1719 487 1749 non
504 1713 653 1749 tamen
669 1704 867 1763 cogimus
887 1705 1044 1752 invitas
1058 1715 1110 1752 ut
1122 1708 1348 1753 accedant.
1368 1711 1458 1755 No-

61 1777 204 1823 vimus
224 1776 344 1821 enim
363 1783 582 1836 quantum
597 1774 801 1820 voluntas
812 1810 824 1832 ‚
848 1786 1066 1836 quantum
1080 1787 1124 1823 et
1140 1788 1310 1824 naturae
1322 1779 1457 1839 ipsius

64 1849 128 1896 vis
149 1848 279 1894 etiam
294 1856 447 1894 contra
463 1845 608 1907 legem
625 1846 849 1907 publicam
869 1847 1033 1905 valeat,
1064 1851 1229 1895 nedum
1252 1851 1457 1897 adversus

66 1920 281 1981 privatam
295 1953 308 1976 ‚
331 1919 403 1964 cui
423 1917 686 1978 respondere
699 1917 754 1964 sit
767 1917 958 1964 liberum
979 1939 988 1967 :
1012 1920 1139 1967 Nolo.
1160 1922 1205 1968 Si
1222 1922 1356 1982 igitur
1372 1923 1458 1969 hoc

66 1991 200 2037 modo
216 1991 406 2051 virgines
423 1988 566 2035 facere
578 1989 671 2035 sine
682 1990 865 2036 crimine
879 2001 959 2048 est,
981 2001 1102 2038 extra
1118 1993 1293 2054 culpam
1307 2009 1457 2041 sumus

65 2071 110 2108 et
129 2077 210 2108 nos
230 2081 243 2109 ι
263 2062 331 2107 sin
350 2076 533 2123 quoquo
555 2076 714 2121 genere
735 2062 922 2121 virgines
945 2061 1087 2109 facere
1108 2065 1273 2110 crimen
1287 2074 1375 2121 est,
1393 2066 1456 2110 rei

65 2133 165 2179 estis
195 2141 240 2178 et
270 2148 364 2179 vos.
393 2135 492 2179 Jam
518 2148 607 2194 qua
636 2141 786 2179 mente
814 2142 892 2179 aut
911 2134 1092 2180 consilio
1113 2135 1198 2181 hoc
1225 2136 1455 2182 adversum

67 2218 148 2249 nos
163 2202 410 2264 capitulum
429 2202 659 2264 proferatis
673 2239 685 2260 ,
711 2219 794 2265 ego
813 2220 905 2250 non
925 2204 1067 2251 video.
1081 2223 1103 2248 »

123 2275 180 2318 V.
205 2275 475 2334 Augustinus
491 2273 740 2335 respondit:
762 2274 878 2322 Audi
895 2290 1013 2335 ergo,
1033 2275 1155 2336 quod
1175 2276 1395 2322 confiteris
1412 2285 1457 2323 te

66 2359 158 2389 non
187 2343 361 2401 videre,
391 2360 480 2405 qua
506 2354 654 2391 mente
684 2355 759 2392 aut
785 2345 966 2392 consilio
997 2347 1082 2392 hoc
1118 2347 1350 2393 adversum
1379 2362 1456 2394 vos

24 2470 28 2474 ι
67 2415 310 2475 capitulum
330 2414 604 2477 proferamus
626 2435 636 2463 :
661 2432 753 2463 non
772 2417 896 2478 quod
916 2433 941 2463 a
961 2417 1164 2463 carnibus
1184 2418 1453 2475 abstineatis,

70 2500 174 2531 nam
187 2486 273 2532 hoc
289 2503 314 2533 a
329 2487 592 2549 quibusdam
604 2496 648 2533 et
662 2488 793 2549 primi
808 2497 952 2549 patres
964 2489 1101 2535 nostri
1113 2490 1328 2546 fecerunt,
1343 2491 1454 2535 sicut

68 2571 405 2620 commemoras3
428 2574 519 2606 non
543 2568 692 2605 tamen
712 2574 762 2606 ea
788 2560 1049 2618 damnandi,
1079 2560 1155 2608 sed
1181 2559 1453 2622 significandi
