1803 3250
334 175 416 213 126
765 185 796 208 s.
833 183 1063 211 AUGUSTffll
1098 185 1277 211 muscum

328 264 499 294 rursum
515 248 629 292 idem
653 247 884 306 Apostolus
902 250 1019 293 testis
1041 258 1106 294 est
1123 284 1134 303 ‚
1158 249 1234 293 ubi
1252 249 1356 292 dicit
1378 267 1386 292 :
1412 268 1429 288 ι(
1450 252 1600 309 Neque
1616 265 1714 293 mu-

329 338 349 362 »
379 319 459 363 lier
479 318 573 362 sinc
595 318 706 373 viro,
731 333 875 379 neque
895 319 960 364 vir
981 319 1074 363 sine
1096 319 1278 363 muliere
1298 319 1343 363 in
1365 320 1550 364 Domino
1575 338 1585 364 ;
1606 320 1718 364 si'cut

325 408 344 432 »
370 390 487 434 enim
509 388 666 433 mulier
687 403 738 433 ex
760 389 854 435 viro
870 425 881 446 ,
920 391 977 435 ita
1007 400 1050 434 et
1077 392 1142 435 vir
1171 406 1247 450 per
1277 390 1504 435 mulierem
1521 425 1532 445 ,
1565 391 1713 435 omnia

325 479 345 502 »
372 469 518 505 autem
539 475 589 504 ex
613 461 745 505 Deo¹.
782 479 802 503 «
821 460 939 514 Quid
961 460 1016 505 ad
1039 462 1131 506 haec
1150 460 1256 506 dicit
1276 462 1423 521 inepta
1445 460 1615 505 fallacia
1632 462 1717 505 ho-

322 533 491 578 minum
508 531 796 578 alienatorum
815 549 838 579 a
855 533 942 578 vita
960 534 1037 578 Dei
1056 549 1132 593 per
1154 535 1459 593 ignorantiam,
1477 549 1576 594 quae
1595 542 1658 578 est
1672 534 1716 578 in

319 602 402 648 illis
423 613 602 664 propter
619 605 859 649 eaecitatem
874 604 1016 650 cordis
1033 621 1185 649 corum
1199 641 1209 660 ,
1236 607 1314 649 nisi
1333 640 1344 660 ,
1378 609 1429 649 ln
1452 603 1713 664 Apostolicis

320 675 473 721 litteris
495 676 616 737 quod
647 676 850 721 volumus
880 692 1033 721 verum
1056 687 1146 732 est,
1176 678 1297 737 quod
1327 677 1534 721 nolumus
1556 675 1714 721 falsum

318 750 412 792 est?
435 749 504 793 Sic
533 748 720 792 delirant
743 749 975 793 Manichaei
1006 767 1015 793 ι
1041 748 1117 792 sed
1145 748 1397 807 resipiscant
1412 784 1423 803 ,
1454 758 1498 792 et
1518 764 1607 793 non
1630 749 1717 792 sint

317 819 562 865 Manichaei.
582 820 789 879 Aquilius
811 820 844 863 si
862 820 1091 879 quaeritur,
1107 820 1345 879 (quoniam
1364 820 1613 865 interiorem
1635 821 1715 864 ho·

318 892 479 935 minem
509 892 706 935 renovari
735 891 788 934 ad
811 891 1044 947 imaginem
1068 891 1145 934 Dei
1168 890 1388 948 fatentur,
1414 901 1458 935 et
1483 893 1564 935 hoc
1589 892 1714 935 testi-

316 963 515 1006 monium
532 962 650 1006 ultro
663 962 793 1006 etiam
817 960 1048 1022 proferunt
1068 971 1199 1007 :tunc
1217 973 1365 1007 autem
1383 962 1489 1007 dicit
1505 966 1708 1018 Faustus,

314 1031 434 1092 quod
456 1035 569 1077 Deus
593 1031 721 1077 faciat
744 1033 984 1088 hominem,
1006 1033 1184 1094 quaudo
1207 1034 1388 1078 interior
1410 1035 1456 1077 in
1478 1034 1555 1078 Dei
1585 1033 1712 1093 agni-

316 1104 433 1149 tione
455 1114 717 1150 renovatur:
734 1107 750 1163 )
769 1114 917 1149 utrum
937 1120 1038 1149 eum
1057 1106 1147 1164 ipse
1166 1105 1317 1150 fecerit
1338 1107 1414 1166 qui
1442 1106 1602 1160 reficit,
1624 1106 1715 1165 ipse

313 1176 558 1221 condiderit
579 1177 657 1238 qui
677 1186 857 1221 renovat
879 1195 888 1222 :
912 1177 1243 1237 respondebunt
1265 1197 1273 1222 :
1293 1181 1405 1237 Ipse.
1426 1178 1510 1222 Cui
1527 1193 1711 1237 respon-

311 1247 421 1292 sioni
455 1263 624 1303 eorum,
656 1248 689 1292 si
718 1247 971 1309 adjiciamus
988 1283 999 1303 ,
1031 1258 1277 1309 quaerentes
1300 1250 1480 1309 quando
1503 1264 1603 1292 eum
1623 1248 1713 1293 for-

313 1319 509 1374 maverit,
521 1335 654 1381 quem
669 1335 787 1364 nunc
800 1318 1007 1364 reformat
1023 1339 1031 1364 ε
1047 1329 1246 1380 quaerent
1263 1320 1341 1364 ubi
1358 1335 1402 1364 se
1417 1319 1707 1376 abscondant,

311 1405 367 1434 ne
388 1390 550 1435 fabulae
567 1407 656 1435 suae
679 1390 869 1435 dedecus
885 1391 1052 1450 aperire
1075 1400 1300 1449 cogantur.
1327 1393 1479 1451 Neque
1501 1391 1619 1435 enim
1635 1391 1707 1436 di-

309 1473 417 1507 cunt
438 1479 462 1508 a
484 1466 574 1508 Deo
598 1462 835 1508 formatum
857 1462 927 1507 vel
942 1463 1170 1507 conditum
1185 1462 1253 1507 vel
1268 1464 1535 1519 institutum,
1556 1463 1631 1507 sed
1647 1463 1704 1507 de

309 1535 549 1579 substantia
570 1536 662 1595 ejus
688 1543 855 1593 partem
878 1549 1053 1593 prorsus
1075 1535 1167 1593 ejus
1195 1534 1402 1578 adversus
1432 1535 1577 1578 hostes
1605 1535 1710 1578 mis-

307 1620 421 1650 sam:
441 1621 520 1650 nec
540 1616 720 1666 peccato
743 1607 1050 1660 inveteratum,
1070 1604 1144 1649 sed
1163 1606 1415 1649 necessitate
1433 1605 1705 1664 captivatum

307 1685 351 1720 et
372 1676 667 1722 deformatum
691 1679 747 1723 ab
770 1677 981 1733 inimicis,
1008 1685 1050 1721 ct
1073 1686 1228 1722 caetera
1249 1677 1454 1737 quaejam
1478 1676 1612 1721 taedet
1635 1676 1708 1721 di-

306 1761 417 1792 cere.
445 1748 514 1792 Ibi
535 1749 651 1793 enim
673 1758 716 1793 et
741 1749 930 1808 primum
958 1747 1182 1792 hominem
1209 1756 1582 1802 commemorant,
1616 1763 1708 1792 non

305 1833 440 1877 quem
462 1818 567 1863 dicit
583 1818 818 1879 Apostolus
829 1818 884 1862 de
897 1827 1009 1862 terra
1023 1827 1248 1862 terrenum
1261 1821 1294 1873 2,
1320 1819 1395 1863 sed
1411 1819 1555 1863 nescio
1568 1833 1707 1878 quem

305 1902 434 1933 suum
457 1890 685 1949 proprium
719 1905 769 1933 ex
805 1904 901 1934 arca
936 1888 1266 1933 mendaciorum
1288 1889 1584 1948 prosilientem
1611 1908 1619 1934 :
1646 1889 1703 1933 de

306 1974 396 2019 quo
419 1962 604 2005 Faustus
627 1969 740 2005 tacet
761 1960 958 2015 omnino,
973 1974 1074 2003 cum
1092 1959 1148 2004 de
1162 1959 1340 2004 homine
1360 1959 1443 2004 sibi
1460 1975 1702 2020 proposue-

308 2028 365 2073 rit
381 2031 697 2091 quaestionem3
721 2031 879 2075 timens
902 2045 957 2076 ne
975 2029 1125 2090 aliquo
1150 2030 1283 2076 modo
1305 2032 1390 2087 eis,
1418 2040 1571 2076 contra
1594 2046 1708 2091 quos

310 2099 526 2161 disputat,
549 2103 807 2148 innotescat.

361 2205 369 2222 ¹
395 2210 407 2231 1
429 2201 501 2233 Cor.
539 2210 584 2233 xx.
609 2210 660 2232 ιι.
680 2217 719 2223 --
736 2206 748 2221 2
772 2199 818 2232 Id.
841 2209 896 2240 xv,
915 2195 972 2239 47.
