<?xml version="1.0" encoding="UTF-8"?>
<!DOCTYPE html PUBLIC "-//W3C//DTD XHTML 1.0 Transitional//EN"
    "http://www.w3.org/TR/xhtml1/DTD/xhtml1-transitional.dtd">
<html xmlns="http://www.w3.org/1999/xhtml" xml:lang="en" lang="en">
 <head>
  <title>
</title>
<meta http-equiv="Content-Type" content="text/html;charset=utf-8" />
  <meta name='ocr-system' content='tesseract 3.04.00' />
  <meta name='ocr-capabilities' content='ocr_page ocr_carea ocr_par ocr_line ocrx_word'/>
</head>
<body>
  <div class='ocr_page' id='page_1' title='image "./operaomniaaccura29auguuoft/operaomniaaccura29auguuoft_0100.png"; bbox 0 0 1803 3250; ppageno 0'>
   <div class='ocr_carea' id='block_1_1' title="bbox 329 193 1267 232">
    <p class='ocr_par' dir='ltr' id='par_1_1' title="bbox 329 193 1267 232">
     <span class='ocr_line' id='line_1_1' title="bbox 329 193 1267 232; baseline 0 -1"><span class='ocrx_word' id='word_1_1' title='bbox 329 193 384 231; x_wconf 87' lang='lat'>90</span> <span class='ocrx_word' id='word_1_2' title='bbox 754 198 789 230; x_wconf 87' lang='lat' dir='ltr'>S.</span> <span class='ocrx_word' id='word_1_3' title='bbox 823 200 1054 231; x_wconf 69' lang='lat' dir='ltr'>Aucus&#39;rffll</span> <span class='ocrx_word' id='word_1_4' title='bbox 1086 203 1267 232; x_wconf 72' lang='lat' dir='ltr'>nmscom</span> 
     </span>
    </p>
   </div>
   <div class='ocr_carea' id='block_1_2' title="bbox 327 265 1734 2523">
    <p class='ocr_par' dir='ltr' id='par_1_2' title="bbox 327 265 1734 2523">
     <span class='ocr_line' id='line_1_2' title="bbox 327 265 1719 331; baseline 0.003 -19"><span class='ocrx_word' id='word_1_5' title='bbox 327 268 469 312; x_wconf 90' lang='lat' dir='ltr'>divina</span> <span class='ocrx_word' id='word_1_6' title='bbox 492 265 764 326; x_wconf 85' lang='lat' dir='ltr'>providentia</span> <span class='ocrx_word' id='word_1_7' title='bbox 783 267 986 314; x_wconf 90' lang='lat' dir='ltr'>virtutem</span> <span class='ocrx_word' id='word_1_8' title='bbox 1005 269 1210 314; x_wconf 87' lang='lat' dir='ltr'>bonitatis</span> <span class='ocrx_word' id='word_1_9' title='bbox 1227 285 1337 325; x_wconf 86' lang='lat' dir='ltr'>suae,</span> <span class='ocrx_word' id='word_1_10' title='bbox 1361 278 1412 315; x_wconf 90' lang='lat' dir='ltr'>ut</span> <span class='ocrx_word' id='word_1_11' title='bbox 1430 269 1719 331; x_wconf 89' lang='lat' dir='ltr'>quemadmo-</span> 
     </span>
     <span class='ocr_line' id='line_1_3' title="bbox 328 336 1719 386; baseline 0.003 -4"><span class='ocrx_word' id='word_1_12' title='bbox 328 337 436 382; x_wconf 91' lang='lat' dir='ltr'>dum</span> <span class='ocrx_word' id='word_1_13' title='bbox 473 353 523 381; x_wconf 83' lang='lat' dir='ltr'>ex</span> <span class='ocrx_word' id='word_1_14' title='bbox 560 336 859 383; x_wconf 86' lang='lat' dir='ltr'>adulterorum</span> <span class='ocrx_word' id='word_1_15' title='bbox 901 340 1138 385; x_wconf 84' lang='lat' dir='ltr'>concubitu</span> <span class='ocrx_word' id='word_1_16' title='bbox 1186 338 1401 385; x_wconf 87' lang='lat' dir='ltr'>formatur</span> <span class='ocrx_word' id='word_1_17' title='bbox 1440 350 1484 385; x_wconf 92' lang='lat' dir='ltr'>et</span> <span class='ocrx_word' id='word_1_18' title='bbox 1526 341 1719 386; x_wconf 91' lang='lat' dir='ltr'>nascitur</span> 
     </span>
     <span class='ocr_line' id='line_1_4' title="bbox 329 407 1722 472; baseline 0.004 -20"><span class='ocrx_word' id='word_1_19' title='bbox 329 411 485 462; x_wconf 87' lang='lat' dir='ltr'>homo,</span> <span class='ocrx_word' id='word_1_20' title='bbox 510 407 565 452; x_wconf 89' lang='lat' dir='ltr'>de</span> <span class='ocrx_word' id='word_1_21' title='bbox 587 408 815 454; x_wconf 90' lang='lat' dir='ltr'>hominum</span> <span class='ocrx_word' id='word_1_22' title='bbox 844 426 974 470; x_wconf 89' lang='lat' dir='ltr'>opere</span> <span class='ocrx_word' id='word_1_23' title='bbox 1002 412 1117 457; x_wconf 86' lang='lat' dir='ltr'>malo</span> <span class='ocrx_word' id='word_1_24' title='bbox 1141 412 1308 457; x_wconf 90' lang='lat' dir='ltr'>bonum</span> <span class='ocrx_word' id='word_1_25' title='bbox 1335 427 1445 472; x_wconf 93' lang='lat' dir='ltr'>opus</span> <span class='ocrx_word' id='word_1_26' title='bbox 1473 412 1578 468; x_wconf 88' lang='lat' dir='ltr'>Dei,</span> <span class='ocrx_word' id='word_1_27' title='bbox 1609 413 1722 458; x_wconf 89' lang='lat' dir='ltr'>sicut</span> 
     </span>
     <span class='ocr_line' id='line_1_5' title="bbox 329 479 1725 542; baseline 0.004 -21"><span class='ocrx_word' id='word_1_28' title='bbox 329 481 371 522; x_wconf 86' lang='lat' dir='ltr'>in</span> <span class='ocrx_word' id='word_1_29' title='bbox 395 479 657 538; x_wconf 77' lang='lat' dir='ltr'>praecedenti</span> <span class='ocrx_word' id='word_1_30' title='bbox 680 495 878 526; x_wconf 81' lang='lat' dir='ltr'>sermone</span> <span class='ocrx_word' id='word_1_31' title='bbox 895 484 986 542; x_wconf 86' lang='lat' dir='ltr'>jam</span> <span class='ocrx_word' id='word_1_32' title='bbox 1009 483 1196 527; x_wconf 79' lang='lat' dir='ltr'>diximus</span> <span class='ocrx_word' id='word_1_33' title='bbox 1215 486 1252 538; x_wconf 78' lang='lat'>²,</span> <span class='ocrx_word' id='word_1_34' title='bbox 1278 482 1333 527; x_wconf 91' lang='lat' dir='ltr'>de</span> <span class='ocrx_word' id='word_1_35' title='bbox 1355 482 1645 528; x_wconf 82' lang='lat' dir='ltr'>foecunditate</span> <span class='ocrx_word' id='word_1_36' title='bbox 1662 498 1725 527; x_wconf 88' lang='lat' dir='ltr'>se-</span> 
     </span>
     <span class='ocr_line' id='line_1_6' title="bbox 331 550 1724 613; baseline 0.004 -21"><span class='ocrx_word' id='word_1_37' title='bbox 331 550 497 593; x_wconf 91' lang='lat' dir='ltr'>minum</span> <span class='ocrx_word' id='word_1_38' title='bbox 519 584 530 604; x_wconf 93' lang='lat'>‚</span> <span class='ocrx_word' id='word_1_39' title='bbox 566 565 656 595; x_wconf 91' lang='lat' dir='ltr'>non</span> <span class='ocrx_word' id='word_1_40' title='bbox 690 550 745 595; x_wconf 90' lang='lat' dir='ltr'>de</span> <span class='ocrx_word' id='word_1_41' title='bbox 781 552 1052 611; x_wconf 84' lang='lat' dir='ltr'>turpitudine</span> <span class='ocrx_word' id='word_1_42' title='bbox 1073 553 1278 598; x_wconf 88' lang='lat' dir='ltr'>vitiorum</span> <span class='ocrx_word' id='word_1_43' title='bbox 1302 575 1313 611; x_wconf 79' lang='lat'>3</span> <span class='ocrx_word' id='word_1_44' title='bbox 1339 553 1397 598; x_wconf 91' lang='lat' dir='ltr'>ita</span> <span class='ocrx_word' id='word_1_45' title='bbox 1419 554 1465 597; x_wconf 91' lang='lat' dir='ltr'>in</span> <span class='ocrx_word' id='word_1_46' title='bbox 1489 553 1724 613; x_wconf 89' lang='lat' dir='ltr'>Scripturis</span> 
     </span>
     <span class='ocr_line' id='line_1_7' title="bbox 332 620 1724 680; baseline 0.003 -16"><span class='ocrx_word' id='word_1_47' title='bbox 332 620 592 680; x_wconf 79' lang='lat' dir='ltr'>propheticis</span> <span class='ocrx_word' id='word_1_48' title='bbox 610 656 621 676; x_wconf 92' lang='lat'>,</span> <span class='ocrx_word' id='word_1_49' title='bbox 653 636 742 666; x_wconf 90' lang='lat' dir='ltr'>non</span> <span class='ocrx_word' id='word_1_50' title='bbox 766 631 937 667; x_wconf 88' lang='lat' dir='ltr'>tantum</span> <span class='ocrx_word' id='word_1_51' title='bbox 963 623 1075 668; x_wconf 90' lang='lat' dir='ltr'>bona</span> <span class='ocrx_word' id='word_1_52' title='bbox 1100 624 1326 669; x_wconf 92' lang='lat' dir='ltr'>hominum</span> <span class='ocrx_word' id='word_1_53' title='bbox 1341 659 1352 679; x_wconf 91' lang='lat'>,</span> <span class='ocrx_word' id='word_1_54' title='bbox 1376 625 1663 669; x_wconf 83' lang='lat' dir='ltr'>verumetiam</span> <span class='ocrx_word' id='word_1_55' title='bbox 1680 632 1724 668; x_wconf 90' lang='lat' dir='ltr'>et</span> 
     </span>
     <span class='ocr_line' id='line_1_8' title="bbox 330 690 1724 754; baseline 0.004 -20"><span class='ocrx_word' id='word_1_56' title='bbox 330 690 442 735; x_wconf 87' lang='lat' dir='ltr'>mala</span> <span class='ocrx_word' id='word_1_57' title='bbox 466 690 578 736; x_wconf 84' lang='lat' dir='ltr'>facta</span> <span class='ocrx_word' id='word_1_58' title='bbox 601 693 876 738; x_wconf 87' lang='lat' dir='ltr'>narrantibus</span> <span class='ocrx_word' id='word_1_59' title='bbox 891 728 902 748; x_wconf 91' lang='lat'>,</span> <span class='ocrx_word' id='word_1_60' title='bbox 929 695 1134 754; x_wconf 89' lang='lat' dir='ltr'>quoniam</span> <span class='ocrx_word' id='word_1_61' title='bbox 1154 696 1408 754; x_wconf 88' lang='lat' dir='ltr'>prophetica</span> <span class='ocrx_word' id='word_1_62' title='bbox 1432 704 1496 740; x_wconf 91' lang='lat' dir='ltr'>est</span> <span class='ocrx_word' id='word_1_63' title='bbox 1512 696 1602 754; x_wconf 91' lang='lat' dir='ltr'>ipsa</span> <span class='ocrx_word' id='word_1_64' title='bbox 1620 711 1724 739; x_wconf 88' lang='lat' dir='ltr'>nar-</span> 
     </span>
     <span class='ocr_line' id='line_1_9' title="bbox 330 761 1724 825; baseline 0.004 -20"><span class='ocrx_word' id='word_1_65' title='bbox 330 761 438 806; x_wconf 85' lang='lat' dir='ltr'>ratio</span> <span class='ocrx_word' id='word_1_66' title='bbox 458 797 468 817; x_wconf 89' lang='lat'>,</span> <span class='ocrx_word' id='word_1_67' title='bbox 506 763 771 821; x_wconf 81' lang='lat' dir='ltr'>significetur</span> <span class='ocrx_word' id='word_1_68' title='bbox 808 763 975 824; x_wconf 88' lang='lat' dir='ltr'>aliquid</span> <span class='ocrx_word' id='word_1_69' title='bbox 1009 763 1064 808; x_wconf 92' lang='lat' dir='ltr'>de</span> <span class='ocrx_word' id='word_1_70' title='bbox 1096 765 1220 810; x_wconf 89' lang='lat' dir='ltr'>malis</span> <span class='ocrx_word' id='word_1_71' title='bbox 1251 767 1457 825; x_wconf 85' lang='lat' dir='ltr'>operibus</span> <span class='ocrx_word' id='word_1_72' title='bbox 1494 766 1724 810; x_wconf 90' lang='lat' dir='ltr'>hominum</span> 
     </span>
     <span class='ocr_line' id='line_1_10' title="bbox 329 833 1726 896; baseline 0.003 -20"><span class='ocrx_word' id='word_1_73' title='bbox 329 833 460 878; x_wconf 89' lang='lat' dir='ltr'>etiam</span> <span class='ocrx_word' id='word_1_74' title='bbox 500 833 753 879; x_wconf 90' lang='lat' dir='ltr'>futurorum</span> <span class='ocrx_word' id='word_1_75' title='bbox 784 835 1030 888; x_wconf 90' lang='lat' dir='ltr'>bonorum,</span> <span class='ocrx_word' id='word_1_76' title='bbox 1067 851 1157 880; x_wconf 91' lang='lat' dir='ltr'>non</span> <span class='ocrx_word' id='word_1_77' title='bbox 1189 837 1406 896; x_wconf 89' lang='lat' dir='ltr'>peccantis</span> <span class='ocrx_word' id='word_1_78' title='bbox 1443 852 1574 895; x_wconf 89' lang='lat' dir='ltr'>opere</span> <span class='ocrx_word' id='word_1_79' title='bbox 1595 871 1606 892; x_wconf 94' lang='lat'>‚</span> <span class='ocrx_word' id='word_1_80' title='bbox 1650 837 1726 880; x_wconf 89' lang='lat' dir='ltr'>sed</span> 
     </span>
     <span class='ocr_line' id='line_1_11' title="bbox 329 905 1727 966; baseline 0.002 -18"><span class='ocrx_word' id='word_1_81' title='bbox 329 905 570 949; x_wconf 88' lang='lat' dir='ltr'>scribentis.</span> <span class='ocrx_word' id='word_1_82' title='bbox 598 907 748 965; x_wconf 90' lang='lat' dir='ltr'>Neque</span> <span class='ocrx_word' id='word_1_83' title='bbox 763 906 878 950; x_wconf 91' lang='lat' dir='ltr'>enim</span> <span class='ocrx_word' id='word_1_84' title='bbox 902 905 1061 960; x_wconf 75' lang='lat' dir='ltr'>sudas,</span> <span class='ocrx_word' id='word_1_85' title='bbox 1086 921 1186 950; x_wconf 89' lang='lat' dir='ltr'>cum</span> <span class='ocrx_word' id='word_1_86' title='bbox 1211 906 1267 950; x_wconf 90' lang='lat' dir='ltr'>ad</span> <span class='ocrx_word' id='word_1_87' title='bbox 1291 907 1477 951; x_wconf 87' lang='lat' dir='ltr'>Thamar</span> <span class='ocrx_word' id='word_1_88' title='bbox 1493 907 1727 966; x_wconf 87' lang='lat' dir='ltr'>concupis-</span> 
     </span>
     <span class='ocr_line' id='line_1_12' title="bbox 327 971 1723 1036; baseline 0.001 -17"><span class='ocrx_word' id='word_1_89' title='bbox 327 975 467 1019; x_wconf 88' lang='lat' dir='ltr'>centia</span> <span class='ocrx_word' id='word_1_90' title='bbox 482 976 621 1019; x_wconf 90' lang='lat' dir='ltr'>victus</span> <span class='ocrx_word' id='word_1_91' title='bbox 643 977 821 1021; x_wconf 86' lang='lat' dir='ltr'>intraret</span> <span class='ocrx_word' id='word_1_92' title='bbox 834 978 867 1030; x_wconf 82' lang='lat'>²,</span> <span class='ocrx_word' id='word_1_93' title='bbox 885 978 1001 1021; x_wconf 90' lang='lat' dir='ltr'>hanc</span> <span class='ocrx_word' id='word_1_94' title='bbox 1021 992 1111 1021; x_wconf 87' lang='lat' dir='ltr'>suae</span> <span class='ocrx_word' id='word_1_95' title='bbox 1129 976 1323 1021; x_wconf 90' lang='lat' dir='ltr'>libidinis</span> <span class='ocrx_word' id='word_1_96' title='bbox 1337 971 1627 1022; x_wconf 83' lang='lat' dir='ltr'>intentionem</span> <span class='ocrx_word' id='word_1_97' title='bbox 1645 992 1723 1036; x_wconf 87' lang='lat' dir='ltr'>ge-</span> 
     </span>
     <span class='ocr_line' id='line_1_13' title="bbox 329 1045 1727 1107; baseline 0.002 -18"><span class='ocrx_word' id='word_1_98' title='bbox 329 1045 476 1100; x_wconf 88' lang='lat' dir='ltr'>rebat,</span> <span class='ocrx_word' id='word_1_99' title='bbox 516 1055 566 1090; x_wconf 91' lang='lat' dir='ltr'>ut</span> <span class='ocrx_word' id='word_1_100' title='bbox 598 1046 698 1090; x_wconf 89' lang='lat' dir='ltr'>inde</span> <span class='ocrx_word' id='word_1_101' title='bbox 731 1046 897 1107; x_wconf 89' lang='lat' dir='ltr'>aliquid</span> <span class='ocrx_word' id='word_1_102' title='bbox 926 1046 1271 1106; x_wconf 86' lang='lat' dir='ltr'>significaretur,</span> <span class='ocrx_word' id='word_1_103' title='bbox 1303 1047 1424 1107; x_wconf 91' lang='lat' dir='ltr'>quod</span> <span class='ocrx_word' id='word_1_104' title='bbox 1458 1047 1513 1092; x_wconf 90' lang='lat' dir='ltr'>ad</span> <span class='ocrx_word' id='word_1_105' title='bbox 1542 1047 1727 1093; x_wconf 89' lang='lat' dir='ltr'>salutem</span> 
     </span>
     <span class='ocr_line' id='line_1_14' title="bbox 329 1117 1728 1179; baseline 0.002 -18"><span class='ocrx_word' id='word_1_106' title='bbox 329 1117 557 1161; x_wconf 91' lang='lat' dir='ltr'>hominum</span> <span class='ocrx_word' id='word_1_107' title='bbox 587 1118 824 1176; x_wconf 90' lang='lat' dir='ltr'>pertineret</span> <span class='ocrx_word' id='word_1_108' title='bbox 856 1137 865 1163; x_wconf 79' lang='lat' dir='ltr'>z</span> <span class='ocrx_word' id='word_1_109' title='bbox 894 1119 1006 1163; x_wconf 92' lang='lat' dir='ltr'>sicut</span> <span class='ocrx_word' id='word_1_110' title='bbox 1028 1134 1109 1164; x_wconf 92' lang='lat' dir='ltr'>nec</span> <span class='ocrx_word' id='word_1_111' title='bbox 1136 1119 1272 1163; x_wconf 87' lang='lat' dir='ltr'>Judas</span> <span class='ocrx_word' id='word_1_112' title='bbox 1295 1118 1368 1163; x_wconf 91' lang='lat' dir='ltr'>ille</span> <span class='ocrx_word' id='word_1_113' title='bbox 1393 1119 1469 1179; x_wconf 93' lang='lat' dir='ltr'>qui</span> <span class='ocrx_word' id='word_1_114' title='bbox 1492 1120 1728 1164; x_wconf 90' lang='lat' dir='ltr'>Dominum</span> 
     </span>
     <span class='ocr_line' id='line_1_15' title="bbox 331 1187 1730 1251; baseline 0.003 -20"><span class='ocrx_word' id='word_1_115' title='bbox 331 1187 538 1242; x_wconf 81' lang='lat' dir='ltr'>tradidit,</span> <span class='ocrx_word' id='word_1_116' title='bbox 558 1188 641 1232; x_wconf 91' lang='lat' dir='ltr'>hoc</span> <span class='ocrx_word' id='word_1_117' title='bbox 658 1187 870 1244; x_wconf 88' lang='lat' dir='ltr'>intendit,</span> <span class='ocrx_word' id='word_1_118' title='bbox 895 1198 944 1233; x_wconf 91' lang='lat' dir='ltr'>ut</span> <span class='ocrx_word' id='word_1_119' title='bbox 961 1188 1126 1249; x_wconf 91' lang='lat' dir='ltr'>aliquid</span> <span class='ocrx_word' id='word_1_120' title='bbox 1144 1188 1246 1234; x_wconf 91' lang='lat' dir='ltr'>inde</span> <span class='ocrx_word' id='word_1_121' title='bbox 1261 1199 1482 1248; x_wconf 83' lang='lat' dir='ltr'>gereretur</span> <span class='ocrx_word' id='word_1_122' title='bbox 1499 1225 1510 1246; x_wconf 88' lang='lat'>,</span> <span class='ocrx_word' id='word_1_123' title='bbox 1535 1189 1658 1251; x_wconf 90' lang='lat' dir='ltr'>quod</span> <span class='ocrx_word' id='word_1_124' title='bbox 1674 1189 1730 1235; x_wconf 91' lang='lat' dir='ltr'>ad</span> 
     </span>
     <span class='ocr_line' id='line_1_16' title="bbox 330 1257 1728 1320; baseline 0.003 -19"><span class='ocrx_word' id='word_1_125' title='bbox 330 1257 529 1302; x_wconf 88' lang='lat' dir='ltr'>eamdem</span> <span class='ocrx_word' id='word_1_126' title='bbox 552 1257 737 1302; x_wconf 90' lang='lat' dir='ltr'>salutem</span> <span class='ocrx_word' id='word_1_127' title='bbox 760 1258 989 1303; x_wconf 91' lang='lat' dir='ltr'>hominum</span> <span class='ocrx_word' id='word_1_128' title='bbox 1020 1260 1272 1320; x_wconf 89' lang='lat' dir='ltr'>pertineret.</span> <span class='ocrx_word' id='word_1_129' title='bbox 1307 1263 1442 1305; x_wconf 88' lang='lat' dir='ltr'>Porro</span> <span class='ocrx_word' id='word_1_130' title='bbox 1479 1261 1513 1305; x_wconf 92' lang='lat' dir='ltr'>si</span> <span class='ocrx_word' id='word_1_131' title='bbox 1546 1259 1602 1305; x_wconf 93' lang='lat' dir='ltr'>de</span> <span class='ocrx_word' id='word_1_132' title='bbox 1638 1269 1728 1306; x_wconf 86' lang='lat' dir='ltr'>tam</span> 
     </span>
     <span class='ocr_line' id='line_1_17' title="bbox 331 1328 1726 1390; baseline 0.002 -18"><span class='ocrx_word' id='word_1_133' title='bbox 331 1328 447 1373; x_wconf 90' lang='lat' dir='ltr'>malo</span> <span class='ocrx_word' id='word_1_134' title='bbox 469 1343 600 1388; x_wconf 88' lang='lat' dir='ltr'>opere</span> <span class='ocrx_word' id='word_1_135' title='bbox 623 1331 647 1373; x_wconf 91' lang='lat' dir='ltr'><strong>J</strong></span> <span class='ocrx_word' id='word_1_136' title='bbox 654 1328 751 1373; x_wconf 90' lang='lat' dir='ltr'>udae</span> <span class='ocrx_word' id='word_1_137' title='bbox 776 1329 893 1374; x_wconf 92' lang='lat' dir='ltr'>illius</span> <span class='ocrx_word' id='word_1_138' title='bbox 917 1339 1006 1375; x_wconf 87' lang='lat' dir='ltr'>tam</span> <span class='ocrx_word' id='word_1_139' title='bbox 1029 1331 1194 1376; x_wconf 91' lang='lat' dir='ltr'>bonum</span> <span class='ocrx_word' id='word_1_140' title='bbox 1219 1346 1328 1390; x_wconf 93' lang='lat' dir='ltr'>opus</span> <span class='ocrx_word' id='word_1_141' title='bbox 1358 1332 1569 1376; x_wconf 88' lang='lat' dir='ltr'>Dominus</span> <span class='ocrx_word' id='word_1_142' title='bbox 1598 1328 1726 1386; x_wconf 84' lang='lat' dir='ltr'>fecit,</span> 
     </span>
     <span class='ocr_line' id='line_1_18' title="bbox 330 1399 1726 1462; baseline 0.002 -19"><span class='ocrx_word' id='word_1_143' title='bbox 330 1409 381 1444; x_wconf 92' lang='lat' dir='ltr'>ut</span> <span class='ocrx_word' id='word_1_144' title='bbox 411 1399 603 1460; x_wconf 90' lang='lat' dir='ltr'>ejusdem</span> <span class='ocrx_word' id='word_1_145' title='bbox 638 1415 727 1444; x_wconf 89' lang='lat' dir='ltr'>suae</span> <span class='ocrx_word' id='word_1_146' title='bbox 757 1401 964 1460; x_wconf 89' lang='lat' dir='ltr'>passionis</span> <span class='ocrx_word' id='word_1_147' title='bbox 992 1402 1204 1461; x_wconf 85' lang='lat' dir='ltr'>sanguine</span> <span class='ocrx_word' id='word_1_148' title='bbox 1225 1417 1304 1446; x_wconf 91' lang='lat' dir='ltr'>nos</span> <span class='ocrx_word' id='word_1_149' title='bbox 1334 1401 1592 1456; x_wconf 90' lang='lat' dir='ltr'>redimeret,</span> <span class='ocrx_word' id='word_1_150' title='bbox 1618 1402 1726 1462; x_wconf 91' lang='lat' dir='ltr'>quid</span> 
     </span>
     <span class='ocr_line' id='line_1_19' title="bbox 330 1472 1729 1533; baseline 0.001 -17"><span class='ocrx_word' id='word_1_151' title='bbox 330 1472 489 1516; x_wconf 90' lang='lat' dir='ltr'>mirum</span> <span class='ocrx_word' id='word_1_152' title='bbox 524 1473 558 1516; x_wconf 91' lang='lat' dir='ltr'>si</span> <span class='ocrx_word' id='word_1_153' title='bbox 591 1472 808 1532; x_wconf 86' lang='lat' dir='ltr'>Propheta</span> <span class='ocrx_word' id='word_1_154' title='bbox 830 1473 922 1532; x_wconf 90' lang='lat' dir='ltr'>ejus</span> <span class='ocrx_word' id='word_1_155' title='bbox 939 1507 950 1528; x_wconf 91' lang='lat'>‚</span> <span class='ocrx_word' id='word_1_156' title='bbox 976 1472 1032 1517; x_wconf 92' lang='lat' dir='ltr'>de</span> <span class='ocrx_word' id='word_1_157' title='bbox 1049 1489 1138 1533; x_wconf 92' lang='lat' dir='ltr'>quo</span> <span class='ocrx_word' id='word_1_158' title='bbox 1160 1474 1249 1532; x_wconf 92' lang='lat' dir='ltr'>ipse</span> <span class='ocrx_word' id='word_1_159' title='bbox 1272 1473 1332 1518; x_wconf 90' lang='lat' dir='ltr'>ait</span> <span class='ocrx_word' id='word_1_160' title='bbox 1353 1492 1362 1518; x_wconf 92' lang='lat'>:</span> <span class='ocrx_word' id='word_1_161' title='bbox 1392 1492 1411 1515; x_wconf 91' lang='lat'>«</span> <span class='ocrx_word' id='word_1_162' title='bbox 1438 1476 1500 1518; x_wconf 90' lang='lat' dir='ltr'>De</span> <span class='ocrx_word' id='word_1_163' title='bbox 1521 1488 1591 1518; x_wconf 93' lang='lat' dir='ltr'>me</span> <span class='ocrx_word' id='word_1_164' title='bbox 1612 1474 1729 1518; x_wconf 90' lang='lat' dir='ltr'>enim</span> 
     </span>
     <span class='ocr_line' id='line_1_20' title="bbox 333 1542 1731 1604; baseline 0.003 -20"><span class='ocrx_word' id='word_1_165' title='bbox 333 1561 353 1584; x_wconf 86' lang='lat'>»</span> <span class='ocrx_word' id='word_1_166' title='bbox 379 1542 452 1587; x_wconf 90' lang='lat' dir='ltr'>ille</span> <span class='ocrx_word' id='word_1_167' title='bbox 474 1543 643 1602; x_wconf 87' lang='lat' dir='ltr'>scripsit</span> <span class='ocrx_word' id='word_1_168' title='bbox 659 1545 674 1569; x_wconf 78' lang='lat'>³</span> <span class='ocrx_word' id='word_1_169' title='bbox 697 1578 708 1598; x_wconf 92' lang='lat'>‚</span> <span class='ocrx_word' id='word_1_170' title='bbox 740 1563 758 1585; x_wconf 91' lang='lat'>»</span> <span class='ocrx_word' id='word_1_171' title='bbox 785 1559 836 1588; x_wconf 84' lang='lat' dir='ltr'>ex</span> <span class='ocrx_word' id='word_1_172' title='bbox 858 1544 973 1589; x_wconf 90' lang='lat' dir='ltr'>malo</span> <span class='ocrx_word' id='word_1_173' title='bbox 995 1543 1113 1589; x_wconf 91' lang='lat' dir='ltr'>facto</span> <span class='ocrx_word' id='word_1_174' title='bbox 1130 1543 1258 1589; x_wconf 85' lang='lat' dir='ltr'>Judae</span> <span class='ocrx_word' id='word_1_175' title='bbox 1269 1544 1392 1589; x_wconf 90' lang='lat' dir='ltr'>istius</span> <span class='ocrx_word' id='word_1_176' title='bbox 1408 1579 1420 1599; x_wconf 92' lang='lat'>,</span> <span class='ocrx_word' id='word_1_177' title='bbox 1441 1544 1547 1589; x_wconf 91' lang='lat' dir='ltr'>boni</span> <span class='ocrx_word' id='word_1_178' title='bbox 1564 1542 1731 1604; x_wconf 88' lang='lat' dir='ltr'>aliquid</span> 
     </span>
     <span class='ocr_line' id='line_1_21' title="bbox 330 1613 1730 1675; baseline 0 -18"><span class='ocrx_word' id='word_1_179' title='bbox 330 1613 615 1673; x_wconf 85' lang='lat' dir='ltr'>significavit,</span> <span class='ocrx_word' id='word_1_180' title='bbox 659 1623 707 1659; x_wconf 93' lang='lat' dir='ltr'>ut</span> <span class='ocrx_word' id='word_1_181' title='bbox 743 1630 822 1660; x_wconf 91' lang='lat' dir='ltr'>suo</span> <span class='ocrx_word' id='word_1_182' title='bbox 860 1615 1099 1660; x_wconf 90' lang='lat' dir='ltr'>ministerio</span> <span class='ocrx_word' id='word_1_183' title='bbox 1133 1630 1212 1660; x_wconf 90' lang='lat' dir='ltr'>nos</span> <span class='ocrx_word' id='word_1_184' title='bbox 1240 1615 1452 1659; x_wconf 78' lang='lat' dir='ltr'>doceret?</span> <span class='ocrx_word' id='word_1_185' title='bbox 1480 1616 1543 1658; x_wconf 91' lang='lat' dir='ltr'>Ea</span> <span class='ocrx_word' id='word_1_186' title='bbox 1564 1615 1730 1675; x_wconf 90' lang='lat' dir='ltr'>quippe</span> 
     </span>
     <span class='ocr_line' id='line_1_22' title="bbox 331 1684 1730 1745; baseline 0.001 -17"><span class='ocrx_word' id='word_1_187' title='bbox 331 1684 561 1729; x_wconf 91' lang='lat' dir='ltr'>hominum</span> <span class='ocrx_word' id='word_1_188' title='bbox 594 1684 709 1730; x_wconf 88' lang='lat' dir='ltr'>facta</span> <span class='ocrx_word' id='word_1_189' title='bbox 727 1720 737 1740; x_wconf 92' lang='lat'>,</span> <span class='ocrx_word' id='word_1_190' title='bbox 771 1694 923 1730; x_wconf 92' lang='lat' dir='ltr'>sancto</span> <span class='ocrx_word' id='word_1_191' title='bbox 954 1685 1116 1745; x_wconf 91' lang='lat' dir='ltr'>Spiritu</span> <span class='ocrx_word' id='word_1_192' title='bbox 1139 1685 1401 1745; x_wconf 87' lang='lat' dir='ltr'>disponente</span> <span class='ocrx_word' id='word_1_193' title='bbox 1427 1694 1559 1745; x_wconf 88' lang='lat' dir='ltr'>atque</span> <span class='ocrx_word' id='word_1_194' title='bbox 1592 1685 1730 1744; x_wconf 92' lang='lat' dir='ltr'>inspi-</span> 
     </span>
     <span class='ocr_line' id='line_1_23' title="bbox 330 1755 1730 1817; baseline 0.001 -17"><span class='ocrx_word' id='word_1_195' title='bbox 330 1765 454 1801; x_wconf 87' lang='lat' dir='ltr'>rante</span> <span class='ocrx_word' id='word_1_196' title='bbox 474 1791 486 1811; x_wconf 86' lang='lat'>,</span> <span class='ocrx_word' id='word_1_197' title='bbox 522 1755 700 1816; x_wconf 87' lang='lat' dir='ltr'>collegit</span> <span class='ocrx_word' id='word_1_198' title='bbox 725 1757 940 1816; x_wconf 88' lang='lat' dir='ltr'>Propheta</span> <span class='ocrx_word' id='word_1_199' title='bbox 965 1766 1162 1802; x_wconf 85' lang='lat' dir='ltr'>narrator</span> <span class='ocrx_word' id='word_1_200' title='bbox 1186 1791 1198 1812; x_wconf 93' lang='lat'>,</span> <span class='ocrx_word' id='word_1_201' title='bbox 1237 1771 1424 1817; x_wconf 89' lang='lat' dir='ltr'>quorum</span> <span class='ocrx_word' id='word_1_202' title='bbox 1456 1755 1730 1816; x_wconf 88' lang='lat' dir='ltr'>interpositio</span> 
     </span>
     <span class='ocr_line' id='line_1_24' title="bbox 331 1828 1730 1888; baseline 0 -16"><span class='ocrx_word' id='word_1_203' title='bbox 331 1843 422 1872; x_wconf 88' lang='lat' dir='ltr'>non</span> <span class='ocrx_word' id='word_1_204' title='bbox 451 1837 624 1872; x_wconf 91' lang='lat' dir='ltr'>vacaret</span> <span class='ocrx_word' id='word_1_205' title='bbox 645 1844 669 1872; x_wconf 91' lang='lat' dir='ltr'>a</span> <span class='ocrx_word' id='word_1_206' title='bbox 694 1828 1029 1887; x_wconf 83' lang='lat' dir='ltr'>praesignatione</span> <span class='ocrx_word' id='word_1_207' title='bbox 1057 1843 1202 1872; x_wconf 90' lang='lat' dir='ltr'>rerum</span> <span class='ocrx_word' id='word_1_208' title='bbox 1224 1843 1331 1888; x_wconf 91' lang='lat' dir='ltr'>quas</span> <span class='ocrx_word' id='word_1_209' title='bbox 1359 1828 1607 1872; x_wconf 90' lang='lat' dir='ltr'>intenderat</span> <span class='ocrx_word' id='word_1_210' title='bbox 1624 1842 1730 1886; x_wconf 91' lang='lat' dir='ltr'>pro-</span> 
     </span>
     <span class='ocr_line' id='line_1_25' title="bbox 333 1896 1728 1959; baseline 0 -17"><span class='ocrx_word' id='word_1_211' title='bbox 333 1899 513 1958; x_wconf 87' lang='lat' dir='ltr'>phetare</span> <span class='ocrx_word' id='word_1_212' title='bbox 535 1898 590 1943; x_wconf 89' lang='lat' dir='ltr'>ad</span> <span class='ocrx_word' id='word_1_213' title='bbox 611 1899 893 1958; x_wconf 84' lang='lat' dir='ltr'>significanda</span> <span class='ocrx_word' id='word_1_214' title='bbox 916 1909 1063 1944; x_wconf 90' lang='lat' dir='ltr'>autem</span> <span class='ocrx_word' id='word_1_215' title='bbox 1081 1897 1226 1959; x_wconf 87' lang='lat' dir='ltr'>aliqua</span> <span class='ocrx_word' id='word_1_216' title='bbox 1242 1898 1380 1954; x_wconf 89' lang='lat' dir='ltr'>bona,</span> <span class='ocrx_word' id='word_1_217' title='bbox 1410 1896 1519 1942; x_wconf 88' lang='lat' dir='ltr'>nihil</span> <span class='ocrx_word' id='word_1_218' title='bbox 1533 1899 1728 1953; x_wconf 88' lang='lat' dir='ltr'>interest,</span> 
     </span>
     <span class='ocr_line' id='line_1_26' title="bbox 335 1968 1727 2030; baseline -0.001 -17"><span class='ocrx_word' id='word_1_219' title='bbox 335 1968 448 2014; x_wconf 82' lang='lat' dir='ltr'>sacta</span> <span class='ocrx_word' id='word_1_220' title='bbox 472 1969 544 2013; x_wconf 91' lang='lat' dir='ltr'>illa</span> <span class='ocrx_word' id='word_1_221' title='bbox 563 1970 724 2030; x_wconf 84' lang='lat' dir='ltr'>quibus</span> <span class='ocrx_word' id='word_1_222' title='bbox 741 1986 790 2014; x_wconf 91' lang='lat' dir='ltr'>ea</span> <span class='ocrx_word' id='word_1_223' title='bbox 808 1971 1106 2028; x_wconf 82' lang='lat' dir='ltr'>significantur</span> <span class='ocrx_word' id='word_1_224' title='bbox 1122 2005 1133 2025; x_wconf 89' lang='lat'>,</span> <span class='ocrx_word' id='word_1_225' title='bbox 1155 1986 1231 2014; x_wconf 90' lang='lat' dir='ltr'>seu</span> <span class='ocrx_word' id='word_1_226' title='bbox 1248 1970 1362 2014; x_wconf 88' lang='lat' dir='ltr'>bona</span> <span class='ocrx_word' id='word_1_227' title='bbox 1376 2004 1387 2025; x_wconf 90' lang='lat'><strong>‚</strong></span> <span class='ocrx_word' id='word_1_228' title='bbox 1405 1984 1479 2013; x_wconf 92' lang='lat' dir='ltr'>seu</span> <span class='ocrx_word' id='word_1_229' title='bbox 1498 1969 1611 2013; x_wconf 86' lang='lat' dir='ltr'>mala</span> <span class='ocrx_word' id='word_1_230' title='bbox 1625 1969 1727 2013; x_wconf 90' lang='lat' dir='ltr'>sint.</span> 
     </span>
     <span class='ocr_line' id='line_1_27' title="bbox 334 2039 1732 2101; baseline 0 -17"><span class='ocrx_word' id='word_1_231' title='bbox 334 2040 452 2094; x_wconf 88' lang='lat' dir='ltr'>Quid</span> <span class='ocrx_word' id='word_1_232' title='bbox 474 2041 589 2084; x_wconf 89' lang='lat' dir='ltr'>enim</span> <span class='ocrx_word' id='word_1_233' title='bbox 615 2056 708 2084; x_wconf 89' lang='lat' dir='ltr'>mea</span> <span class='ocrx_word' id='word_1_234' title='bbox 731 2041 939 2095; x_wconf 86' lang='lat' dir='ltr'>interest,</span> <span class='ocrx_word' id='word_1_235' title='bbox 972 2055 1072 2085; x_wconf 91' lang='lat' dir='ltr'>cum</span> <span class='ocrx_word' id='word_1_236' title='bbox 1099 2040 1201 2085; x_wconf 91' lang='lat' dir='ltr'>volo</span> <span class='ocrx_word' id='word_1_237' title='bbox 1223 2039 1391 2101; x_wconf 92' lang='lat' dir='ltr'>aliquid</span> <span class='ocrx_word' id='word_1_238' title='bbox 1415 2039 1602 2100; x_wconf 85' lang='lat' dir='ltr'>legendo</span> <span class='ocrx_word' id='word_1_239' title='bbox 1624 2055 1732 2099; x_wconf 85' lang='lat' dir='ltr'>cog-</span> 
     </span>
     <span class='ocr_line' id='line_1_28' title="bbox 333 2111 1731 2171; baseline 0.001 -17"><span class='ocrx_word' id='word_1_240' title='bbox 333 2127 511 2157; x_wconf 88' lang='lat' dir='ltr'>noscere</span> <span class='ocrx_word' id='word_1_241' title='bbox 527 2147 538 2166; x_wconf 88' lang='lat'>,</span> <span class='ocrx_word' id='word_1_242' title='bbox 564 2120 714 2156; x_wconf 89' lang='lat' dir='ltr'>utrum</span> <span class='ocrx_word' id='word_1_243' title='bbox 737 2127 787 2156; x_wconf 81' lang='lat' dir='ltr'>ex</span> <span class='ocrx_word' id='word_1_244' title='bbox 806 2112 942 2157; x_wconf 91' lang='lat' dir='ltr'>minio</span> <span class='ocrx_word' id='word_1_245' title='bbox 964 2113 1174 2171; x_wconf 88' lang='lat' dir='ltr'>reperiam</span> <span class='ocrx_word' id='word_1_246' title='bbox 1199 2112 1380 2171; x_wconf 89' lang='lat' dir='ltr'>scriptos</span> <span class='ocrx_word' id='word_1_247' title='bbox 1398 2111 1543 2170; x_wconf 85' lang='lat' dir='ltr'>nigros</span> <span class='ocrx_word' id='word_1_248' title='bbox 1558 2111 1731 2156; x_wconf 81' lang='lat' dir='ltr'>AEthio-</span> 
     </span>
     <span class='ocr_line' id='line_1_29' title="bbox 333 2181 1730 2241; baseline 0 -15"><span class='ocrx_word' id='word_1_249' title='bbox 333 2196 435 2241; x_wconf 90' lang='lat' dir='ltr'>pes,</span> <span class='ocrx_word' id='word_1_250' title='bbox 462 2192 505 2226; x_wconf 90' lang='lat' dir='ltr'>et</span> <span class='ocrx_word' id='word_1_251' title='bbox 527 2198 577 2226; x_wconf 83' lang='lat' dir='ltr'>ex</span> <span class='ocrx_word' id='word_1_252' title='bbox 599 2191 843 2227; x_wconf 89' lang='lat' dir='ltr'>atramento</span> <span class='ocrx_word' id='word_1_253' title='bbox 876 2181 1085 2228; x_wconf 89' lang='lat' dir='ltr'>candidos</span> <span class='ocrx_word' id='word_1_254' title='bbox 1114 2182 1293 2227; x_wconf 85' lang='lat' dir='ltr'>Gallos?</span> <span class='ocrx_word' id='word_1_255' title='bbox 1330 2184 1644 2227; x_wconf 89' lang='lat' dir='ltr'>Verumtamen</span> <span class='ocrx_word' id='word_1_256' title='bbox 1665 2182 1730 2237; x_wconf 93' lang='lat' dir='ltr'>si,</span> 
     </span>
     <span class='ocr_line' id='line_1_30' title="bbox 334 2252 1734 2312; baseline 0.001 -16"><span class='ocrx_word' id='word_1_257' title='bbox 334 2268 425 2296; x_wconf 92' lang='lat' dir='ltr'>non</span> <span class='ocrx_word' id='word_1_258' title='bbox 442 2253 702 2312; x_wconf 90' lang='lat' dir='ltr'>scripturam</span> <span class='ocrx_word' id='word_1_259' title='bbox 718 2288 729 2309; x_wconf 91' lang='lat'>,</span> <span class='ocrx_word' id='word_1_260' title='bbox 755 2253 829 2298; x_wconf 91' lang='lat' dir='ltr'>sed</span> <span class='ocrx_word' id='word_1_261' title='bbox 853 2253 1065 2312; x_wconf 88' lang='lat' dir='ltr'>picturam</span> <span class='ocrx_word' id='word_1_262' title='bbox 1089 2252 1219 2298; x_wconf 89' lang='lat' dir='ltr'>talem</span> <span class='ocrx_word' id='word_1_263' title='bbox 1238 2253 1430 2297; x_wconf 89' lang='lat' dir='ltr'>viderem</span> <span class='ocrx_word' id='word_1_264' title='bbox 1447 2288 1458 2308; x_wconf 88' lang='lat'>,</span> <span class='ocrx_word' id='word_1_265' title='bbox 1491 2253 1582 2297; x_wconf 90' lang='lat' dir='ltr'>sine</span> <span class='ocrx_word' id='word_1_266' title='bbox 1604 2252 1734 2297; x_wconf 91' lang='lat' dir='ltr'>dubi-</span> 
     </span>
     <span class='ocr_line' id='line_1_31' title="bbox 335 2320 1731 2383; baseline -0.003 -15"><span class='ocrx_word' id='word_1_267' title='bbox 335 2323 500 2368; x_wconf 87' lang='lat' dir='ltr'>tatione</span> <span class='ocrx_word' id='word_1_268' title='bbox 524 2323 903 2383; x_wconf 87' lang='lat' dir='ltr'>reprehenderem.</span> <span class='ocrx_word' id='word_1_269' title='bbox 943 2327 1006 2369; x_wconf 90' lang='lat' dir='ltr'>Ita</span> <span class='ocrx_word' id='word_1_270' title='bbox 1034 2324 1079 2368; x_wconf 89' lang='lat' dir='ltr'>in</span> <span class='ocrx_word' id='word_1_271' title='bbox 1103 2322 1228 2368; x_wconf 88' lang='lat' dir='ltr'>factis</span> <span class='ocrx_word' id='word_1_272' title='bbox 1257 2324 1486 2367; x_wconf 87' lang='lat' dir='ltr'>hominum</span> <span class='ocrx_word' id='word_1_273' title='bbox 1503 2359 1514 2376; x_wconf 87' lang='lat'>,</span> <span class='ocrx_word' id='word_1_274' title='bbox 1547 2337 1647 2380; x_wconf 83' lang='lat' dir='ltr'>quae</span> <span class='ocrx_word' id='word_1_275' title='bbox 1677 2320 1731 2365; x_wconf 91' lang='lat' dir='ltr'>ad</span> 
     </span>
     <span class='ocr_line' id='line_1_32' title="bbox 336 2392 1732 2455; baseline -0.002 -17"><span class='ocrx_word' id='word_1_276' title='bbox 336 2393 599 2438; x_wconf 86' lang='lat' dir='ltr'>imitandum</span> <span class='ocrx_word' id='word_1_277' title='bbox 613 2394 897 2440; x_wconf 86' lang='lat' dir='ltr'>vitandumve</span> <span class='ocrx_word' id='word_1_278' title='bbox 911 2405 1236 2455; x_wconf 86' lang='lat' dir='ltr'>proponuntur,</span> <span class='ocrx_word' id='word_1_279' title='bbox 1255 2393 1399 2450; x_wconf 85' lang='lat' dir='ltr'>magni</span> <span class='ocrx_word' id='word_1_280' title='bbox 1410 2392 1587 2436; x_wconf 90' lang='lat' dir='ltr'>interest</span> <span class='ocrx_word' id='word_1_281' title='bbox 1600 2392 1732 2436; x_wconf 88' lang='lat' dir='ltr'>bona-</span> 
     </span>
     <span class='ocr_line' id='line_1_33' title="bbox 337 2461 1733 2523; baseline -0.002 -15"><span class='ocrx_word' id='word_1_282' title='bbox 337 2479 393 2509; x_wconf 91' lang='lat' dir='ltr'>ne</span> <span class='ocrx_word' id='word_1_283' title='bbox 421 2479 476 2508; x_wconf 92' lang='lat' dir='ltr'>an</span> <span class='ocrx_word' id='word_1_284' title='bbox 506 2464 618 2507; x_wconf 88' lang='lat' dir='ltr'>mala</span> <span class='ocrx_word' id='word_1_285' title='bbox 645 2466 730 2508; x_wconf 88' lang='lat' dir='ltr'>sint</span> <span class='ocrx_word' id='word_1_286' title='bbox 751 2485 761 2510; x_wconf 71' lang='grc' dir='ltr'>ι</span> <span class='ocrx_word' id='word_1_287' title='bbox 785 2481 885 2523; x_wconf 79' lang='lat' dir='ltr'>quae</span> <span class='ocrx_word' id='word_1_288' title='bbox 917 2475 1064 2507; x_wconf 83' lang='lat' dir='ltr'>autem</span> <span class='ocrx_word' id='word_1_289' title='bbox 1094 2461 1146 2506; x_wconf 88' lang='lat' dir='ltr'>ad</span> <span class='ocrx_word' id='word_1_290' title='bbox 1180 2462 1514 2520; x_wconf 81' lang='lat' dir='ltr'>significandum</span> <span class='ocrx_word' id='word_1_291' title='bbox 1537 2462 1733 2506; x_wconf 88' lang='lat' dir='ltr'>scribun-</span> 
     </span>
    </p>
   </div>
   <div class='ocr_carea' id='block_1_3' title="bbox 388 2545 1731 2592">
    <p class='ocr_par' dir='ltr' id='par_1_3' title="bbox 388 2545 1731 2592">
     <span class='ocr_line' id='line_1_34' title="bbox 388 2545 1731 2592; baseline -0.002 -10"><span class='ocrx_word' id='word_1_292' title='bbox 388 2551 395 2567; x_wconf 89' lang='lat'><strong>¹</strong></span> <span class='ocrx_word' id='word_1_293' title='bbox 415 2549 495 2582; x_wconf 86' lang='lat' dir='ltr'>Vide</span> <span class='ocrx_word' id='word_1_294' title='bbox 507 2559 614 2592; x_wconf 87' lang='lat' dir='ltr'>supra,</span> <span class='ocrx_word' id='word_1_295' title='bbox 625 2559 697 2591; x_wconf 86' lang='lat' dir='ltr'>cap.</span> <span class='ocrx_word' id='word_1_296' title='bbox 711 2548 829 2590; x_wconf 76' lang='lat'>48.—²</span> <span class='ocrx_word' id='word_1_297' title='bbox 841 2550 922 2583; x_wconf 82' lang='lat' dir='ltr'>Gen.</span> <span class='ocrx_word' id='word_1_298' title='bbox 935 2558 1068 2590; x_wconf 79' lang='lat' dir='ltr'>xxxvui,</span> <span class='ocrx_word' id='word_1_299' title='bbox 1084 2545 1203 2582; x_wconf 81' lang='lat'><strong>16.—³</strong></span> <span class='ocrx_word' id='word_1_300' title='bbox 1217 2549 1311 2580; x_wconf 87' lang='lat' dir='ltr'>Deut.</span> <span class='ocrx_word' id='word_1_301' title='bbox 1327 2557 1416 2588; x_wconf 82' lang='lat' dir='ltr'>xviii,</span> <span class='ocrx_word' id='word_1_302' title='bbox 1429 2546 1468 2579; x_wconf 88' lang='lat'>15</span> <span class='ocrx_word' id='word_1_303' title='bbox 1478 2550 1512 2579; x_wconf 88' lang='lat' dir='ltr'>et</span> <span class='ocrx_word' id='word_1_304' title='bbox 1523 2549 1616 2581; x_wconf 86' lang='lat' dir='ltr'>Joau.</span> <span class='ocrx_word' id='word_1_305' title='bbox 1626 2558 1664 2587; x_wconf 83' lang='lat' dir='ltr'>v,</span> <span class='ocrx_word' id='word_1_306' title='bbox 1676 2546 1731 2589; x_wconf 74' lang='lat'>46.</span> 
     </span>
    </p>
   </div>
  </div>
 </body>
</html>
