1803 3250
330 144 411 182 288
779 148 1005 180 sacunmm
1038 150 1256 180 MAmcnAEi

325 222 584 275 Quanquam
615 215 858 274 sapientum
887 227 950 262 est
976 227 1214 277 utrumque
1238 218 1367 272 ferre,
1400 227 1634 280 utrumque
1652 220 1708 264 ri-

324 289 448 344 dere,
469 296 511 331 et
526 288 581 331 ad
598 286 708 331 illud
727 296 895 334 tantum
909 289 1005 345 niti,
1024 288 1144 350 quod
1157 288 1472 334 beatitudinem
1490 291 1706 347 conciliat,

323 357 442 417 quod
460 358 645 417 parturit
665 358 814 403 vitam.
833 377 852 401 »

379 432 432 473 V.
471 448 491 472 «
516 432 572 474 Et
595 438 741 475 tamen
759 431 913 476 iterum
941 441 1073 492 atque
1094 432 1253 476 iterum
1275 431 1457 491 supplex
1479 430 1703 491 deprecor,

318 517 394 546 oro
416 500 545 545 etiam
569 511 700 562 atque
725 503 855 548 etiam
882 504 1078 559 obsecro,
1112 505 1301 563 primum
1331 503 1511 563 quidem
1535 504 1704 548 veniam

316 571 459 631 largiri
486 572 674 633 digneris
697 575 730 618 si
753 591 841 635 quo
859 591 1056 620 sermone
1075 576 1207 620 fuerit
1228 585 1353 620 tuum
1376 574 1603 619 titillatum
1625 592 1704 620 au-

317 660 439 689 reum
467 655 616 705 pectus
635 665 644 692 ι
671 646 823 692 ardore
845 648 956 692 enim
980 648 1063 692 lioc
1085 648 1220 691 nimio
1240 646 1340 702 feci,
1365 647 1467 706 quia
1488 646 1593 692 nolo
1616 656 1658 691 te
1680 663 1702 691 a

314 725 462 761 nostro
487 733 615 777 grege
638 717 808 772 divelli,
832 734 855 761 a
877 733 966 777 quo
989 720 1116 762 ctiam
1142 733 1222 776 ego
1245 717 1336 777 ipse
1359 718 1563 762 aberrans
1592 733 1702 777 pene

312 789 539 847 perieram,
581 789 660 832 nisi
691 788 776 832 cito
806 803 874 832 me
907 787 962 832 de
993 789 1140 848 iniqua
1166 790 1484 833 communionis
1510 789 1700 833 tulissem

310 868 480 903 natura.
500 859 664 902 Deinde
681 867 730 902 ut
745 858 948 902 concilies
967 868 1009 903 te
1026 859 1103 915 illi,
1125 875 1224 920 quae
1240 861 1285 904 in
1302 869 1345 904 te
1364 861 1473 904 nihil
1487 859 1671 919 deliquit
1691 879 1699 904 :

311 929 458 973 redeas
487 928 542 973 ad
569 928 707 984 illam,
732 945 832 989 quae
850 929 931 973 tibi
949 932 1053 975 etin
1077 931 1246 976 dierum
1268 932 1466 990 culpam,
1502 947 1592 976 non
1623 931 1704 975 erit

307 1016 582 1046 succensura.
596 1003 684 1047 Nec
697 1002 812 1045 enim
828 1002 984 1061 septies
1000 1011 1170 1048 tantum
1185 1004 1307 1049 novit
1320 1004 1543 1062 ignoscere
1558 1023 1565 1048 z
1579 1003 1702 1063 quin-

308 1073 394 1117 imo
415 1072 549 1117 habet
581 1081 625 1116 et
658 1071 821 1131 ligandi
843 1083 886 1117 et
907 1073 1104 1119 solvendi
1128 1083 1402 1134 potestatem.
1430 1074 1526 1120 Noli
1551 1084 1591 1119 tc
1614 1075 1700 1119 fin-

307 1159 406 1202 gere
428 1144 620 1204 palpare,
655 1145 732 1204 qui
759 1144 930 1189 dudum
960 1145 1133 1191 vidisti:
1160 1145 1250 1190 noli
1282 1146 1394 1190 velle
1416 1145 1596 1200 discere,
1623 1147 1698 1207 qui

305 1224 428 1274 potes
452 1215 624 1261 docere.
651 1215 829 1261 Dimitte
865 1217 1094 1261 hominum
1130 1217 1338 1277 gloriam,
1373 1218 1406 1261 si
1440 1218 1501 1261 vis
1527 1218 1699 1263 Christo

303 1286 488 1346 placere.
512 1286 797 1347 Temporibus
815 1287 971 1332 nostris
989 1303 1148 1332 renova
1166 1288 1369 1342 Paulum,
1392 1288 1578 1332 cuicum
1593 1287 1698 1346 legis

301 1358 492 1418 juda'i'cae
531 1357 683 1404 doctor
715 1368 846 1415 esset,
883 1368 1143 1403 consecutus
1163 1376 1186 1402 a
1209 1360 1396 1403 Domino
1431 1360 1698 1419 apostolatus

305 1430 503 1488 gratiam,
529 1446 628 1490 quae
659 1431 843 1489 putabat
864 1430 1110 1485 commoda,
1131 1431 1391 1490 contempsit
1416 1440 1466 1475 ut
1488 1441 1693 1487 stercora,

304 1510 352 1545 ut
374 1501 597 1546 Christum
630 1501 945 1546 lucrifaceret1.
982 1502 1175 1547 Subveni
1210 1503 1366 1546 animae
1399 1512 1487 1546 tusc
1510 1512 1597 1547 tam
1624 1502 1696 1547 lu-

304 1572 412 1617 cidae
432 1573 560 1633 :quia
582 1573 754 1632 ignoras
770 1573 889 1634 quali
911 1573 964 1618 sit
981 1573 1052 1617 fur
1068 1574 1174 1619 hora
1186 1582 1411 1619 venturus.
1430 1573 1527 1620 Noli
1543 1590 1697 1618 ornare

303 1654 524 1688 mortuos:
551 1644 652 1705 quia
675 1645 873 1689 vivorum
903 1660 946 1688 es
971 1654 1293 1689 ornamentum.
1318 1644 1416 1691 Noli
1438 1660 1582 1690 comes
1605 1661 1696 1689 esse

301 1712 376 1757 lati
406 1715 592 1770 itineris,
622 1716 724 1775 quia
756 1716 1061 1760 Amorrhaeum
1091 1724 1316 1775 expectat:
1342 1716 1416 1760 sed
1446 1715 1501 1760 ad
1532 1725 1693 1760 arctam

301 1784 456 1830 festina
495 1786 635 1841 viam,
671 1794 722 1829 ut
757 1787 1035 1846 consequaris
1073 1786 1208 1830 vitam
1242 1796 1465 1830 aeternam.
1511 1786 1692 1841 Desine,

300 1871 465 1915 quaeso,
501 1866 626 1902 utero
658 1856 860 1901 claudere
883 1857 1123 1911 Christum,
1160 1872 1214 1900 ne
1242 1856 1332 1916 ipse
1362 1873 1535 1901 rursum
1570 1867 1694 1901 utero

300 1929 587 1975 concludaris.
616 1931 770 1975 Desine
799 1931 906 1975 duas
934 1939 1108 1974 naturas
1135 1930 1278 1974 facere
1301 1943 1433 1972 unam
1454 1947 1462 1971 :
1485 1929 1585 1988 quia
1614 1944 1692 1987 ap-

300 2002 567 2062 propinquat
590 2002 760 2047 Domini
775 2001 1006 2062 judicium.
1029 2004 1105 2045 Vae
1125 2002 1201 2061 qui
1223 2000 1451 2059 accipient,
1478 2000 1553 2060 qui
1572 1999 1689 2059 quod

298 2072 427 2118 dulce
443 2083 522 2129 est,
543 2074 588 2117 in
606 2073 941 2118 amaritudinem
960 2072 1241 2117 transferunt.
1269 2091 1288 2114 »

358 2146 433 2188 VI.
474 2163 494 2186 «
523 2143 606 2190 Sed
623 2145 657 2188 si
674 2145 849 2189 dubitas
871 2143 925 2188 de
945 2143 1173 2203 principio,
1196 2143 1230 2187 si
1252 2142 1437 2201 ambigis
1456 2143 1511 2186 de
1534 2157 1692 2201 pugnae

299 2215 499 2270 exordio,
540 2217 700 2275 poterit
737 2216 895 2260 diurno
934 2224 1121 2259 tractatu
1162 2214 1432 2273 pacificoque
1470 2213 1692 2273 colloquio

299 2285 421 2329 reddi
460 2287 583 2331 ratio.
625 2286 742 2331 Illud
779 2295 924 2330 tamen
954 2295 1108 2329 notum
1138 2285 1251 2330 facio
1292 2296 1377 2329 tuae
1409 2285 1689 2342 sagacissimae

302 2356 505 2412 bonitati,
533 2358 636 2417 quia
664 2366 765 2401 sunt
783 2357 986 2416 quaedam
1006 2372 1070 2399 rcs
1094 2372 1193 2415 quse
1216 2356 1372 2414 exponi
1396 2356 1454 2398 sic
1475 2371 1563 2398 non
1588 2370 1688 2413 pos-

298 2438 400 2472 sunt
419 2439 468 2472 ut
484 2428 782 2488 intelligantur
800 2447 808 2473 :
834 2427 1002 2472 excedit
1019 2427 1132 2471 cuim
1151 2425 1296 2470 divina
1314 2427 1422 2470 ratio
1438 2426 1685 2471 mortalium

344 2515 355 2534 ¹
375 2514 486 2555 Philip.
506 2514 552 2552 iu,
572 2516 602 2546 5.
