1803 3250
271 249 326 277 AD
357 250 543 277 0Ros1uM
575 251 737 279 CONTRA
771 252 969 278 muscia.
1008 253 1057 277 avr
1092 253 1265 279 enicem.
1395 240 1476 277 440

96 320 159 361 lta
176 316 347 361 nullum
360 325 422 360 est
440 326 649 361 creaturae
665 333 815 376 genus,
835 318 953 376 quod
977 319 1125 362 nonin
1149 319 1326 362 homine
1345 319 1477 377 possit

93 388 264 446 agnosci
285 407 294 432 :
321 403 369 432 ac
386 388 445 432 sic
462 389 602 432 omnis
618 398 814 433 creatura
832 388 878 431 in
902 405 953 433 eo
970 390 1251 448 congemiscit
1273 399 1315 433 et
1333 389 1451 434 dolct
1463 426 1473 444 ,

93 458 402 503 revelationem
437 457 629 502 filiorum
661 459 737 504 Dei
765 468 1016 517 expectans,
1046 476 1144 519 quae
1174 475 1250 519 per
1287 461 1479 519 corporis

92 528 223 573 etiam
249 528 607 573 resurrectionem
626 564 637 585 ,
669 531 747 573 etsi
775 544 865 572 non
892 529 937 572 in
971 530 1174 573 omnibus
1201 530 1476 586 hominibus,

93 599 233 643 omnis
258 608 407 643 tamen
427 615 450 642 a
476 599 765 658 corruptionis
784 599 990 643 servitute
1012 598 1267 644 liberabitur
1281 635 1291 655 ,
1312 601 1413 660 quia
1436 611 1480 645 et

94 671 139 714 in
162 669 339 729 singulis
365 670 506 715 omnis
532 680 609 715 est,
641 673 698 715 Et
721 671 753 715 si
780 686 869 731 quo
899 670 982 715 alio
1008 671 1138 715 modo
1161 672 1314 716 melius
1338 681 1480 731 potest

93 742 208 786 idem
233 741 355 787 locus
373 742 707 802 apostolicarum
729 741 972 787 litterarum
986 741 1171 801 intelligi
1191 761 1200 787 :
1226 758 1315 786 non
1336 754 1481 788 tamen

93 828 145 857 ex
175 812 337 857 eisdem
365 813 509 858 verbis
531 828 799 874 consequens
832 821 919 868 est,
948 823 998 857 ut
1029 812 1165 857 solem
1202 822 1245 857 et
1266 813 1417 858 lunam
1440 823 1483 858 et

92 882 231 927 sidera
263 884 584 942 congemiscere
611 882 862 938 credamus,
901 882 1041 928 donec
1073 883 1119 927 in
1156 884 1301 928 saeculi
1329 884 1416 928 fine
1458 901 1482 929 a

92 954 382 1013 corruptionis
405 954 612 999 servitute
630 954 886 999 liberentur.

151 1027 252 1069 XII.
282 1028 391 1071 Sane
412 1027 619 1086 quoniam
643 1025 759 1080 dixi,
786 1025 841 1070 de
871 1025 1027 1070 divinis
1058 1025 1177 1069 libris
1211 1024 1407 1084 legatur,
1438 1036 1481 1071 et

92 1096 308 1142 credimus
337 1116 345 1141 z
378 1113 434 1141 ne
457 1106 499 1142 te
522 1096 702 1142 forsitan
731 1096 855 1142 fallat
882 1096 1002 1157 quod
1024 1096 1079 1141 de
1101 1097 1213 1141 libro
1238 1098 1372 1141 sancti
1397 1098 1482 1142 Job

96 1167 290 1226 proferre
320 1167 508 1212 assolent
537 1168 613 1227 qui
644 1169 738 1212 haec
769 1177 989 1221 asserunt,
1025 1168 1102 1211 ubi
1131 1168 1339 1227 scriptum
1370 1179 1433 1214 est
1469 1188 1477 1213 ε

96 1257 115 1280 «
141 1239 375 1292 Quomodo
392 1240 472 1283 erit
486 1239 619 1284 homo
632 1239 775 1298 justus
788 1255 933 1284 coram
950 1240 1152 1294 Domino,
1173 1239 1243 1283 vel
1258 1241 1482 1300 quomodo

96 1329 114 1351 »
140 1325 184 1354 se
205 1308 438 1355 mundabit
454 1319 582 1354 natus
600 1325 653 1354 ex
670 1310 879 1354 muliere?
895 1312 927 1354 si
950 1311 1067 1354 lunae
1082 1312 1277 1370 praecipit
1295 1346 1304 1363 ,
1327 1321 1370 1356 et
1392 1328 1481 1356 non

95 1398 115 1421 »
140 1379 280 1436 lucet,
301 1395 382 1425 nec
405 1379 541 1425 stellae
561 1389 665 1425 sunt
680 1380 858 1424 mundae
881 1390 980 1425 ante
1002 1396 1100 1424 eum
1121 1416 1130 1435 ,
1158 1392 1324 1440 quanto
1346 1383 1482 1441 magis

95 1469 116 1491 »
142 1451 275 1495 homo
292 1450 503 1510 putredo,
528 1459 572 1495 et
593 1450 708 1495 filius
727 1451 915 1495 hominis
937 1452 1093 1495 vermis
1116 1453 1161 1495 ²?
1186 1470 1205 1492 »
1234 1452 1345 1496 Hinc
1366 1453 1481 1496 enim

94 1521 248 1566 volunt
268 1521 469 1581 intelligi,
496 1531 540 1566 et
567 1522 823 1566 rationalem
851 1521 1049 1580 spiritum
1070 1521 1232 1565 habere
1254 1522 1420 1578 stellas,
1439 1533 1482 1568 et

93 1592 277 1638 mundas
298 1608 389 1638 non
411 1608 501 1638 esse
523 1609 546 1637 a
564 1602 744 1653 peccato
770 1612 779 1637 :
805 1592 881 1637 sed
911 1593 1011 1637 ideo
1033 1594 1076 1637 in
1099 1593 1221 1638 coelis
1242 1610 1353 1650 esse,
1379 1596 1481 1655 quia

91 1665 300 1725 majorem
311 1663 383 1708 vel
395 1663 620 1708 meliorem
640 1662 788 1708 locum
811 1664 952 1708 minor
966 1664 1094 1724 culpa
1106 1666 1361 1724 promeruit.
1384 1668 1480 1711 Non

94 1750 174 1795 pro
195 1735 451 1780 auctoritate
475 1734 622 1778 divina
643 1735 768 1779 istam
795 1735 1054 1779 sententiam
1078 1736 1370 1795 recipiendam
1392 1753 1482 1782 esse

94 1807 317 1851 existimo:
341 1821 432 1850 non
459 1805 575 1849 enim
597 1820 692 1849 eam
713 1806 802 1864 ipse
834 1806 920 1850 Job
945 1806 1216 1860 enuntiavit,
1242 1808 1313 1851 cui
1335 1809 1483 1866 singu-

93 1878 184 1922 lare
216 1878 409 1937 quodam
449 1878 583 1922 modo
618 1877 916 1922 testimonium
952 1878 1160 1923 divinitus
1199 1880 1455 1938 perhibetur
1470 1917 1480 1936 ,

94 1948 215 2009 quod
241 1968 260 1991 «
285 1951 385 1995 Non
407 1948 649 2008 peccaverit
665 1947 787 1992 labiis
809 1948 896 1991 suis
913 1957 1013 1992 ante
1034 1950 1266 1993 Dominum
1287 1952 1301 1976 3
1323 1972 1334 2007 3
1362 1969 1382 1992 »
1408 1951 1483 1995 sed

95 2036 210 2065 unus
224 2035 275 2064 ex
292 2021 382 2079 ejus
399 2019 562 2073 amicis,
578 2019 656 2078 qui
673 2018 779 2063 dicti
796 2029 898 2063 sunt
917 2038 937 2061 «
959 2019 1251 2065 consolatores
1269 2022 1483 2066 malorum

99 2111 118 2133 »
146 2092 339 2145 omnes⁴,
358 2108 377 2131 »
394 2097 438 2133 et
451 2089 599 2133 divina
617 2090 831 2133 sententia
847 2091 1065 2148 reprobati
1078 2101 1194 2135 sunt.
1205 2092 1323 2136 Sicut
1338 2102 1481 2136 autem

96 2163 141 2207 in
157 2159 419 2221 Evangelio,
439 2160 638 2220 quamvis
658 2175 810 2204 verum
833 2160 887 2204 sit
909 2162 1088 2206 omnino
1111 2164 1232 2221 quod
1249 2163 1362 2208 dicta
1380 2164 1482 2219 sint,

98 2248 188 2278 non
217 2241 365 2277 tamen
396 2231 544 2276 omnia
570 2246 669 2291 quae
696 2231 812 2274 dicta
836 2240 938 2274 sunt
967 2247 1067 2275 vera
1097 2247 1186 2276 esse
1214 2234 1482 2292 creduntur3

98 2305 307 2365 quoniam
326 2305 465 2348 multa
498 2319 522 2347 a
545 2301 709 2347 Judaeis
730 2301 837 2346 falsa
867 2312 910 2346 et
938 2304 1066 2362 impia
1098 2303 1214 2349 dicta
1243 2321 1331 2350 esse
1360 2322 1487 2351 verax

98 2374 325 2434 Evangelii
344 2375 565 2434 Scriptura
584 2383 768 2419 testatur
797 2394 806 2419 ε
831 2375 889 2418 sic
914 2375 958 2418 in
980 2376 1063 2420 hoc
1085 2375 1197 2420 libro
1211 2411 1221 2430 ‚
1244 2377 1318 2420 ubi
1338 2378 1488 2422 multae

99 2462 296 2506 personae
317 2446 475 2492 locutae
492 2461 583 2491 esse
600 2455 833 2490 narrantur
846 2481 857 2500 ,
889 2461 979 2490 non
1002 2446 1142 2491 solum
1165 2448 1273 2506 quid
1292 2447 1483 2503 dicatur,

99 2518 175 2563 sed
203 2534 227 2562 a
255 2533 345 2578 quo
378 2518 510 2563 etiam
540 2517 711 2563 dicatur
738 2516 1101 2562 considerandum
1125 2527 1215 2575 est;
1251 2533 1305 2562 ne
1334 2519 1488 2578 passim

152 2611 157 2623 '
185 2606 276 2636 Rom.
295 2614 367 2643 vm,
397 2614 448 2645 ¹9-
464 2609 529 2626 —²
549 2602 628 2643 Job,
651 2612 726 2642 xxv,
746 2601 777 2642 4.
793 2600 929 2635 -31d,
951 2615 973 2643 1,
994 2601 1284 2644 22.·-=41d.xv1,
1304 2612 1334 2635 2.

299 2667 486 2698 CXXXVI.
1281 2659 1335 2695 ΞΘ
