1803 3250
300 221 352 249 DE
385 218 500 247 Ac'rts
530 221 618 248 cum
654 218 799 248 Fauen
831 218 1080 257 Mmtcnffio,
1116 219 1195 246 uu.
1238 220 1282 245 tl.
1402 208 1487 245 229

100 286 176 332 sed
194 285 417 331 voluntate
440 300 515 330 sua
537 284 709 330 nolunt.
732 286 825 328 Hoc
842 297 943 341 ergo
960 283 1080 343 quod
1098 284 1142 328 in
1157 297 1309 327 eorum
1329 282 1489 328 volun-

103 365 190 402 tate
212 366 276 401 est
296 366 345 401 ut
364 355 528 411 nolint,
550 364 778 416 peccatum
800 363 864 398 est
884 362 1001 398 certe
1022 354 1114 399 sine
1137 352 1282 414 aliqua
1302 354 1489 399 necessi-

101 435 186 472 tate
208 428 348 487 gentis
375 427 669 472 tenebrarum.
696 426 790 469 Hoc
818 439 1003 483 agnosce
1029 439 1118 468 esse
1146 433 1374 484 peccatum
1399 425 1491 469 sine

100 499 352 545 necessitate
368 497 505 556 gentis
522 496 800 541 tenebrarum
822 514 831 540 ε
853 504 897 540 et
914 495 1016 539 inde
1037 495 1156 539 vides
1175 497 1292 539 unde
1314 496 1491 542 veniant

100 584 248 614 omnes
269 569 426 629 culpae,
452 566 571 613 unde
591 566 744 612 merita
761 565 1009 626 culparum,
1030 565 1149 610 unde
1164 564 1491 613 distributiones

100 654 348 700 poenarum.

161 714 234 756 VI.
271 710 450 756 Habetis
477 710 608 755 etiam
634 709 788 755 hocin
818 708 1044 769 scripturis
1074 709 1355 768 apocryphis,
1386 724 1492 769 quas

97 797 237 827 canon
257 782 435 843 quidem
457 779 695 826 catholicus
716 795 806 825 non
831 779 1037 834 admittit,
1055 779 1179 824 vobis
1200 788 1346 823 autern
1369 789 1489 825 tante

98 853 313 912 graviores
348 859 467 907 sunt,
505 860 671 912 quanto
693 866 716 896 a
738 850 957 896 catholico
990 866 1158 895 canone
1185 849 1489 895 secluduntur.

97 923 275 986 Aliquid
307 924 435 968 etiam
463 922 566 968 inde
594 938 960 979 commemorem,
986 924 1107 984 cujus
1130 938 1208 982 ego
1238 923 1494 968 auctoritate

96 1011 187 1041 non
209 1005 373 1049 teneor,
399 993 475 1039 sed
499 1004 546 1039 tu
564 994 851 1040 convinceris.
878 997 930 1039 In
948 993 1129 1039 Actibus
1150 994 1317 1054 scriptis
1334 1009 1358 1039 a
1376 997 1493 1039 Leu-

98 1066 172 1122 tio,
204 1081 311 1126 quos
340 1074 548 1125 tanquam
580 1069 714 1110 Actus
743 1064 1058 1125 Apostolorum
1083 1064 1248 1120 scribit,
1273 1065 1407 1110 habes
1435 1065 1493 1110 ita

95 1138 285 1198 positum
303 1156 312 1182 :
338 1155 357 1178 «
377 1136 552 1181 Etenim
576 1137 768 1195 speciosa
789 1137 1016 1196 figmenta,
1037 1145 1081 1180 et
1104 1136 1338 1181 ostentatio
1358 1137 1495 1180 simu-

94 1208 196 1264 lata,
223 1217 266 1252 et
288 1208 455 1252 coactio
476 1206 730 1262 visibilium,
756 1223 837 1252 nec
860 1206 1042 1267 quidem
1067 1223 1117 1252 ex
1140 1208 1316 1267 propria
1339 1217 1496 1252 natura

94 1278 354 1339 procedunt,
380 1276 455 1321 sed
484 1292 537 1322 ex
562 1292 613 1321 eo
645 1278 846 1333 homine,
873 1279 950 1338 qui
972 1294 1049 1337 per
1072 1293 1116 1323 se
1141 1278 1283 1338 ipsum
1307 1277 1496 1323 deterior

95 1349 234 1395 factus
254 1358 318 1394 est
339 1364 416 1408 per
430 1348 746 1393 seductionem.
773 1367 791 1390 »
814 1349 926 1393 Vide
943 1348 1324 1410 quemadmodum
1343 1349 1430 1404 hic,
1453 1358 1496 1393 et

97 1439 116 1463 «
142 1424 286 1465 Perse
306 1420 451 1480 ipsum
469 1419 591 1475 dicit,
612 1429 656 1464 et
677 1435 754 1479 per
771 1419 1087 1465 seductionem.
1116 1438 1136 1462 »
1161 1420 1266 1464 Fuit
1287 1420 1403 1464 enim
1427 1435 1496 1464 se-

92 1490 251 1536 ductor
272 1491 461 1536 hominis
484 1490 707 1546 diabolus,
740 1507 829 1536 non
853 1501 1009 1536 natura
1031 1500 1255 1552 peccator,
1280 1489 1357 1536 sed
1379 1491 1498 1551 prior

91 1560 318 1608 voluntate
351 1571 571 1622 peccator.
612 1564 696 1607 Sed
735 1562 837 1622 quia
867 1572 960 1607 erat
994 1563 1041 1606 in
1071 1563 1259 1608 hominis
1281 1571 1496 1622 potestate

90 1633 310 1679 seductori
345 1649 435 1678 non
466 1634 729 1689 consentire,
761 1633 861 1678 ideo
891 1634 1081 1694 positum
1114 1643 1209 1680 est:
1237 1653 1256 1676 «
1274 1636 1334 1679 Et
1348 1649 1427 1694 per
1452 1649 1496 1678 se

90 1706 249 1765 ipsum,
275 1714 318 1750 et
339 1720 417 1765 per
437 1704 734 1750 seductionem
755 1724 764 1750 :
786 1724 805 1746 υ
830 1715 880 1750 ut
903 1706 948 1750 in
970 1721 1022 1751 eo
1044 1705 1167 1766 quod
1193 1706 1383 1766 positum
1404 1715 1490 1751 est:

95 1795 115 1820 «
141 1779 223 1821 Per
242 1792 287 1821 se
305 1777 463 1836 ipsum,
482 1796 502 1818 »
526 1775 714 1821 liberum
740 1776 996 1836 arbitrium,
1021 1779 1066 1822 in
1085 1793 1136 1823 eo
1158 1793 1261 1822 vero
1276 1776 1397 1838 quod
1413 1792 1494 1837 po-

90 1847 221 1892 situm
245 1856 330 1892 est:
356 1866 376 1890 «
398 1850 479 1892 Per
500 1847 818 1903 seductionem,
844 1865 863 1888 »
885 1847 1101 1906 intelligas
1129 1846 1370 1904 diabolum,
1402 1863 1493 1893 non

90 1932 390 1979 oppressorem
410 1918 550 1973 inviti,
571 1917 647 1962 sed
666 1926 929 1963 tentatorem
946 1917 1148 1962 volentis.

147 1990 249 2033 VII.
285 1986 474 2033 Proinde
490 1987 592 2048 quia
612 2003 691 2046 ego
710 1987 931 2049 respondi,
949 1997 992 2033 et
1009 1998 1224 2049 quantum
1247 1988 1368 2049 potui
1388 2003 1491 2048 pro·-

90 2059 206 2114 bavi‚
230 2073 280 2102 ea
301 2073 401 2118 quae
423 2057 582 2117 scripta
604 2067 706 2102 sunt
728 2059 774 2102 in
792 2059 915 2103 libris
936 2060 1094 2104 sanctis
1115 2058 1170 2103 de
1189 2060 1492 2119 peccatoribus

89 2138 133 2175 et
153 2130 208 2174 de
222 2130 373 2190 justis,
398 2144 487 2174 non
519 2128 574 2173 ad
602 2129 900 2174 diversitatem
921 2139 1198 2186 naturarum,
1224 2131 1300 2174 sed
1324 2129 1380 2174 ad
1401 2129 1491 2175 dis—

90 2201 345 2247 tinctionem
378 2201 635 2246 meritorum
669 2203 903 2261 pertinere,
935 2202 981 2246 in
1014 2202 1174 2263 quibus
1204 2202 1367 2247 meritis
1399 2218 1490 2248 non

89 2271 387 2316 necessitatem
402 2279 560 2315 natura
581 2270 685 2315 facit
703 2291 713 2328 3
733 2271 808 2316 sed
825 2271 1028 2316 voluntas
1046 2272 1221 2332 culpam
1241 2292 1250 2317 :
1274 2272 1488 2332 responde

89 2352 139 2387 tu
165 2342 220 2387 ad
251 2340 362 2386 illud
393 2341 511 2402 quod
539 2343 630 2403 jam
664 2342 957 2402 interrogavi:
993 2343 1035 2388 Si
1071 2346 1161 2388 Deo
1189 2359 1348 2388 nocere
1376 2343 1487 2389 nihil

89 2422 275 2474 poterat,
293 2428 428 2474 quare
446 2421 614 2473 partem
637 2428 775 2469 suam,
801 2413 1088 2459 substantiam
1105 2429 1245 2471 suam,
1264 2415 1348 2460 hoc
1365 2413 1487 2476 quod

89 2484 181 2545 ipse
207 2492 293 2540 est,
323 2483 607 2543 polluendam
628 2493 672 2529 et
693 2483 913 2544 ligandam
944 2485 1218 2531 daemonibus
1241 2485 1479 2541 miscuerit,

91 2553 211 2616 quod
227 2555 272 2600 in
290 2554 413 2601 nulla
428 2554 575 2601 divina
589 2555 807 2615 Scriptura
824 2556 1031 2602 canonica
1049 2556 1242 2617 potueris
1258 2555 1475 2602 invenire?
