1803 3250
415 221 577 248 cohl'ttA
613 219 826 255 FAUSTUM,
864 220 944 245 litt).
984 221 1122 246 xxxii.
1375 213 1445 248 ,1717

71 284 214 329 lorum
236 286 419 340 Christi,
452 302 507 330 an
530 286 632 344 quia
654 284 774 343 pravi
795 283 961 342 aliquid
989 285 1233 329 docuerunt
1262 288 1455 344 Apostoli

70 355 262 399 Christi?
286 355 587 414 Respondctis,
604 353 705 413 quia
724 368 812 397 non
830 363 930 398 sunt
950 356 1259 412 Apostolorum
1278 358 1452 402 Christi.

71 428 176 471 Nam
194 425 267 471 illa
287 442 370 472 vox
388 426 520 470 altera
545 430 817 483 Paganorum
845 434 928 479 est,
955 427 1030 485 qui
1054 427 1207 471 dicunt
1231 430 1460 487 Apostolos

70 497 230 542 Christi
247 513 335 542 non
357 506 472 541 recta
491 496 704 541 docuisse.
730 498 815 540 Vos
834 511 936 555 ergo
954 497 1062 555 quid
1084 498 1240 550 dicitis,
1259 500 1376 544 unde
1397 517 1461 545 os-

74 567 248 612 tenditis
287 568 528 626 Scripturas
571 566 666 611 illas
703 582 791 610 non
829 567 883 610 ab
917 567 1133 626 Apostolis
1172 569 1462 616 ministratas?

71 638 378 699 Respondetis‚
405 639 506 699 quia
529 637 666 683 multa
697 647 798 682 sunt
835 638 880 682 in
910 639 969 682 eis
1007 649 1050 683 et
1082 640 1194 684 inter
1227 656 1270 684 se
1306 651 1349 685 ct
1381 643 1460 686 sihi

71 710 298 754 contraria.
313 710 503 754 Omnino
515 709 791 754 falsissimum
805 718 884 765 est,
899 726 974 754 vos
985 726 1072 755 non
1087 710 1342 770 intelligitis.
1355 716 1460 757 Nam

70 780 288 841 quidquid
308 781 393 825 tale
415 780 598 840 protulit
617 784 817 836 Faustus,
841 782 962 841 quod
985 782 1108 826 vobis
1141 783 1199 827 ita
1222 782 1460 838 videretur,

71 851 129 895 ita
152 867 240 896 non
266 867 355 896 esse
377 861 668 896 monstratum
692 862 756 897 est
795 872 804 896 ι
840 862 882 897 et
905 852 1124 913 quidquid
1160 852 1244 898 tale
1282 871 1305 899 a
1342 856 1464 899 vobis

72 921 292 982 prolatum
313 922 445 968 fuerit
463 959 473 979 ,
497 925 579 968 hoc
607 923 875 968 docebimus.
902 924 1007 976 Quis
1030 934 1175 969 autem
1200 924 1311 970 ferat
1329 961 1340 981 ,
1374 926 1464 971 lec-

75 1003 212 1040 torem
234 992 305 1038 vel
326 994 589 1049 auditorem,
614 995 884 1053 Scripturam
911 1003 1044 1039 tantae
1069 997 1332 1041 auctoritatis
1354 996 1464 1042 faci‘

71 1063 155 1108 lius
175 1079 307 1124 quam
329 1065 483 1108 vitium
503 1080 592 1108 suae
610 1063 837 1117 tarditatis,
865 1065 1024 1108 audere
1050 1066 1228 1124 culpare
1247 1068 1264 1107 ⁶?
1286 1070 1355 1111 An
1380 1068 1463 1112 hoc

73 1133 214 1178 dicitis
235 1148 311 1178 vos
335 1134 609 1178 Paracletum
630 1134 843 1187 docuisse,
877 1136 1120 1193 Scripturas
1149 1136 1252 1180 istas
1274 1140 1465 1196 Aposto-

72 1204 216 1250 lorum
244 1219 334 1249 non
359 1219 468 1258 esse,
495 1202 570 1247 sed
592 1203 674 1247 sub
697 1218 849 1247 eorum
878 1205 1131 1250 nominibus
1163 1207 1217 1250 ab
1251 1206 1343 1252 aliis
1376 1224 1465 1253 esse

75 1276 372 1336 conscriptas?
401 1278 494 1320 Hoc
516 1275 670 1320 saltem
695 1274 848 1320 docete
870 1276 1001 1321 istum
1023 1278 1166 1336 ipsum
1194 1278 1467 1324 Paracletum

73 1363 186 1402 esse,
212 1363 236 1391 a
257 1362 346 1406 quo
373 1346 581 1391 didicistis
606 1347 698 1390 haec
720 1346 1030 1406 Apostolorum
1055 1363 1145 1392 non
1176 1364 1279 1393 esse.
1307 1352 1375 1393 An
1398 1350 1467 1394 di·-

74 1418 178 1462 cetis
205 1433 214 1458 :
241 1420 389 1476 Ipsum
417 1416 615 1462 Christus
650 1417 876 1476 promisit,
916 1427 958 1462 et
991 1418 1137 1463 misit?
1160 1421 1469 1479 Respondetur

76 1489 224 1535 vobis:
251 1488 442 1532 Omnino
461 1488 591 1532 istum
609 1488 806 1533 Christus
828 1504 909 1533 nec
932 1491 1143 1548 promisit,
1166 1506 1246 1536 nec
1269 1492 1407 1550 misit,
1428 1502 1471 1536 ct.

76 1560 204 1606 simul
232 1559 502 1614 ostenditur,
537 1558 715 1619 quando
742 1560 906 1604 miserit
932 1577 1065 1621 quern
1094 1562 1306 1621 promisit.
1340 1564 1469 1617 Quod

76 1647 180 1691 ergo
199 1646 301 1675 eum
334 1630 530 1676 Christus
563 1627 741 1685 miserit,
778 1632 862 1675 hoc
888 1632 1086 1690 probate.
1131 1633 1252 1677 Unde
1287 1635 1470 1679 asseritis

77 1716 307 1762 personam
327 1700 456 1744 vestri
474 1701 684 1755 auctoriS,
712 1701 781 1745 vel
803 1701 947 1760 potius
971 1702 1213 1762 deceptoris
1231 1705 1248 1747 Ρ
1272 1707 1471 1764 Respon-

79 1772 191 1817 detis
218 1787 268 1816 ex
290 1770 528 1829 Evangelio
549 1786 625 1815 vos
649 1771 849 1830 probare.
874 1775 937 1816 Ex
951 1789 1039 1832 quo
1056 1773 1325 1832 Evangelio?
1345 1776 1472 1829 Quod

80 1859 170 1888 non
191 1851 333 1888 totum
356 1841 545 1901 accipitis
561 1876 572 1896 ‚
607 1841 728 1901 quod
748 1841 952 1886 falsatum
975 1859 1064 1888 esse
1086 1859 1162 1889 vos
1189 1843 1345 1891 dicitis.
1370 1847 1472 1899 Quis

81 1930 185 1974 ergo
201 1922 356 1958 testem
370 1927 497 1957 suum
515 1912 632 1971 prius
651 1912 741 1972 ipse
758 1911 875 1957 dicat
889 1913 1076 1959 falsitate
1091 1930 1181 1959 esse
1194 1926 1469 1976 corruptum,

81 1994 126 2030 et
146 1994 251 2030 ‘tunc
272 1983 488 2044 producat
507 1981 564 2027 ad
589 1983 886 2028 testimonium
905 1986 923 2028 Ρ
948 1985 990 2030 Si
1008 1986 1124 2029 enim
1142 1986 1263 2047 quod
1284 1987 1416 2032 vultis
1435 1989 1473 2032 ei

81 2055 320 2110 credimus,
346 2063 390 2098 et
410 2052 532 2114 quod
553 2069 644 2098 non
669 2052 800 2098 vultis
831 2055 868 2098 ei
893 2071 983 2100 non
1005 2056 1244 2112 credimus,
1262 2059 1354 2118 jam
1383 2074 1473 2104 non

83 2126 174 2182 illi,
204 2126 280 2171 sed
303 2125 426 2171 vobis
454 2123 687 2169 credimus
723 2126 766 2170 Si
802 2134 947 2170 autem
978 2126 1100 2171 vobis
1134 2128 1310 2172 credere
1341 2128 1473 2173 vellc-

83 2213 196 2253 mus,
222 2205 375 2242 testem
406 2213 430 2241 a
456 2195 580 2241 vobis
604 2210 696 2241 non
717 2196 1001 2256 exigeremus.
1029 2197 1195 2242 Deinde
1225 2199 1474 2245 Paracletus

86 2268 271 2327 Spiritus
297 2276 469 2312 sanctus
502 2268 562 2311 sic
594 2276 657 2311 est
684 2268 939 2327 promissus,
978 2278 1027 2313 ut
1056 2269 1305 2315 diceretur:
1334 2289 1354 2313 «
1378 2274 1474 2331 Ipse

87 2356 109 2380 »
134 2353 210 2382 vos
231 2338 412 2382 inducet
431 2338 478 2380 in
499 2352 673 2381 omnem
697 2339 944 2384 veritateml
966 2359 973 2383 :
997 2358 1016 2379 »
1046 2341 1277 2392 Quomodo
1296 2356 1370 2386 vos
1393 2357 1474 2385 au—

87 2418 176 2454 tem
196 2408 270 2452 ille
291 2407 472 2452 inducet
488 2407 534 2450 in
551 2408 792 2465 veritatem,
818 2411 983 2470 quivos
998 2409 1126 2454 docet
1143 2411 1366 2456 Christum
1386 2427 1474 2457 essc

88 2478 322 2524 fallacem?
345 2480 442 2523 Huc
464 2476 646 2535 accedit,
676 2479 778 2538 quia
795 2480 828 2524 si
847 2480 991 2526 onmia
1008 2496 1107 2540 quae
1123 2480 1177 2526 de
1194 2482 1474 2541 promissione

137 2572 147 2587 1
170 2566 264 2597 Joan.
283 2574 352 2605 xvi,
373 2564 425 2597 13.

250 2628 440 2660 cxxxw.
1270 2623 1318 2662 12
