1803 3250
285 197 337 225 nn
368 194 482 226 Acris
511 199 601 226 cum
633 197 776 225 ancn
810 195 1055 238 MAmcnAEo,
1094 199 1175 226 Lm.
1211 201 1258 227 ιι.
1387 192 1469 228 225

90 272 240 309 contra
256 273 427 322 gentem
442 264 736 318 tenebrarum,
754 271 797 307 et
813 263 1028 308 miscuisse
1041 275 1208 310 naturae
1221 266 1474 311 daemonum

88 333 370 394 polluendam
389 344 432 379 et
454 333 673 393 ligandam
695 341 862 392 partem
885 349 1024 390 suam,
1049 352 1148 395 quae
1166 337 1249 380 hoc
1272 346 1335 380 est
1357 336 1477 397 quod

90 404 206 463 ipse;
230 413 320 448 tarn
341 402 599 461 sacrilegum
622 411 700 458 est,
726 411 775 446 ut
797 401 897 446 ferri
922 404 989 448 vix
1012 405 1067 448 ab
1090 405 1368 451 audientibus
1390 422 1483 467 pos-

85 474 168 519 sit:
196 475 279 520 hoc
312 474 515 534 objicitur
550 473 690 532 primo
725 483 853 518 sectee
882 483 1052 529 vestrae,
1084 476 1172 520 sive
1204 476 1375 521 initium
1398 478 1482 522 hoc

86 560 230 600 voces,
268 545 356 590 sive
382 544 592 599 medium,
617 544 705 589 sive
727 545 876 599 finem,
903 560 991 588 non
1015 545 1140 589 valde
1169 545 1213 590 id
1235 563 1362 604 curo3
1400 549 1483 593 hoc

89 625 235 660 tamen
249 615 303 660 de
318 616 400 660 hac
415 615 610 675 epistola,
628 630 759 675 quam
776 614 922 660 fateris
942 631 1032 660 esse
1051 617 1299 673 Manichoei,
1323 617 1488 663 lectum

84 703 174 732 esse
191 703 280 732 non
297 703 454 746 negas:
478 688 562 732 hoc
578 688 703 732 vobis
721 688 941 748 objicitur,
966 689 1049 732 hoc
1065 687 1269 744 defende,
1289 690 1322 734 si
1344 700 1481 748 potes,

87 767 135 802 ut
156 757 212 802 ad
234 758 315 802 alia
353 758 589 802 veniamus.
630 757 753 803 Unde
783 759 942 802 iterum
970 759 1191 818 interrogo
1215 779 1223 804 ;
1263 760 1304 804 Si
1339 763 1480 804 Deum

84 827 461 888 incorruptibilem
489 828 652 884 colitis,
678 829 753 888 qui
777 829 816 872 ei
839 844 995 873 nocere
1020 838 1189 888 poterat
1210 831 1354 875 nescio
1376 847 1483 892 quae

83 913 187 956 gens
218 898 397 943 adversa
425 914 557 959 quam
590 899 777 956 fingitis?
817 900 860 944 Si
894 899 1000 943 nihil
1030 899 1069 943 ei
1104 915 1261 944 nocere
1295 910 1482 960 poterat,

82 967 203 1013 nulla
236 984 362 1014 causa
393 968 482 1013 fnit
515 984 650 1029 quare
683 978 850 1028 partem
885 985 1007 1013 suam
1037 979 1207 1015 naturae
1230 969 1485 1016 daemonum

82 1039 395 1084 commisceret.
425 1039 468 1084 Si
493 1048 640 1083 autem
664 1055 820 1084 nocere
842 1040 881 1083 ei
903 1048 1088 1099 poterat,
1121 1055 1210 1085 non
1243 1044 1381 1085 Deum
1415 1042 1485 1086 in-

81 1110 411 1170 corruptibilem
432 1109 590 1155 colitis.

143 1184 202 1226 11.
241 1184 349 1225 FEL.
377 1180 484 1225 dixit
503 1200 511 1226 :
533 1198 552 1223 «
568 1181 838 1226 Manichaeus
860 1181 967 1225 dicit
988 1180 1096 1226 duas
1120 1198 1207 1226 esse
1225 1192 1420 1239 naturas,
1447 1195 1490 1229 et

76 1252 207 1298 modo
222 1253 324 1297 inde
341 1251 559 1312 culpatur,
573 1252 674 1312 quia
694 1252 801 1296 dixit
814 1253 922 1297 duas
938 1268 1043 1307 esse,
1064 1253 1225 1298 bonam
1241 1263 1283 1298 et
1299 1255 1474 1300 malam.

81 1324 279 1369 Christus
304 1325 347 1367 in
366 1323 606 1383 Evangelio
624 1322 731 1367 duas
751 1323 857 1367 dicit
874 1338 963 1367 esse
980 1323 1155 1368 arbores
1178 1343 1187 1368 :
1213 1326 1354 1369 Arbor
1369 1326 1483 1371 bona

81 1409 307 1456 nunquam
332 1393 438 1439 facit
459 1393 656 1438 fructum
680 1393 847 1437 malum
863 1429 874 1449 ‚
899 1402 944 1438 et
965 1394 1096 1438 arbor
1116 1392 1228 1439 mala
1252 1411 1482 1456 nunquam

78 1464 179 1510 facit
213 1464 406 1510 fructum
445 1466 611 1510 bonum
629 1467 658 1509 ¹.
698 1468 812 1510 Ecce
846 1465 954 1509 duas
988 1474 1184 1510 naturas.
1227 1467 1395 1512 Deinde
1434 1469 1477 1515 in

75 1536 311 1596 Evangelio
327 1537 535 1596 scripturn
551 1545 613 1580 est
631 1555 639 1581 ε
662 1536 888 1598 Numquid
906 1536 1075 1580 bonum
1093 1552 1240 1581 semen
1255 1539 1477 1584 seminasti

74 1609 119 1651 in
143 1610 299 1667 agro2?
322 1608 440 1652 unde
462 1617 760 1667 apparuerunt
788 1607 978 1652 zizania?
1008 1610 1102 1653 Hoc
1124 1608 1327 1654 inimicus
1350 1610 1469 1655 fecit.

73 1681 158 1722 Iste
180 1679 379 1723 inimicus
401 1679 436 1722 si
458 1694 548 1723 non
571 1688 634 1722 est
657 1688 885 1724 extraneus
903 1695 925 1723 a
946 1682 1051 1734 Deo,
1092 1680 1306 1739 probetur
1330 1683 1435 1725 mibi
1456 1701 1464 1726 :

72 1749 106 1794 si
122 1750 175 1793 ad
195 1753 333 1793 Deum
349 1750 537 1808 pertinet
558 1750 758 1794 inimicus
777 1750 870 1803 iste,
889 1749 1019 1810 quale
1041 1766 1188 1795 semen
1211 1752 1468 1797 seminavit?

74 1823 183 1864 Item
204 1820 250 1863 in
279 1818 516 1878 Evangelio
538 1820 749 1878 seriptum
772 1829 851 1875 est,
877 1821 1050 1865 Christo
1079 1820 1266 1877 dicente,
1294 1825 1395 1883 quia
1420 1824 1463 1867 in

72 1891 312 1935 novissimis
341 1890 611 1949 temporibus
647 1890 856 1935 thronum
885 1890 931 1934 in
953 1890 1098 1935 medio
1126 1893 1286 1937 saeculo
1308 1904 1458 1953 ponet,

70 1971 114 2007 et
137 1962 279 2007 mittet
301 1961 486 2020 Angelos
508 1977 608 2006 suos
630 1962 676 2005 in
697 1962 919 2006 Orientem
950 1971 992 2007 et
1019 1964 1321 2021 Occidentem,
1352 1969 1460 2025 Sep-

69 2032 331 2078 tentrionem
350 2041 392 2076 et
409 2032 650 2087 Meridiem,
670 2042 713 2077 et
732 2034 1015 2093 congregabit
1032 2050 1181 2079 omnes
1196 2045 1342 2094 gentes
1360 2046 1461 2082 ante

68 2119 129 2158 se,
150 2113 193 2148 et
210 2103 426 2163 separabit
442 2102 553 2158 illos,
575 2103 686 2149 sicut
702 2113 848 2164 pastor
863 2114 1033 2164 separat
1046 2121 1179 2165 agnos
1196 2107 1250 2151 ab
1268 2108 1453 2152 hoedisb‘.

68 2177 125 2219 Et
150 2184 201 2219 ut
227 2173 513 2234 compendive
541 2173 706 2231 dicam,
738 2175 857 2234 agnis
889 2176 1030 2220 dicet:
1060 2195 1078 2218 «
1107 2180 1171 2221 Ite
1198 2178 1243 2221 in
1272 2193 1455 2236 regnum

72 2264 91 2288 »
126 2246 247 2306 quod
266 2245 387 2290 vobis
406 2254 604 2305 paratum
627 2255 691 2290 est
708 2246 763 2290 ab
787 2247 950 2306 origine
972 2247 1140 2292 mundi.
1168 2248 1322 2294 Hoedis
1341 2250 1456 2295 dicet

71 2335 90 2358 »
126 2317 201 2376 qni
228 2316 274 2360 in
303 2316 471 2360 sinistra
500 2324 622 2375 parte
653 2325 780 2362 sunt:
807 2316 1015 2361 Recedite
1037 2334 1060 2361 a
1084 2333 1153 2362 me
1185 2320 1261 2379 qui
1289 2322 1454 2381 operati

69 2405 91 2429 »
125 2387 223 2432 estis
255 2387 554 2446 iniquitatem:
586 2402 746 2431 nomen
780 2388 896 2432 enim
931 2403 1077 2433 meum
1112 2390 1338 2449 habuistis,
1380 2394 1454 2438 sed

70 2476 91 2500 »
126 2473 255 2518 opera
278 2473 368 2502 non
386 2456 568 2502 fecistis:
592 2457 651 2502 ite
671 2459 717 2502 in
739 2458 883 2517 ignem
906 2469 1142 2517 aeternum,
1177 2463 1253 2522 qui
1281 2474 1456 2524 paratus

115 2549 126 2568 ¹
148 2542 261 2577 Matth.
279 2554 337 2586 vu,
360 2553 411 2585 17.
428 2559 470 2566 —-
486 2548 499 2565 ²
519 2543 567 2576 Id.
583 2553 655 2587 χιιι,
670 2552 725 2587 27.
738 2561 781 2568 —
795 2542 810 2568 3
825 2545 873 2578 Id.
895 2555 974 2588 xxv,
993 2544 1047 2588 41.

256 2606 443 2639 cxxxvi.
1221 2603 1271 2642 15
