1803 3250
342 203 418 237 loo
775 209 807 237 s.
845 207 1072 238 Aucus'rmi
1110 211 1289 240 EPtSm'nl‘t

330 277 474 326 sunt¹,
502 272 600 316 inde
624 273 827 319 Ecclesiae
850 274 905 319 de
926 277 1087 336 quibus
1109 276 1162 321 ad
1187 276 1359 321 Galatas
1380 276 1486 322 dicit
1513 296 1520 322 2
1549 296 1569 320 «
1592 281 1720 323 Eram

333 363 353 385 »
372 353 515 388 autem
535 342 710 401 ignotus
733 344 843 390 facie
859 345 1059 391 Ecclesiis
1082 347 1249 392 Judaeae
1271 363 1371 408 quae
1393 356 1494 392 sunt
1515 349 1559 392 in
1579 349 1723 394 Chris-

334 436 350 455 »
375 424 417 458 to
426 418 462 457 ²:
478 431 497 454 »
521 413 638 458 unde
660 425 702 460 et
717 414 906 477 lapidem
923 418 1175 478 angularem
1193 420 1238 463 in
1253 421 1434 464 Psalmis
1454 411 1721 479 appellatum

328 485 561 530 Dominum
583 486 641 531 sic
661 487 1013 548 interpretatur³‚
1035 490 1156 552 quod
1177 491 1286 537 duos
1304 491 1486 551 parietes
1501 492 1548 535 in
1564 507 1608 536 se
1627 492 1722 552 ipso

321 557 613 616 conjunxerit:
635 577 654 600 «
675 559 1025 606 Circumcisionis
1039 561 1242 607 videlicet
1257 571 1300 607 et
1313 562 1531 622 praeputii,
1551 571 1601 606 ut
1614 560 1724 606 duos

325 646 346 669 »
381 627 589 673 conderet
606 629 649 673 in
665 645 708 673 se
722 631 766 674 in
784 647 922 676 unum
937 648 1102 678 novum
1119 634 1361 688 hominem,
1379 632 1539 677 faciens
1552 648 1722 692 pacem,

326 717 346 740 n
382 709 425 744 et
445 709 736 746 commutaret
766 711 976 763 utrosque
1005 705 1050 748 in
1073 720 1162 749 uno
1185 719 1366 764 corpore
1389 707 1502 759 Deo,
1530 718 1606 763 per
1626 719 1725 748 cru·

324 788 343 812 »
380 786 474 815 cem
512 771 777 817 interficiens
812 773 1058 818 inimicitias
1096 776 1140 818 in
1178 774 1429 834 semetipso,
1471 784 1514 818 et
1545 775 1724 819 veniens

323 860 344 883 »
381 843 698 902 evangelizaret
731 859 883 903 pacem
919 845 967 887 iis
1002 846 1078 904 qui
1111 845 1242 905 longe
1266 855 1309 890 et
1328 846 1379 889 iis
1399 846 1475 905 qui
1498 861 1657 906 prope,
1684 845 1727 889 id

327 932 347 956 »
383 924 462 969 est,
482 916 686 973 gentibus
706 915 836 974 longe
856 925 898 959 et
912 914 1076 959 Judaeis
1097 932 1230 976 prope
1241 919 1273 972 4,
1294 918 1383 977 ipse
1406 918 1521 961 enim
1540 934 1621 976 pax
1635 933 1728 962 nos-

325 1003 345 1025 »
384 994 463 1039 tra,
489 986 566 1044 qui
590 984 693 1030 feeit
712 995 901 1045 utraque
924 989 1318 1043 unum:»)merit0
1336 996 1378 1031 et
1398 988 1476 1032 iste
1489 988 1725 1048 Propheta,

322 1055 430 1099 filios
453 1055 567 1100 Juda
592 1072 759 1116 ponens
782 1072 862 1116 pro
892 1056 1078 1111 Judaeis,
1106 1066 1149 1100 et
1172 1057 1283 1101 filios
1310 1059 1440 1101 Israel
1470 1075 1549 1117 pro
1586 1060 1729 1117 genti-

319 1126 416 1170 bus.
450 1145 469 1168 «
500 1130 553 1171 Et
577 1128 984 1187 congregabuntur,
1011 1128 1171 1188 inquit,
1200 1128 1277 1171 filii
1301 1127 1417 1172 Juda
1437 1137 1480 1172 et
1497 1128 1575 1172 filii
1595 1130 1727 1174 lsrael

325 1215 344 1238 »
381 1198 556 1255 pariter,
578 1207 619 1241 et
642 1209 810 1257 ponent
831 1199 1005 1244 sibimet
1026 1209 1157 1258 caput
1177 1215 1333 1255 unum,
1360 1209 1402 1244 et
1420 1199 1656 1244 ascendent
1672 1200 1728 1244 de

323 1286 344 1308 n
382 1270 535 1311 terra⁵.
562 1286 582 1309 »
606 1270 717 1313 Huic
742 1270 890 1328 itaque
914 1269 1155 1328 prophetiae
1180 1279 1266 1314 tam
1291 1269 1518 1315 manifeste
1542 1271 1635 1330 ipso
1662 1287 1729 1315 re-

323 1353 421 1382 rum
456 1338 618 1383 effectu
649 1338 896 1394 declaratae,
929 1339 1126 1400 quisquis
1161 1340 1437 1396 contradicit,
1470 1357 1560 1386 non
1582 1341 1726 1386 solum

325 1410 604 1469 propheticis,
643 1411 931 1455 verumetiam
966 1411 1209 1468 apostolicis
1248 1411 1431 1469 litteris,
1471 1427 1550 1457 nec
1585 1412 1726 1457 solum

324 1481 594 1542 quibuslibet
606 1480 776 1535 litteris,
791 1482 1075 1526 verumetiam
1092 1483 1222 1526 rebus
1234 1482 1424 1540 impletis
1439 1493 1481 1527 et
1496 1483 1729 1528 clarissima

326 1551 426 1596 luce
457 1551 662 1611 perfusis,
693 1551 1071 1612 impudentissime
1101 1552 1375 1597 contradicit.
1414 1552 1592 1613 Aliquid
1626 1569 1729 1613 ergo

327 1622 517 1668 fortassis
536 1623 821 1682 diligentioris
843 1623 1097 1683 requirebat
1115 1624 1370 1668 intentionis
1397 1626 1421 1667 J
1427 1625 1524 1668 udae
1544 1624 1726 1681 sactum,

328 1704 377 1740 ut
398 1696 493 1740 haec
516 1693 745 1740 fornicaria
763 1730 773 1750 ,
800 1710 899 1755 quae
921 1695 1136 1754 significat.
1159 1695 1397 1740 Ecclesiam
1422 1695 1477 1740 de
1500 1696 1727 1756 gentilium

328 1768 687 1826 superstitionum
708 1767 1016 1826 prostitutione
1035 1766 1280 1822 collectam,
1299 1767 1343 1810 in
1364 1768 1517 1812 habitu
1536 1768 1732 1830 mulieris

329 1838 445 1883 illius
467 1854 566 1898 quae
590 1839 778 1882 Thamar
800 1837 1016 1897 appellata
1041 1847 1124 1893 est,
1147 1848 1290 1897 posset
1315 1839 1490 1897 agnosci
1517 1859 1525 1883 ;
1552 1839 1623 1883 hic
1647 1855 1728 1883 au-

335 1918 437 1965 tem,
459 1924 559 1954 cum
581 1909 673 1969 ipsa
695 1910 917 1969 Scriptura
938 1925 982 1953 se
1003 1909 1183 1968 aperiat,
1203 1925 1393 1969 cumque
1416 1910 1729 1969 Apostolorum

338 1980 680 2025 consonantibus
704 1979 856 2024 litteris
874 1978 1132 2034 illustretur,
1150 1980 1256 2040 quid
1276 1980 1346 2024 hic
1371 1979 1552 2024 ulterius
1572 1981 1730 2026 immo-

334 2067 494 2106 ramur,
528 2066 576 2095 ac
603 2066 692 2096 non
718 2052 808 2111 jam
835 2049 1032 2095 videmus
1070 2051 1190 2110 quod
1214 2059 1345 2095 restat
1379 2050 1433 2094 de
1458 2050 1624 2096 famulo
1652 2052 1730 2096 Dei

337 2126 505 2180 Moyse,
521 2123 630 2183 quid
649 2123 778 2167 etiam
798 2122 889 2182 ipsa
907 2122 1152 2182 significent
1169 2138 1268 2181 quae
1284 2125 1468 2167 Faustus
1485 2123 1671 2183 objecit?

395 2196 487 2239 XC.
525 2193 655 2247 Quod
668 2193 972 2238 eniml'ratrem
987 2192 1243 2248 defendens,
1263 2193 1726 2253 occiditAEgyptium⁶‚

337 2265 473 2309 cuivis
496 2264 701 2309 facillime
725 2265 929 2319 occurrit,
950 2265 1206 2323 injuriosum
1227 2264 1350 2306 nobis
1374 2263 1420 2306 in
1440 2264 1521 2308 hac
1544 2266 1730 2324 peregri-

338 2337 514 2381 natione
533 2335 757 2380 diabolum
783 2351 805 2379 a
822 2334 1010 2379 Domino
1027 2333 1201 2378 Christo
1222 2333 1347 2377 nobis
1366 2332 1553 2380 defensis
1570 2335 1726 2381 occidi.

337 2406 466 2460 Quod
490 2421 590 2451 vero
616 2406 661 2451 in
684 2421 812 2451 arena
840 2405 987 2450 obruit
1010 2405 1339 2464 interemptum,
1366 2405 1645 2451 manifestum
1666 2417 1730 2452 est

387 2515 396 2532 ¹
418 2513 487 2543 Act.
509 2522 547 2551 11,
567 2509 620 2550 ἧι,
641 2516 671 2542 ct
693 2521 735 2551 iv,
756 2508 788 2551 ,4.
805 2526 846 2533 —-
866 2517 877 2532 2
899 2509 968 2542 Gal.
985 2520 1007 2550 1,
1031 2517 1062 2541 2.
1081 2526 1121 2532 ——-
1140 2507 1151 2532 3
1172 2509 1249 2541 Psal.
1271 2520 1369 2552 cxvii,
1395 2519 1448 2544 22.
1464 2528 1502 2533 —
1527 2509 1671 2553 4Ephes.
1691 2522 1727 2553 ιι,

344 2564 454 2606 14-17.
473 2565 536 2589 -5
555 2568 688 2608 Osee,1,
711 2577 762 2599 11.
783 2583 821 2590 —-
839 2564 970 2598 ssssxod.
990 2576 1022 2606 ιι,
1047 2573 1095 2597 12.
