1803 3250
349 243 436 286 394
777 256 810 285 s.
848 256 1078 286 Auens-rim
1111 260 1294 288 unacort

349 324 542 381 ignorat,
567 321 689 382 quod
711 322 829 368 aliud
856 325 910 368 sit
943 325 1108 369 nutrire
1136 326 1339 385 parvulos
1355 363 1365 382 ,
1393 328 1511 373 aliud
1536 332 1738 392 decipere

347 393 571 451 credulos3
597 394 716 438 aliud
740 394 853 439 alere
873 405 921 440 ut
943 407 1152 452 crescant,
1179 398 1300 443 aliud
1332 415 1460 458 agere
1483 416 1538 445 ne
1559 403 1743 450 vivant?

351 464 467 508 Talia
485 466 649 524 quippe
667 467 746 509 iste
765 467 870 512 dicit
886 483 933 512 ac
955 470 1086 513 sentit
1104 470 1158 513 de
1184 473 1271 514 Deo
1289 471 1416 528 Legis
1438 481 1481 516 et
1504 475 1744 533 Propheta-

345 550 459 590 rum,
487 551 536 580 ac
559 535 614 579 de
637 537 738 596 ipsis
761 541 940 583 omnino
959 539 1138 593 litteris,
1175 549 1224 584 ut
1253 541 1495 585 secundum
1526 545 1617 603 ejus
1645 561 1744 590 sen-

344 609 522 652 tentiam
539 625 670 668 quam
688 609 743 653 de
761 610 842 655 illis
856 612 1004 665 hahet,
1024 612 1203 672 quando
1223 613 1418 672 Apostoli
1439 614 1737 673 praedicabant

342 680 620 725 credentibus
638 683 763 741 Legis
781 693 823 727 et
844 685 1162 742 Prophetarum
1181 688 1337 739 Deum,
1355 694 1398 728 et
1416 687 1739 734 confirmabant

341 753 641 796 auctoritatem
666 754 816 797 talium
841 755 1180 813 Scripturarum‚
1206 770 1295 798 non
1317 756 1383 799 lac
1401 759 1645 814 potandum
1669 761 1734 803 vi-

340 824 528 868 deantur
559 823 726 868 dedisse
759 826 975 884 parvulis,
1012 826 1087 869 sed
1119 841 1356 872 venenum.
1399 830 1529 881 Quod
1562 830 1617 874 de
1652 830 1738 876 illis

341 895 539 956 quisquis
561 895 713 949 credit,
741 896 920 954 desipit,
948 896 1154 951 vanescit,
1177 897 1350 942 insanit.

401 968 473 1008 Vl.
503 968 706 1023 Ergo-ne,
734 967 790 1009 ait
813 965 984 1026 aliquis,
1004 965 1162 1011 frustra
1187 967 1298 1013 dixit
1319 970 1580 1028 Apostolus:
1603 989 1623 1013 «
1640 973 1738 1016 Non

344 1056 363 1077 »
391 1036 513 1095 potui
537 1036 660 1080 vobis
680 1036 803 1098 loqui
825 1038 949 1097 quasi
979 1037 1267 1097 spiritalibus,
1293 1039 1371 1083 sed
1401 1040 1523 1100 quasi
1554 1041 1740 1085 carnali-

344 1126 363 1148 »
393 1107 503 1165 bus3
530 1108 655 1167 quasi
684 1107 874 1167 parvulis
901 1110 945 1152 in
968 1109 1158 1158 Christo,
1184 1109 1251 1153 lac
1274 1110 1399 1154 vobis
1428 1119 1580 1169 potum
1602 1110 1705 1156 dedi
1722 1111 1757 1165 ,'

342 1197 362 1217 »
384 1194 472 1221 non
500 1193 665 1233 escam,
705 1178 902 1223 nondum
937 1180 1054 1223 enim
1085 1180 1316 1239 poteratis¹
1338 1199 1346 1225 z
1372 1199 1391 1221 n
1418 1191 1488 1235 et,
1519 1200 1539 1223 «
1562 1182 1741 1241 Sapien-

345 1269 364 1290 »
394 1250 494 1294 tiam
520 1249 745 1310 loquimur
766 1251 881 1295 inter
896 1250 1169 1311 perfectos2:
1191 1271 1209 1293 n
1235 1261 1278 1296 et
1296 1288 1306 1306 ,
1338 1272 1357 1294 «
1379 1252 1588 1297 Animalis
1609 1255 1740 1299 homo

344 1342 359 1361 »
387 1337 476 1366 non
499 1322 683 1381 percipit
704 1338 803 1386 quae
832 1333 934 1366 sunt
965 1323 1149 1381 Spiritus
1185 1324 1314 1366 Deiss‘?
1335 1342 1354 1363 υ
1379 1324 1506 1367 Absit
1528 1334 1577 1368 ut
1609 1336 1738 1383 pute-

339 1408 433 1437 mus
457 1409 554 1437 eum
579 1394 766 1438 inaniter
791 1410 872 1438 nec
893 1395 1102 1438 veraciter
1124 1396 1201 1438 ista
1225 1395 1395 1438 dixisse.
1423 1395 1649 1455 Numquid
1670 1406 1738 1440 ta*

339 1479 437 1508 men
453 1465 552 1509 ideo
569 1467 812 1509 credendus
827 1475 890 1509 est
908 1481 1177 1525 quemquam
1196 1465 1276 1509 sibi
1295 1465 1568 1510 credentium
1585 1466 1737 1512 fallere.

336 1535 551 1579 voluisse?
576 1537 704 1580 Dedit
737 1536 870 1594 igitur
892 1536 1083 1596 parvulis
1108 1552 1260 1596 parva,
1298 1552 1387 1582 non
1420 1536 1552 1595 falsa,
1578 1536 1732 1595 lactea,

339 1623 428 1652 non
451 1608 577 1652 noxia
598 1630 608 1665 3
633 1608 864 1652 nutritoria
881 1643 892 1663 ‚
924 1624 1014 1652 non
1036 1609 1345 1668 peremptoria.
1380 1612 1511 1653 Porro
1534 1619 1678 1654 autem
1701 1613 1734 1654 si

338 1695 425 1722 non
438 1689 500 1723 est
513 1695 663 1723 verum
678 1678 799 1739 quod
817 1680 900 1724 ait:
924 1679 1086 1724 Filium
1100 1682 1175 1724 Dei
1190 1681 1434 1725 secundum
1449 1696 1623 1725 carnem
1639 1682 1732 1727 fac-

336 1759 430 1793 tum
453 1765 544 1794 esse
566 1766 617 1794 ex
635 1750 798 1795 semine
822 1751 959 1795 David
982 1771 990 1796 z
1017 1751 1049 1795 si
1075 1767 1164 1796 non
1186 1762 1249 1795 est
1278 1767 1428 1796 verum
1459 1752 1583 1812 quod
1604 1761 1734 1797 natu-

334 1819 442 1864 rales
466 1822 572 1865 rami
591 1831 769 1881 propter
788 1821 1140 1866 incredulitatem
1167 1822 1290 1866 fracti
1307 1832 1405 1868 sunt
1423 1858 1434 1877 ,
1459 1832 1510 1866 ut
1530 1823 1572 1866 in
1589 1823 1733 1868 radice

333 1901 479 1937 sancta
504 1892 796 1938 israelitarum
813 1910 865 1937 ex
883 1895 1099 1938 Gentibus
1117 1894 1294 1938 veniens
1312 1893 1451 1938 fidelis
1469 1894 1732 1939 insereretur

333 1964 529 2020 oleaster,
555 1974 598 2009 et
620 1967 742 2010 fieret
764 1966 979 2025 particeps
1002 1964 1280 2024 pinguedinis
1298 1965 1406 2009 oleae
1428 1984 1435 2009 :
1461 1967 1494 2008 si
1517 1981 1606 2010 non
1629 1975 1730 2010 sunt

333 2035 503 2096 eloquia
530 2037 626 2091 Dei,
651 2036 726 2080 sed
745 2036 889 2080 nescio
909 2036 1048 2095 cujus,
1076 2044 1123 2079 ut
1145 2036 1224 2079 iste
1244 2036 1536 2095 blasphemat,
1559 2037 1729 2096 pessimi

331 2106 559 2162 daemonis,
579 2108 634 2151 de
649 2107 810 2167 quibus
833 2107 964 2151 dicit:
995 2126 1014 2148 «
1037 2107 1233 2151 Primum
1251 2106 1428 2167 quidem
1449 2107 1550 2166 quia
1567 2107 1730 2152 credita

336 2197 355 2219 »
383 2188 486 2223 sunt
504 2178 588 2223 illis
605 2179 779 2238 eloquia
798 2180 903 2223 Dei⁴
926 2198 934 2223 :
961 2197 980 2220 υ
1006 2178 1204 2238 profecto
1226 2182 1300 2238 qui
1326 2180 1419 2223 haec
1441 2179 1634 2239 parvulis
1651 2179 1729 2224 da-

337 2251 422 2304 bat,
449 2252 523 2311 qui
550 2252 641 2295 haec
666 2261 873 2312 tanquam
898 2267 998 2295 vera
1022 2250 1314 2309 praedicabat,
1346 2251 1422 2311 qui
1450 2252 1568 2295 credi
1601 2250 1725 2296 vole-

335 2321 408 2364 bat
424 2357 434 2375 ,
461 2322 636 2366 delebat
660 2324 851 2376 miseros,
878 2337 967 2366 non
987 2321 1144 2365 alebat.
1167 2322 1296 2375 Quod
1320 2338 1342 2365 a
1361 2321 1448 2365 fide
1472 2331 1603 2382 atque
1623 2322 1729 2367 doc.-

334 2392 444 2435 trina
471 2394 687 2438 veracium
713 2395 874 2439 Christi
894 2393 1203 2454 Apostolorum
1224 2393 1434 2454 quoniam
1456 2409 1546 2438 csse
1569 2394 1727 2439 scimus

333 2463 520 2507 alienum
541 2501 550 2518 ,
579 2475 707 2510 restat
730 2475 778 2510 ut
799 2467 941 2526 ipsum
975 2474 1184 2526 tanquam
1212 2475 1377 2524 pestem
1402 2474 1533 2525 atque
1556 2467 1723 2510 hostem

334 2534 435 2579 fidei
470 2535 715 2580 christianae
753 2537 1129 2582 vehementissime
1167 2536 1435 2599 detestemur
1453 2571 1465 2592 ,
1499 2537 1575 2598 qui
1604 2546 1722 2582 tanta

383 2626 392 2641 ¹
420 2630 430 2650 1
452 2621 526 2652 Cor.
545 2631 594 2661 111,
618 2631 646 2653 1.
660 2638 700 2645 ·-
715 2621 794 2654 ²1d.
814 2632 850 2663 ιι,
867 2621 955 2654 6.-
969 2619 984 2645 3
1000 2621 1083 2654 lbid.
1107 2620 1213 2662 140-
1228 2621 1244 2650 4
1261 2623 1354 2653 Rom.
1374 2632 1424 2663 m,
1442 2629 1474 2653 2.
