1803 3250
498 207 696 238 EPISTOLA
727 208 784 237 An
815 208 1114 239 AUGUSTINUM.
1418 205 1501 241 289

116 285 290 337 pectora
311 296 319 323 :
345 286 396 323 ut
416 286 524 338 puta
541 278 624 322 hoe
647 278 804 337 ipsum,
830 279 1054 336 quomodo
1077 278 1162 322 sint
1185 278 1284 322 duae
1307 289 1497 335 naturae3

114 357 188 393 aut
206 364 341 409 quare
357 348 615 408 pugnaverit
632 348 707 408 qui
723 345 830 390 nihil
849 356 1017 405 poterat
1032 348 1122 407 pati
1139 368 1148 393 :
1169 364 1249 393 nec
1266 365 1354 394 non
1372 351 1501 394 etiam

113 417 169 464 de
190 419 349 464 saeculo
371 435 502 475 novo,
528 418 648 479 quod
670 418 785 462 idem
807 428 1041 473 memorat,
1076 419 1176 479 quia
1201 422 1386 478 praecisis
1409 438 1502 466 ma—

111 489 240 534 ximae
259 489 374 533 illius
395 499 522 534 terrae
540 489 731 533 motibus
749 489 832 533 hoc
849 488 1107 533 aedificetur.
1129 491 1235 542 Quis
1253 502 1399 536 autem
1424 494 1504 537 ad-

111 561 255 605 mittat
275 561 388 604 inter
409 559 556 604 divina
579 558 772 619 praecidi,
792 558 956 604 scilicet
973 559 1054 603 nisi
1075 560 1256 618 figuram
1279 562 1412 606 facias
1434 563 1504 608 in-

112 632 390 692 terpretantis
405 631 461 676 ad
478 630 740 686 auditorem,
756 630 858 691 quia
871 631 927 674 ab
939 631 1021 676 hoc
1036 632 1168 676 verba
1187 633 1501 691 praeciduntur,

110 712 154 748 et
174 703 220 748 in
238 703 313 748 illo
329 712 671 763 componuntur.
694 704 752 747 Et
769 701 968 763 quamvis
991 711 1198 747 tractator
1219 702 1357 749 multa
1381 704 1503 750 dixe-

111 773 195 830 rit,
233 789 332 835 quae
354 783 500 819 teneat
522 775 640 834 apud
662 789 706 818 se
729 774 920 830 auditor,
947 782 1094 818 tamen
1116 790 1139 819 a
1164 783 1397 820 tractatore
1420 792 1509 821 non

110 856 378 892 recesserunt
396 866 405 892 :
425 846 506 891 nisi
521 845 664 891 taliter
677 855 720 891 et
733 847 788 891 de
804 846 880 891 illo
893 847 1050 892 sentias
1068 846 1244 904 saeculo,
1261 857 1304 893 et
1326 847 1371 892 id
1386 848 1507 909 quod

109 919 267 964 dicitur
289 919 472 964 stultum
492 918 590 965 satis
612 928 656 964 et
676 919 891 979 ineptum.
919 922 985 964 Ita
1007 935 1184 981 quoque
1206 929 1250 964 et
1264 920 1318 964 de
1337 935 1503 980 pugna,

107 991 227 1052 quod
250 991 331 1036 nisi
349 992 490 1051 primo
507 992 724 1051 conjicias,
750 991 852 1052 quia
873 994 986 1036 Deus
1009 1001 1126 1036 totus
1141 992 1309 1053 justitia
1332 1002 1411 1048 est,
1438 992 1506 1037 ul-

108 1063 264 1108 timum
298 1073 445 1108 autem
477 1063 646 1108 facinus
679 1073 743 1108 est
777 1063 984 1108 invadere
1017 1063 1186 1108 aliena:
1212 1064 1267 1108 ad
1296 1065 1379 1109 hoc
1405 1080 1506 1110 vero

106 1151 209 1180 cum
235 1136 402 1181 venerit
435 1136 649 1180 contraria
680 1145 851 1190 natura,
884 1135 957 1179 ille
991 1136 1169 1195 quidem
1197 1136 1305 1180 nihil
1336 1147 1505 1196 poterat

106 1207 211 1266 pati,
239 1208 342 1268 quia
363 1208 567 1267 praescius
589 1216 697 1261 erat,
723 1207 839 1252 visus
861 1205 1010 1251 fuisset
1032 1206 1215 1252 facinori
1237 1209 1504 1253 consensisse

104 1279 185 1324 nisi
214 1288 472 1339 pugnasset:
504 1287 547 1323 et
573 1277 671 1322 ideo
699 1293 901 1336 magnam
929 1279 1134 1337 opposuit
1156 1281 1347 1323 venienti
1366 1281 1503 1324 virtu-

107 1359 209 1406 tem,
235 1350 298 1394 uti
315 1350 483 1410 justitia
504 1349 637 1409 ipsius
656 1347 776 1393 nulla
795 1349 1067 1408 pollueretur
1085 1349 1296 1408 sacrilegii
1314 1366 1503 1396 consen-

103 1421 236 1465 sione.
266 1424 330 1465 Ita
351 1421 468 1465 enim
491 1422 546 1464 ab
569 1435 620 1464 eo
638 1421 781 1480 justus
803 1420 950 1464 finitus
972 1430 1050 1476 est,
1069 1430 1119 1465 ut
1136 1436 1216 1465 nec
1237 1422 1328 1479 ipse
1348 1432 1501 1482 peccet

103 1492 356 1553 aliquando,
375 1506 455 1536 nec
470 1490 707 1552 aliquando
723 1492 965 1536 consentiat
982 1493 1212 1551 peccatori.
1232 1492 1350 1537 Illud
1369 1495 1500 1540 etiam

101 1564 204 1624 quia
224 1567 336 1608 Deus
357 1563 404 1608 in
424 1578 503 1607 suo
527 1577 661 1622 regno
680 1571 833 1621 potens
855 1571 946 1606 erat
969 1562 1015 1607 in
1038 1572 1209 1614 natura,
1230 1573 1279 1608 ut
1293 1566 1498 1625 omnipo-

103 1646 196 1681 tens
220 1645 262 1681 et
283 1635 433 1697 judex.
463 1637 566 1679 Haec
589 1636 623 1679 si
645 1633 824 1695 quidem
846 1635 904 1679 ita
927 1634 1042 1679 dicta
1073 1645 1199 1691 sunt,
1234 1652 1324 1681 non
1352 1647 1401 1682 ut
1424 1638 1496 1684 ille

101 1707 242 1752 factus
264 1707 439 1762 est‚sed
459 1716 508 1751 ut
530 1706 696 1766 assequi
716 1720 794 1764 ego
816 1722 906 1751 non
923 1706 1064 1751 valui1
1085 1727 1093 1752 :
1121 1707 1265 1753 adhuc
1288 1724 1376 1753 non
1395 1711 1494 1756 satis

100 1779 269 1824 faciunt
289 1780 500 1839 perfidiae,
526 1795 607 1824 nec
629 1779 753 1823 caecis
775 1777 840 1823 sol
861 1788 1034 1823 exortus
1051 1789 1129 1834 est,
1155 1796 1235 1824 nec
1252 1782 1393 1826 surdis
1411 1798 1494 1827 vox

101 1851 248 1896 audita
280 1859 366 1906 est,
401 1866 482 1895 nec
517 1851 649 1909 dapes
681 1849 864 1894 mortuis
897 1860 1165 1909 praeparatae.
1193 1852 1323 1904 Quod
1346 1863 1491 1898 autern

99 1923 195 1968 loca
216 1923 382 1968 naturis
402 1922 608 1982 assignari
630 1937 719 1966 non
742 1930 938 1981 possunt,
958 1922 1041 1966 hoc
1058 1932 1137 1977 est,
1157 1922 1279 1982 quod
1297 1924 1490 1969 conditio

98 1995 290 2040 humana
310 1993 600 2040 inenarrabile
616 2003 745 2039 vocat
761 2003 893 2053 atque
913 1993 1154 2038 ineffabile.
1189 1995 1386 2041 Salvator
1409 2013 1489 2041 au-

98 2075 187 2110 tem
208 2066 279 2110 cui
308 2075 453 2110 totum
480 2063 608 2110 facile
630 2073 716 2121 est,
741 2063 831 2109 duo
849 2064 943 2108 haec
966 2063 1170 2109 dextrum
1194 2076 1320 2110 vocat
1341 2082 1389 2110 ac
1408 2067 1488 2111 lae-

97 2154 219 2194 vum,
236 2139 354 2184 intus
378 2155 427 2184 ac
447 2138 568 2194 foris,
592 2138 739 2183 venite
760 2153 810 2183 ac
828 2136 1031 2182 recedite.
1056 2140 1121 2181 Tu
1142 2146 1285 2182 autem
1306 2154 1490 2184 conver-

97 2225 194 2254 sum
214 2208 319 2254 facis
339 2217 382 2254 et
403 2210 561 2269 pedem
580 2208 722 2269 ponis,
747 2218 797 2253 ut
815 2218 878 2253 est
895 2208 1025 2263 orbis,
1046 2208 1150 2263 vita,
1170 2207 1298 2264 salus,
1315 2209 1481 2268 lumen.)

95 2280 179 2336 lex,
212 2280 337 2336 ordo,
371 2289 586 2340 potestas:
610 2280 644 2324 si
663 2279 861 2325 vocalem
890 2278 995 2324 dicis
1018 2288 1060 2323 et
1079 2289 1274 2336 mutam,
1308 2281 1485 2341 longam

94 2367 222 2396 vocas
240 2350 435 2405 brevem,
453 2366 553 2409 quae
570 2359 737 2395 naturae
754 2352 849 2395 haec
866 2366 955 2395 non
974 2359 1145 2407 sonant,
1162 2350 1252 2397 duo
1270 2367 1348 2412 pro
1366 2363 1485 2400 certo

95 2423 359 2483 significant,
380 2431 424 2466 et
440 2422 495 2465 ab
511 2422 697 2467 invicem
713 2431 923 2481 separata.
948 2441 968 2463 »
1437 2414 1440 2417 ’

156 2496 254 2540 VII.
296 2513 317 2537 «
341 2493 426 2540 Sed
447 2503 535 2538 tuae
553 2493 823 2538 admirandae
840 2492 1106 2553 sublimique
1128 2494 1372 2553 prudentiae
1389 2511 1485 2541 cum

146 2587 156 2603 ¹
179 2579 284 2613 Forte
301 2590 358 2622 ego
377 2577 476 2620 valui,
495 2575 608 2611 deleto
629 2588 701 2611 non.

261 2644 447 2675 cxxxvi
1282 2633 1331 2673 19
