1803 3250
415 202 578 233 CONTRA
611 203 827 241 FAUSTUM,
862 205 945 230 Lm.
982 206 1124 232 xxxii.
1398 197 1479 234 183

94 286 182 332 quo
206 279 306 314 tuus
339 271 520 315 carnalis
542 284 688 314 sensus
722 269 913 313 offensus
935 279 1026 325 est,
1058 271 1169 313 sicut
1203 279 1450 328 serpentem
1468 307 1479 324 ,

94 342 255 400 ignem,
280 355 518 396 venenum,
546 350 588 384 et
610 338 760 383 similia
781 358 792 395 3
818 353 898 382 nec
920 338 1085 398 aliquid
1108 340 1239 395 boni,
1265 340 1478 401 nisiquod

93 410 297 456 eumdem
318 420 444 455 tuum
465 408 679 455 carnalem
710 423 884 452 sensum
908 408 1052 468 aliqua
1070 411 1349 469 jucunditate
1378 427 1480 471 per-

91 480 267 537 mulsit,
292 481 402 526 sicut
422 494 627 540 saporum
645 477 915 538 jucunditaS,
940 488 983 523 et
1004 478 1189 523 odorum
1211 482 1412 537 suavitas,
1434 492 1477 527 et

91 553 200 598 lucis
219 553 350 612 hujus
371 559 586 610 aspectus,
606 559 650 595 et
670 547 834 610 siquid
850 548 970 594 aliud
988 549 1055 595 vel
1073 550 1266 606 auribUS,
1287 552 1356 596 vel
1374 568 1482 597 ocu-

91 623 143 668 lis
170 623 271 678 tuis,
287 620 357 668 vel
377 621 579 678 naribus,
599 620 670 666 vel
686 620 848 681 palato,
863 619 934 665 vel
949 620 1145 680 palpatui
1162 621 1357 666 similiter
1369 621 1481 669 forte

89 692 338 738 blanditum
360 700 438 736 est.
466 694 523 736 At
545 692 580 737 si
605 691 853 736 universam
876 700 1119 736 creaturam
1142 691 1200 735 ita
1222 692 1342 751 prius
1365 696 1479 753 aspi-

85 778 224 820 ceres,
254 772 306 808 ut
331 764 499 808 auctori
524 765 616 808 Deo
650 763 889 819 tribueres,
929 763 1052 823 quasi
1083 762 1232 822 legens
1266 779 1476 823 magnum

83 833 323 894 quemdam
351 833 516 878 librum
541 842 711 878 naturae
733 848 907 891 rerum,
940 843 1072 894 atque
1094 834 1154 878 ita
1172 834 1206 878 si
1225 833 1334 894 quid
1356 833 1416 879 ibi
1440 844 1480 880 te

82 904 342 961 offenderet,
353 920 528 950 causam
542 913 586 949 te
599 914 808 965 tanquam
820 904 1188 950 hominemlatere
1198 920 1321 965 posse
1335 907 1480 965 potius

82 974 295 1031 crederes,
319 990 452 1036 quam
473 976 519 1019 in
550 975 756 1035 operibus
779 976 855 1020 Dei
887 975 1132 1036 quidquam
1159 976 1478 1035 reprehendere

81 1045 262 1091 auderes
281 1066 294 1104 3
318 1060 545 1105 nunquam
568 1044 792 1090 incidisses
814 1046 860 1089 in
883 1045 1112 1105 sacrilegas
1134 1061 1270 1104 nugas
1288 1056 1331 1090 et
1358 1046 1475 1092 blas-

82 1118 242 1177 phema
263 1116 487 1175 figmenta,
512 1116 674 1176 quibus
696 1122 786 1161 no‘n
808 1115 1057 1174 intelligens
1079 1116 1198 1161 unde
1219 1118 1273 1162 sit
1289 1117 1472 1173 malum,

78 1191 219 1233 Deum
241 1186 424 1248 implere
445 1188 614 1232 conaris
631 1187 835 1232 omnibus
856 1186 994 1231 malis.

136 1261 260 1304 XXI.
296 1259 378 1304 Hic
393 1260 486 1319 jam
514 1259 547 1303 si
571 1259 776 1319 quaeratis
798 1275 823 1304 a
845 1259 995 1315 nobis,
1030 1274 1110 1304 nos
1141 1259 1260 1305 unde
1284 1261 1473 1307 sciamus

77 1330 386 1391 Apostolorum
406 1346 495 1376 esse
521 1331 623 1376 istas
644 1330 809 1376 litteras
833 1350 843 1376 z
870 1331 1060 1375 breviter
1086 1331 1207 1376 vobis
1230 1334 1473 1391 responde-

78 1417 192 1455 mus,
216 1401 321 1447 inde
344 1417 422 1447 nos
444 1402 577 1458 scire,
604 1401 721 1446 unde
748 1410 792 1446 et
824 1417 900 1447 vos
932 1401 1047 1446 scitis
1073 1400 1169 1446 illas
1197 1401 1363 1447 litteras
1383 1419 1473 1449 esse

77 1475 335 1531 Manichaei,
358 1490 466 1536 quas
482 1475 787 1520 miserabiliter
803 1476 907 1520 huic
928 1476 1178 1520 auctoritati
1196 1478 1466 1537 praeponitis.

78 1546 122 1591 Si
145 1546 260 1590 enim
282 1554 327 1590 et
345 1546 448 1590 hinc
465 1545 588 1591 vobis
603 1545 758 1605 aliquis
772 1555 945 1591 moveat
961 1547 1266 1607 quaestionem,
1291 1557 1332 1592 et
1349 1563 1471 1593 scru-

73 1616 229 1678 pulum
251 1616 608 1663 contradictionis
637 1616 873 1677 impingat,
902 1616 1049 1663 dicens
1071 1618 1204 1663 libros
1230 1634 1340 1678 quos
1362 1634 1467 1678 pro-

73 1688 193 1732 fertis
214 1688 472 1743 Manichaei,
498 1703 588 1733 non
615 1702 704 1732 esse
733 1689 989 1744 Manichaei,
1014 1689 1124 1749 quid
1155 1689 1313 1734 facturi
1336 1691 1466 1735 estis?

71 1760 228 1805 Nonne
251 1758 397 1818 potius
418 1758 510 1818 ejus
536 1756 820 1802 deliramenta
847 1757 1042 1803 ridebitis
1058 1793 1069 1814 ,
1102 1760 1178 1819 qui
1200 1769 1352 1805 contra
1374 1775 1464 1805 rem

72 1823 193 1875 tanta
213 1828 494 1874 connexionis
515 1837 558 1873 et
586 1828 866 1873 successionis
888 1829 995 1873 serie
1021 1830 1323 1875 confirmatam
1338 1866 1349 1887 ,
1383 1832 1466 1875 im-

71 1898 328 1960 pudentiam
342 1900 472 1960 hujus
483 1898 601 1944 vocis
618 1898 821 1944 emittat?
846 1899 967 1944 Sicut
984 1913 1087 1958 ergo
1103 1909 1272 1945 certum
1287 1909 1351 1946 est
1367 1900 1464 1946 illos

71 1971 205 2018 libros
231 1986 322 2016 esse
342 1971 601 2027 Manichaei,
637 1980 681 2016 et
714 1971 896 2016 omnino
933 1971 1143 2016 ridendus
1174 1981 1264 2028 est,
1302 1973 1380 2033 qui
1412 1988 1464 2017 ex

72 2052 313 2088 transverso
347 2043 526 2088 veniens
559 2052 681 2088 tanto
716 2052 813 2103 post
841 2051 989 2099 natus,
1030 2042 1152 2088 litem
1187 2044 1311 2089 vobis
1331 2044 1462 2104 hujus

69 2113 425 2159 contradictionis
445 2113 709 2173 intenderit,
731 2114 791 2160 ita
808 2123 976 2159 certum
995 2122 1058 2158 est
1078 2114 1373 2160 Manichaeum
1389 2115 1459 2160 vel

69 2185 334 2231 Manichaeos
363 2199 453 2229 esse
482 2185 710 2242 ridendos,
744 2194 820 2229 aut
841 2185 971 2229 etiam
1005 2185 1234 2240 dolendos,
1259 2186 1335 2245 qui
1369 2195 1458 2230 tam

69 2255 266 2300 fundatae
287 2255 558 2311 auctoritati,
584 2270 608 2300 a
626 2256 898 2316 temporibus
913 2255 1222 2315 Apostolorum
1246 2271 1384 2317 usque
1402 2256 1456 2301 ad

67 2327 161 2371 haec
178 2336 374 2385 tempora
405 2327 531 2372 certis
560 2327 904 2372 successionibus
939 2327 1166 2372 custoditae
1193 2337 1325 2387 atque
1357 2343 1456 2388 per-

67 2397 228 2451 ductae,
256 2395 446 2440 audeant
467 2396 553 2439 tale
574 2396 740 2456 aliquid
762 2396 919 2441 dicere.

126 2469 272 2512 XXII.
308 2469 406 2511 Jam
438 2482 541 2526 ergo
576 2468 807 2512 auctoritas
839 2468 1067 2512 Manichaei
1102 2468 1366 2512 conferenda
1388 2478 1450 2513 cst

70 2539 314 2584 auctoritati
344 2538 667 2597 Apostolorum.
703 2541 810 2585 Nam
834 2538 995 2582 litteras
1024 2538 1202 2583 istorum
1235 2540 1333 2584 istas
1363 2554 1451 2582 esse
