1803 3250
265 200 347 240 214
701 208 734 237 s.
773 209 1001 239 mansuum
1036 211 1215 239 muscom

327 281 436 321 Arc..
465 274 569 318 dixit
600 293 608 317 :
638 272 722 317 Sed
745 275 978 335 scripturas
1000 274 1230 320 Manichaei
1252 275 1361 333 petis
1378 309 1389 329 ,
1414 275 1574 335 quibus
1597 278 1650 321 fi-

267 348 362 392 dem
398 362 483 390 non
521 345 731 389 habemus
763 365 772 390 ;
800 345 977 391 aliunde
1006 348 1157 407 proba.
1193 349 1287 406 Ego
1319 355 1464 390 autem
1488 346 1543 392 de
1562 349 1653 408 ipsa

264 419 473 475 scriptura
496 415 726 461 Manichaei
744 417 818 461 tibi
837 418 975 477 probo
991 419 1223 464 mentitum
1235 432 1324 462 esse
1341 417 1650 476 Manichoeum‚

265 499 307 533 et
331 486 646 547 blasphemasse
667 488 976 534 Manichaeum.

324 561 428 603 Fu.
455 557 563 603 dixit
583 578 592 604 :
623 577 641 600 «
659 558 912 604 Afferantur
934 559 1048 604 libri.
1070 578 1090 602 »

321 633 432 675 Ana.
454 628 561 674 dixit
582 649 592 676 z
614 634 805 676 Praesens
820 641 883 676 cst
901 630 1081 690 epistola
1099 631 1346 686 Manichaei,
1362 646 1496 692 quam
1514 631 1654 676 dicitis

264 701 573 746 Fundamenti.
598 703 777 746 Initium
803 703 847 745 in
869 702 1054 747 aedificio
1082 701 1256 746 nullum
1283 711 1361 757 est,
1393 702 1474 746 nisi
1494 700 1655 747 sunda-

261 782 458 816 mentum
486 791 495 817 z
521 773 677 816 sicum
706 772 936 817 ostendero
960 773 1005 816 in
1035 773 1128 832 ipso
1159 771 1451 818 fundamento
1483 774 1656 818 ruinam

260 841 410 888 fecisse
426 879 437 898 ,
464 853 665 888 caeteram
689 845 782 904 ejus
805 843 1176 887 constructionem
1195 844 1367 904 utquid
1387 845 1655 905 quaerimus?

317 916 413 958 XV.
451 918 556 958 FEL.
584 914 692 958 dixit
719 935 727 959 ;
757 934 772 953 «
796 916 888 958 Hoc
908 913 1030 968 dicis,
1056 915 1101 958 in
1122 915 1212 974 ipsa
1230 915 1463 960 ostendens
1486 917 1656 960 ruinam

261 1001 350 1030 esse
375 1001 383 1026 ε
410 994 453 1029 et
475 1001 556 1045 ego
574 984 689 1040 dico,
714 984 769 1029 da
787 985 973 1030 arbitros
994 996 1183 1047 quantos
1201 996 1244 1031 et
1268 997 1315 1032 tu
1337 987 1473 1032 habes
1490 1022 1501 1042 ,
1521 995 1565 1032 et
1583 986 1658 1031 tibi

262 1057 403 1117 probo
426 1057 527 1117 quia
551 1072 641 1102 non
665 1057 891 1101 mentitur.
916 1077 934 1098 »

318 1131 431 1173 Aue„
459 1128 569 1173 dixit
591 1148 599 1174 :
626 1128 752 1172 Absit
765 1145 787 1172 a
803 1127 928 1172 nobis
942 1137 985 1172 et
1003 1144 1025 1172 a
1042 1143 1199 1187 genere
1221 1129 1431 1186 humano,
1450 1138 1501 1174 ut
1517 1144 1660 1190 quan—

261 1208 327 1245 tos
348 1199 418 1243 hic
440 1199 576 1255 vides,
606 1208 746 1244 tantos
765 1198 911 1243 videas
933 1199 1215 1244 Manichaeos.

318 1272 424 1315 FEL.
451 1271 558 1316 dixit
581 1291 591 1317 ;
619 1290 637 1312 «
662 1274 721 1316 Da
743 1270 859 1325 dixi,
882 1286 984 1332 quae
1006 1287 1029 1314 a
1053 1280 1095 1315 te
1115 1271 1302 1330 petivi.»

324 1345 438 1387 Am.
466 1341 574 1387 dixit
595 1362 603 1388 ε
630 1345 748 1396 Quos
766 1343 829 1387 vis
852 1358 955 1401 ergo
974 1351 1023 1386 ut
1042 1342 1143 1386 dem
1162 1342 1277 1387 tibi?

325 1416 431 1458 FEL.
458 1414 566 1458 dixit
591 1435 598 1459 :
629 1434 649 1456 «
672 1417 791 1468 Quos
812 1424 860 1459 tu
879 1414 1083 1459 volueris.
1105 1431 1124 1455 »

322 1487 436 1529 Auo.
463 1486 571 1529 dixit
598 1505 606 1530 ε
632 1488 727 1544 Ego
750 1486 852 1530 istos
870 1485 943 1540 do,
969 1485 1004 1530 si
1026 1485 1162 1529 habes
1185 1484 1401 1542 meliores,
1422 1494 1536 1546 pete.

322 1557 428 1599 Fu.
454 1556 562 1600 dixit
588 1575 596 1601 :
627 1575 646 1598 «
668 1556 901 1610 Quomodo
924 1556 1028 1601 istos
1046 1557 1151 1600 das?
1172 1575 1192 1597 »

321 1629 435 1670 Auo.
462 1624 570 1670 dixit
593 1646 601 1671 :
630 1630 868 1671 Praesentes
893 1628 970 1687 qui
992 1642 1071 1671 nos
1094 1625 1295 1671 audiunt.

323 1699 429 1740 FEL.
457 1697 566 1741 dixit
588 1717 596 1742 z
628 1716 647 1738 «
668 1698 742 1742 Isti
767 1697 872 1741 mihi
894 1713 982 1742 non
1001 1696 1166 1742 favent.
1187 1716 1207 1739 »

322 1769 436 1811 Ata.
464 1767 572 1812 dixit
594 1787 603 1812 2
629 1770 743 1826 Ergo
769 1778 816 1813 tu
838 1767 944 1813 tales
965 1769 1125 1828 quaeris
1148 1768 1224 1829 qui
1253 1767 1334 1812 tibi
1357 1765 1547 1823 faveant,
1573 1782 1661 1812 non

267 1837 344 1898 qui
364 1837 569 1882 veritati?

324 1910 430 1952 FEL.
457 1907 592 1954 dixit:
622 1928 639 1948 «
662 1909 748 1962 Qui
768 1923 838 1952 me
860 1908 1058 1963 audiant,
1084 1919 1127 1954 et
1155 1925 1247 1954 non
1267 1919 1441 1954 tantum
1464 1924 1536 1953 me
1551 1943 1562 1964 ,
1587 1908 1664 1954 sed

267 1987 311 2023 et
328 1979 463 2038 ipsam
482 1980 757 2039 scripturam,
778 1989 827 2024 ut
844 1981 1055 2040 probetur
1075 1996 1130 2025 an
1153 1996 1304 2025 verum
1324 1980 1446 2036 dicit,
1470 1996 1526 2025 an
1544 1995 1664 2025 men·

267 2049 391 2094 titur.
414 2069 433 2091 »

328 2124 441 2166 Aac„
469 2120 575 2166 dixit
595 2141 604 2166 :
630 2121 761 2166 Vides
779 2137 882 2181 ergo
899 2122 1001 2183 quia
1024 2122 1226 2166 audiunt.
1250 2124 1466 2182 Legamus
1483 2130 1662 2168 caetera:

266 2191 368 2251 quia
392 2201 439 2235 tu
460 2193 586 2235 istam
604 2192 831 2252 epistolam
850 2193 1083 2239 Manichaei
1105 2209 1196 2240 esse
1213 2191 1436 2239 confessus
1453 2208 1513 2237 es.

326 2266 431 2308 Fu.
458 2263 566 2308 dixit
586 2283 594 2308 :
625 2267 760 2310 «Non
781 2281 911 2322 nego.
931 2283 951 2307 »

326 2338 440 2380 Ano.
468 2334 576 2380 dixit
603 2355 611 2380 :
638 2338 755 2395 Ergo
776 2335 962 2394 legatur.

330 2409 449 2451 XVI.
487 2409 592 2451 Fet.
619 2407 725 2450 dixit
748 2426 756 2452 :
787 2406 1018 2451 «Arbitros
1041 2421 1129 2450 non
1155 2406 1345 2450 habeo.»
1377 2408 1433 2451 Et
1465 2406 1623 2467 adjecit
1647 2423 1657 2448 t

276 2495 297 2519 α
311 2481 501 2537 Legatur
515 2487 644 2538 caput
663 2478 792 2522 iilius.
814 2497 832 2519 »
852 2480 907 2521 Et
928 2492 1026 2522 cum
1047 2476 1282 2536 legeretur,
1302 2487 1344 2522 et
1364 2488 1540 2522 ventum
1555 2487 1665 2522 esset

274 2547 325 2591 asi
347 2549 483 2592 iocun-
507 2550 574 2592 ubi
599 2566 653 2593 sci
669 2550 804 2608 iptum
831 2549 1124 2593 habeteadem
1143 2548 1350 2607 epistola:
1371 2569 1390 2591 «
1411 2553 1494 2594 Pax
1510 2549 1584 2593 Dei
1600 2549 1661 2593 in-
