1803 3250
339 245 425 288 346
765 253 800 284 s.
835 253 1068 285 Aucus-rim
1100 257 1282 286 ssr1scor1

341 344 361 368 »
388 326 531 377 Quare
552 322 612 365 sic
633 335 703 366 me
725 319 920 366 fecisti¹?
940 340 959 364 υ
986 338 1087 368 cum
1110 324 1291 368 omnino
1312 324 1536 384 quomodo
1558 326 1614 370 sit
1634 327 1728 372 fac-

338 405 406 440 tus
429 396 627 453 ignoret,
655 391 842 437 multum
876 396 1105 455 praeeipitis
1135 396 1293 440 mentis
1322 396 1502 440 audacia
1527 406 1604 441 est.
1642 399 1727 446 Sed

338 481 436 514 vasa
463 465 524 510 ira
548 465 861 525 permittuntur
883 468 960 511 ista
983 468 1162 526 garrire,
1199 477 1249 512 ut
1279 478 1487 528 tanquam
1509 469 1564 512 de
1584 469 1724 529 negli-

337 537 495 598 gentiae
511 551 666 581 somno
688 537 929 582 excitentur
948 554 1046 584 vasa
1066 539 1388 595 misericordiae,
1412 547 1456 582 et
1471 538 1616 584 studio
1635 555 1726 587 res-

336 607 561 670 pondendi
586 606 888 668 pestilentibus
902 608 1157 667 maledictis,
1176 611 1414 655 adhibeant
1433 626 1584 655 curam
1604 610 1724 656 salu-

337 681 491 728 bribus
532 678 671 725 dictis.
719 682 833 725 Eece
866 682 981 724 enim
1017 683 1062 725 in
1101 697 1152 726 eo
1186 682 1309 742 quod
1346 682 1626 741 reprehendit
1656 683 1737 729 iste

337 752 527 799 hominis
544 749 846 806 Conditorem,
863 753 965 811 quia
979 752 1254 810 prohibuerit
1273 768 1374 797 eum
1396 769 1567 798 sumere
1584 754 1736 800 cibum

336 823 647 884 dignoscentiae
668 823 826 867 boniet
841 822 983 878 mam,
1000 832 1211 884 tanquam
1226 839 1324 868 eum
1339 825 1570 884 pecoribus
1586 841 1734 885 parem

336 912 427 942 esse
449 895 657 942 voluisset
679 894 974 938 nescientibus
992 894 1068 939 ista
1083 895 1344 952 discernere,
1364 906 1407 942 et
1425 897 1561 942 bocci
1580 913 1737 957 negas-

338 977 404 1014 set
426 967 497 1012 cui
516 974 774 1027 potestatem
788 963 975 1009 dedisset
988 965 1032 1009 in
1050 965 1223 1021 bestias,
1245 983 1334 1028 quo
1351 967 1443 1012 solo
1459 968 1591 1012 bomo
1606 983 1738 1028 supe·

340 1049 405 1085 rat
428 1038 602 1094 bestias,
621 1053 753 1097 quam
773 1038 1067 1089 necessarium
1083 1048 1145 1082 est
1158 1038 1258 1082 vitae
1271 1038 1385 1083 bene
1403 1039 1601 1099 agendae,
1617 1040 1740 1100 quod

339 1111 545 1157 discimus
576 1110 780 1170 quaedam
811 1108 1046 1154 infeliciter
1077 1109 1204 1165 disci,
1242 1119 1285 1154 et
1320 1109 1490 1156 felicius
1524 1110 1738 1158 nonnulla

337 1182 507 1228 nesciri.
531 1181 708 1227 Morbos
741 1180 855 1225 enim
879 1189 922 1224 et
944 1179 1116 1224 dolores
1143 1190 1311 1241 quanto
1345 1179 1514 1226 felicius
1546 1182 1738 1228 nescire-

336 1256 464 1299 mus?
491 1253 533 1298 Si
554 1268 658 1312 ergo
677 1250 872 1296 medicus
896 1267 974 1295 nos
997 1251 1052 1295 ab
1071 1251 1219 1312 aliquo
1240 1252 1339 1297 cibo
1362 1253 1630 1311 prohiberet,
1647 1269 1738 1315 quo

341 1335 520 1386 accepto
544 1334 831 1384 aegrotaturos
860 1339 949 1368 esse
970 1324 1213 1383 praesciret,-
1238 1333 1281 1368 et
1303 1324 1360 1368 ob
1384 1325 1468 1368 hoc
1500 1324 1740 1383 appellaret

338 1398 542 1445 eumdem
560 1398 708 1443 cibum
730 1386 1047 1457 dignoscentia?¹
1063 1396 1256 1440 sanitatis
1271 1405 1314 1440 et
1327 1395 1637 1440 imbecillitatis
1653 1431 1664 1452 ,
1687 1412 1739 1443 eo

338 1470 460 1533 quod
484 1486 559 1530 per
575 1470 717 1529 ipsum
732 1469 866 1512 homo
882 1483 983 1512 cum
1006 1477 1220 1527 aegrotare
1237 1467 1456 1527 coepisset,
1469 1482 1523 1516 ,ex
1532 1467 1740 1527 periendo

338 1543 613 1601 dignosceret
634 1538 744 1601 quid
763 1540 986 1584 interesset
1008 1539 1121 1583 inter
1148 1546 1417 1583 contractam
1439 1537 1599 1584 malam
1620 1538 1740 1585 vale-

339 1612 538 1670 tudinem
558 1621 600 1656 et
624 1610 840 1672 perditam
862 1609 1116 1668 sanitatem3
1141 1608 1264 1670 quod
1279 1609 1432 1669 utique
1450 1609 1604 1653 melius
1623 1610 1740 1668 igno-

339 1694 499 1740 rasset,
520 1693 563 1729 et
580 1684 625 1728 in
642 1682 717 1727 illa
739 1697 870 1744 quam
889 1681 1079 1743 perdidit
1092 1682 1275 1727 sanitate
1291 1681 1534 1736 mansisset,
1559 1665 1741 1727 credens

341 1758 513 1803 medico
535 1773 613 1817 per
635 1754 951 1811 obedientiam,
988 1771 1078 1800 non
1113 1754 1270 1800 morbo
1298 1769 1376 1814 per
1398 1754 1738 1813 experientiam:

340 1828 559 1891 numquid
582 1827 714 1873 talem
736 1827 957 1873 medicum
977 1826 1183 1872 invidisse
1211 1826 1339 1871 nobis
1361 1825 1574 1886 ejusmodi
1598 1827 1741 1872 scien-

340 1901 445 1946 tiam
461 1900 740 1945 diceremus?
761 1893 867 1953 Quis
893 1898 1066 1942 dubitet
1094 1896 1261 1942 malum
1289 1912 1379 1942 esse
1407 1898 1663 1956 peecatum?
1687 1900 1743 1943 Et

341 1982 491 2018 tamen
519 1986 620 2017 cum
654 1969 784 2015 laude
817 1969 987 2015 dietum
1014 1978 1078 2014 est
1100 1968 1155 2013 de
1184 1969 1370 2014 Domino
1400 1970 1506 2013 Jesu
1540 1968 1738 2026 Christo,

341 2046 445 2107 quia
469 2060 557 2090 non
579 2052 758 2088 noverat
784 2043 1054 2102 peccatum3.
1088 2044 1187 2087 Non
1212 2056 1314 2099 ergo
1343 2049 1524 2085 noverat
1548 2041 1633 2086 hoe
1657 2056 1743 2087 ma-

343 2117 453 2172 lum,
475 2126 607 2178 atque
627 2115 726 2162 ideo
748 2114 866 2160 illam
891 2113 1009 2159 unde
1028 2112 1168 2159 Adam
1194 2112 1438 2171 prohibitus
1465 2121 1546 2168 est,
1575 2112 1681 2158 boni
1697 2121 1742 2158 et

343 2190 446 2235 mali
469 2188 812 2248 dignoscentiam
839 2203 929 2232 non
954 2186 1156 2232 habebat.
1186 2186 1265 2230 llic
1293 2185 1326 2229 si
1353 2194 1599 2245 quaeratur,
1624 2200 1740 2245 quo-

345 2262 478 2308 modo
501 2263 622 2323 quod
640 2271 730 2306 non
757 2268 963 2314 noverat,
991 2258 1236 2317 arguebat?
1257 2260 1410 2316 Neque
1434 2257 1548 2301 enim
1566 2266 1743 2316 peccata

346 2350 437 2380 non
458 2334 704 2395 arguebat?
730 2332 921 2378 «Omnia
945 2340 1087 2376 autem
1113 2346 1212 2389 quae
1241 2337 1509 2388 arguuntur,
1536 2329 1648 2373 sieut
1679 2329 1745 2374 di-

348 2406 405 2451 cit
446 2404 680 2465 Apostolus
700 2440 711 2460 ‚
739 2422 759 2446 »
801 2420 824 2448 a
858 2403 1023 2447 lumine
1060 2399 1437 2445 manifestantur&
1459 2418 1479 2442 »
1515 2399 1743 2452 Quomodo

349 2478 482 2538 igitur
503 2494 526 2522 a
549 2493 638 2537 quo
654 2475 964 2535 arguebantur,
979 2473 1326 2532 ignorabantur?
1343 2473 1498 2516 Nonne
1512 2470 1743 2516 rectissime

351 2549 718 2610 respondebitur:
743 2550 800 2593 Et
824 2555 1026 2602 noverat,
1063 2553 1107 2589 et
1138 2561 1226 2590 non
1259 2545 1469 2589 noverat?
1491 2542 1744 2589 Rectissime

403 2642 410 2658 ¹
433 2637 525 2668 Rom.
546 2646 589 2675 ix,
608 2643 663 2667 20.
680 2652 721 2659 ·-
736 2641 747 2655 Ἀ
768 2645 781 2665 1
811 2635 884 2667 Cor.
904 2644 934 2664 v.
951 2650 992 2656 -
1009 2630 1022 2655 3
1039 2631 1152 2664 Mattb.
1172 2642 1196 2671 1,
1221 2629 1347 2663 rou—4
1361 2613 1475 2672 Eplies'¹
1497 2641 1531 2671 v,
1549 2629 1601 2661 13.
