1803 3250
311 262 473 293 CONTRA
505 261 807 293 AnvssnsAmmfl
841 263 975 301 LEGIS,
1011 263 1094 291 ΜΒ.
1129 263 1178 291 11.
1362 249 1445 291 395

64 339 303 379 excaecatur
328 340 372 378 et
398 330 675 390 praecipiatur
707 327 917 382 amentia,
944 337 993 373 ut
1027 343 1117 374 non
1142 325 1283 374 videat
1304 327 1447 386 ipsum

62 401 213 451 saltem
237 402 530 456 Timotheum,
550 401 619 446 eui
636 407 758 458 putat
775 398 1030 442 auctoritate
1051 396 1298 457 Apostolica
1317 396 1448 442 fuisse

62 483 359 532 praeceptum,
399 481 447 516 ut
476 481 684 530 tanquam
717 468 886 516 tabulas
907 468 1040 513 aniles
1074 478 1266 514 veterem
1290 471 1448 525 Legem

63 544 387 602 Prophetasque
408 542 586 594 devitet,
613 541 669 586 ab
693 539 846 584 eodem
876 539 1083 598 Apostolo
1109 555 1196 585 non
1221 539 1352 585 fuisse
1375 539 1451 584 fal-

62 614 242 661 lendum
258 615 289 667 ἓ,
313 623 357 661 et
377 614 422 656 in
444 611 517 657 illa
538 611 691 671 quinta
711 609 1002 670 perfectorum
1026 626 1207 669 persona
1224 610 1352 657 fuisse
1369 611 1446 655 de-

63 682 309 744 putandum
329 718 340 736 ‚
381 691 429 731 ut
462 683 500 729 ei
529 697 618 730 non
651 679 915 729 mendaciter
951 681 1206 740 loqueretur
1226 716 1236 734 ‚
1269 680 1448 727 dicens:

2 795 11 797 -
67 774 87 802 α
106 757 276 803 Memor
298 763 390 800 esto
421 755 566 800 Jesum
593 752 816 799 Christum
840 751 1117 798 resurrexisse
1145 767 1166 795 a
1197 751 1379 797 mortuis
1400 766 1450 797 ex

65 844 85 866 »
110 824 273 870 semine
296 822 432 873 David
448 824 689 870 seeundum
714 822 1001 881 Evangelium
1020 824 1210 872 meum‘2.
1231 840 1251 862 n
1275 821 1319 868 Si
1335 823 1452 866 enim

63 895 261 945 Christus
290 910 341 943 ex
371 896 533 942 semine
567 894 704 941 David
746 892 906 941 fabulis
942 892 1130 941 anilibus
1160 893 1449 953 praedicatur,

62 966 287 1027 quomodo
305 981 375 1014 eas
384 966 568 1025 jubetur
589 966 666 1009 iste
684 964 892 1019 devitare,
913 965 1074 1026 quihus
1091 965 1274 1025 jubetur
1293 978 1454 1012 memo—

64 1038 165 1086 riter
180 1037 387 1086 credere‘?
411 1038 453 1084 Si
469 1047 615 1086 autem
633 1037 830 1084 Christus
848 1053 898 1081 ex
913 1037 1075 1085 semine
1090 1035 1227 1084 David
1242 1037 1454 1083 veraciter

63 1110 325 1168 praedicatur
348 1128 357 1154 :
382 1108 440 1153 ibi
469 1118 533 1153 est
565 1107 687 1156 radix
717 1109 762 1152 in
789 1123 879 1168 qua
901 1106 1083 1153 oleaster
1103 1108 1308 1153 inseritur
1325 1142 1336 1161 ‚
1373 1122 1454 1153 nec

64 1179 200 1227 aniles
216 1188 318 1227 sunt
332 1178 513 1233 fabulae,
533 1180 613 1226 nisi
630 1189 787 1238 praeter
809 1194 878 1226 eas
903 1180 1146 1238 Scripturas
1169 1177 1454 1223 deliramenta

62 1250 339 1305 Judaeorum,
363 1249 418 1298 ad
440 1265 535 1294 earn
558 1265 691 1309 quam
713 1260 868 1295 vocant
890 1251 1144 1297 Deuterosin
1167 1250 1451 1310 pertinentia:

63 1319 151 1369 no'n
173 1321 246 1368 illa
271 1320 442 1386 eloquia
465 1321 542 1367 Dei
565 1336 665 1383 quae
697 1321 861 1368 credita
883 1330 985 1367 sunt
1016 1321 1355 1375 circumcisioni,
1378 1319 1455 1365 ubi

64 1393 193 1440 etiam
211 1391 407 1439 carnales
423 1390 565 1441 Judaei
579 1391 801 1439 Christum
818 1408 869 1436 ex
887 1393 1050 1439 semine
1067 1392 1203 1438 David
1220 1401 1455 1437 venturum

59 1479 149 1511 esse
168 1463 440 1520 didicerant,
465 1462 576 1509 sicut
596 1463 881 1521 interroganti
906 1464 1090 1509 Domino
1112 1462 1452 1523 respondebant,

61 1535 261 1595 quamvis
280 1550 383 1584 eum
403 1534 638 1582 Dominum
652 1534 782 1592 ipsius
801 1534 936 1580 David
947 1535 980 1587 ⁵,
1005 1551 1093 1581 non
1111 1535 1352 1581 secundum
1366 1549 1455 1578 car-

60 1621 177 1660 nem,
196 1604 271 1649 sed
290 1604 531 1664 secundum
553 1605 832 1649 Divinitatem
858 1604 1098 1663 intelligere
1115 1621 1204 1649 non
1227 1604 1449 1662 valerentz,

59 1686 298 1737 utrumque
316 1685 460 1727 tamen
483 1685 545 1722 est
563 1676 609 1723 in
635 1675 718 1723 illis
741 1676 948 1736 eloquiiS,
973 1686 1016 1720 et
1045 1675 1164 1737 quod
1186 1675 1424 1724 credebant
1440 1712 1452 1732 ‚

59 1755 103 1796 et
130 1747 251 1807 quod
283 1762 374 1794 non
405 1745 732 1806 intelligebant,
767 1756 838 1802 et,
889 1750 992 1797 «De
1015 1746 1162 1796 fructu
1197 1748 1359 1794 ventris
1392 1748 1455 1792 tui

63 1837 82 1874 η
104 1833 263 1877 ponam
278 1833 408 1876 super
419 1816 566 1866 sedem
581 1827 700 1866 tuam
714 1819 775 1871 4‚»
798 1827 974 1876 propter
987 1819 1208 1864 Christum
1227 1834 1277 1865 ex
1293 1818 1456 1862 semine

60 1889 198 1939 David
217 1910 228 1947 3
248 1898 313 1944 et,
344 1908 362 1930 «
383 1888 496 1938 Dixit
514 1889 724 1943 Dominus
751 1890 936 1937 Domino
950 1905 1073 1936 meo:
1102 1890 1211 1935 Sede
1230 1890 1284 1935 ad
1303 1889 1454 1935 dexte-

64 1977 84 2005 »
108 1975 204 2009 ram
226 1975 368 2009 meam
388 1960 420 2014 ⁵,
444 1969 623 2020 propter
645 1960 891 2013 Christum,
915 1961 1149 2008 Dominum
1172 1961 1300 2006 etiam
1323 1961 1455 2020 ipsius

66 2030 221 2081 David.
538 2072 553 2081 f

123 2103 225 2147 Vll.
253 2104 390 2150 Ita-ne
410 2117 515 2149 vero
535 2100 747 2151 fallaciter
764 2102 937 2148 dicebat
955 2103 1189 2162 Apostolus
1210 2122 1219 2147 z
1247 2122 1267 2147 «
1289 2104 1455 2150 Verita-

65 2190 87 2215 »
112 2182 200 2221 tem
233 2174 331 2221 dico
361 2173 406 2218 in
439 2174 639 2227 Christo,
677 2190 766 2220 non
803 2175 1010 2229 mentior,
1044 2183 1317 2222 contestante
1347 2175 1453 2222 mihi

64 2262 86 2291 »ι
111 2244 376 2294 conscientia
400 2260 493 2294 mea
516 2244 561 2288 in
588 2245 750 2304 Spiritu
767 2256 932 2299 saneto,
959 2247 1062 2305 quia
1085 2246 1255 2293 tristitia
1271 2246 1454 2291 estmihi

62 2332 84 2357 i»
111 2330 289 2373 magna,
314 2324 357 2358 et
386 2316 620 2361 continuus
649 2315 774 2363 dolor
806 2316 923 2361 cordi
953 2332 1081 2361 meo:
1107 2317 1313 2375 optabam
1337 2317 1451 2361 enim

66 2404 84 2426 »
111 2401 191 2444 ego
213 2386 304 2445 ipse
326 2387 557 2432 anathema
580 2402 669 2432 esse
686 2404 709 2432 a
727 2389 899 2432 Christo
918 2404 995 2447 pro
1015 2387 1219 2433 fratribus
1234 2389 1337 2434 meis
1354 2404 1455 2448 eog-

65 2474 84 2496 »
111 2456 222 2501 natis
242 2456 486 2505 seeundum
507 2472 698 2513 carnem,
719 2459 796 2519 qui
819 2468 921 2502 sunt
939 2458 1159 2513 Israelitae‚
1180 2474 1368 2518 quorum
1391 2468 1453 2502 est

108 2560 119 2582 ¹
143 2569 157 2590 1
177 2558 261 2590 Tim:
277 2569 326 2600 ιν,
355 2569 439 2599 7.——
456 2565 469 2582 ²
489 2568 510 2591 2
527 2559 608 2592 Tim.
637 2571 673 2602 u,
691 2561 722 2594 8.
740 2578 782 2586 --
800 2559 813 2584 3
837 2561 956 2593 Matth.
983 2572 1064 2602 xxix,
1086 2561 1194 2603 ³12—-
1208 2560 1226 2587 l·
1246 2561 1328 2595 Psal.
1347 2572 1453 2600 cxxxi,

66 2624 117 2646 n.
133 2611 202 2637 -5
218 2614 266 2647 ld.
285 2625 348 2657 cix,
371 2626 400 2647 1.
