<?xml version="1.0" encoding="UTF-8"?>
<!DOCTYPE html PUBLIC "-//W3C//DTD XHTML 1.0 Transitional//EN"
    "http://www.w3.org/TR/xhtml1/DTD/xhtml1-transitional.dtd">
<html xmlns="http://www.w3.org/1999/xhtml" xml:lang="en" lang="en">
 <head>
  <title>
</title>
<meta http-equiv="Content-Type" content="text/html;charset=utf-8" />
  <meta name='ocr-system' content='tesseract 3.04.00' />
  <meta name='ocr-capabilities' content='ocr_page ocr_carea ocr_par ocr_line ocrx_word'/>
</head>
<body>
  <div class='ocr_page' id='page_1' title='image "./operaomniaaccura29auguuoft/operaomniaaccura29auguuoft_0069.png"; bbox 0 0 1803 3250; ppageno 0'>
   <div class='ocr_carea' id='block_1_1' title="bbox 487 219 1511 270">
    <p class='ocr_par' dir='ltr' id='par_1_1' title="bbox 487 219 1511 270">
     <span class='ocr_line' id='line_1_1' title="bbox 487 219 1511 270; baseline 0.001 -11"><span class='ocrx_word' id='word_1_1' title='bbox 487 229 650 261; x_wconf 65' lang='lat' dir='ltr'>con-rm</span> <span class='ocrx_word' id='word_1_2' title='bbox 683 228 899 270; x_wconf 69' lang='lat' dir='ltr'>nus-rmu,</span> <span class='ocrx_word' id='word_1_3' title='bbox 935 231 1017 261; x_wconf 71' lang='lat' dir='ltr'>mn,</span> <span class='ocrx_word' id='word_1_4' title='bbox 1054 233 1164 261; x_wconf 87' lang='lat' dir='ltr'>xxn.</span> <span class='ocrx_word' id='word_1_5' title='bbox 1457 219 1511 260; x_wconf 84' lang='lat'>59</span> 
     </span>
    </p>
   </div>
   <div class='ocr_carea' id='block_1_2' title="bbox 124 296 1530 2557">
    <p class='ocr_par' dir='ltr' id='par_1_2' title="bbox 124 296 1530 2557">
     <span class='ocr_line' id='line_1_2' title="bbox 126 296 1513 361; baseline -0.004 -16"><span class='ocrx_word' id='word_1_6' title='bbox 126 298 338 361; x_wconf 88' lang='lat' dir='ltr'>quosdam</span> <span class='ocrx_word' id='word_1_7' title='bbox 359 300 461 355; x_wconf 89' lang='lat' dir='ltr'>scio,</span> <span class='ocrx_word' id='word_1_8' title='bbox 482 298 601 360; x_wconf 89' lang='lat' dir='ltr'>quod</span> <span class='ocrx_word' id='word_1_9' title='bbox 618 307 843 358; x_wconf 89' lang='lat' dir='ltr'>acceptum</span> <span class='ocrx_word' id='word_1_10' title='bbox 859 297 905 341; x_wconf 90' lang='lat' dir='ltr'>in</span> <span class='ocrx_word' id='word_1_11' title='bbox 923 313 1061 342; x_wconf 89' lang='lat' dir='ltr'>escam</span> <span class='ocrx_word' id='word_1_12' title='bbox 1084 297 1302 344; x_wconf 83' lang='lat' dir='ltr'>sterilibus</span> <span class='ocrx_word' id='word_1_13' title='bbox 1321 296 1513 343; x_wconf 79' lang='lat' dir='ltr'>foeminis</span> 
     </span>
     <span class='ocr_line' id='line_1_3' title="bbox 126 368 1513 430; baseline -0.002 -15"><span class='ocrx_word' id='word_1_14' title='bbox 126 370 457 416; x_wconf 82' lang='lat' dir='ltr'>foecunditatem</span> <span class='ocrx_word' id='word_1_15' title='bbox 480 370 613 430; x_wconf 77' lang='lat' dir='ltr'>pari13</span> <span class='ocrx_word' id='word_1_16' title='bbox 637 370 718 414; x_wconf 91' lang='lat' dir='ltr'>hac</span> <span class='ocrx_word' id='word_1_17' title='bbox 741 384 818 429; x_wconf 89' lang='lat' dir='ltr'>per</span> <span class='ocrx_word' id='word_1_18' title='bbox 834 369 918 413; x_wconf 87' lang='lat' dir='ltr'>hoc</span> <span class='ocrx_word' id='word_1_19' title='bbox 934 378 1091 428; x_wconf 86' lang='lat' dir='ltr'>putant</span> <span class='ocrx_word' id='word_1_20' title='bbox 1108 370 1228 414; x_wconf 89' lang='lat' dir='ltr'>omni</span> <span class='ocrx_word' id='word_1_21' title='bbox 1245 369 1377 414; x_wconf 90' lang='lat' dir='ltr'>modo</span> <span class='ocrx_word' id='word_1_22' title='bbox 1390 368 1513 413; x_wconf 91' lang='lat' dir='ltr'>insti-</span> 
     </span>
     <span class='ocr_line' id='line_1_4' title="bbox 127 440 1514 500; baseline -0.002 -13"><span class='ocrx_word' id='word_1_23' title='bbox 127 443 226 487; x_wconf 86' lang='lat' dir='ltr'>tisse</span> <span class='ocrx_word' id='word_1_24' title='bbox 246 442 425 497; x_wconf 84' lang='lat' dir='ltr'>Rachel,</span> <span class='ocrx_word' id='word_1_25' title='bbox 450 451 500 486; x_wconf 92' lang='lat' dir='ltr'>ut</span> <span class='ocrx_word' id='word_1_26' title='bbox 522 443 605 487; x_wconf 90' lang='lat' dir='ltr'>hoc</span> <span class='ocrx_word' id='word_1_27' title='bbox 623 458 644 486; x_wconf 89' lang='lat' dir='ltr'>a</span> <span class='ocrx_word' id='word_1_28' title='bbox 661 441 750 486; x_wconf 89' lang='lat' dir='ltr'>filio</span> <span class='ocrx_word' id='word_1_29' title='bbox 765 440 919 486; x_wconf 88' lang='lat' dir='ltr'>sororis</span> <span class='ocrx_word' id='word_1_30' title='bbox 942 441 1155 500; x_wconf 85' lang='lat' dir='ltr'>acciperet</span> <span class='ocrx_word' id='word_1_31' title='bbox 1176 440 1416 500; x_wconf 85' lang='lat' dir='ltr'>cupiditate</span> <span class='ocrx_word' id='word_1_32' title='bbox 1436 455 1514 500; x_wconf 88' lang='lat' dir='ltr'>pa-</span> 
     </span>
     <span class='ocr_line' id='line_1_5' title="bbox 126 511 1511 573; baseline -0.002 -16"><span class='ocrx_word' id='word_1_33' title='bbox 126 513 266 558; x_wconf 90' lang='lat' dir='ltr'>riendi</span> <span class='ocrx_word' id='word_1_34' title='bbox 287 532 296 558; x_wconf 90' lang='lat'>:</span> <span class='ocrx_word' id='word_1_35' title='bbox 321 511 442 573; x_wconf 89' lang='lat' dir='ltr'>quod</span> <span class='ocrx_word' id='word_1_36' title='bbox 462 527 541 571; x_wconf 85' lang='lat' dir='ltr'>ego</span> <span class='ocrx_word' id='word_1_37' title='bbox 564 528 653 557; x_wconf 93' lang='lat' dir='ltr'>non</span> <span class='ocrx_word' id='word_1_38' title='bbox 671 512 918 565; x_wconf 86' lang='lat' dir='ltr'>arbitrarer,</span> <span class='ocrx_word' id='word_1_39' title='bbox 944 526 1024 555; x_wconf 86' lang='lat' dir='ltr'>nec</span> <span class='ocrx_word' id='word_1_40' title='bbox 1042 511 1076 554; x_wconf 88' lang='lat' dir='ltr'>si</span> <span class='ocrx_word' id='word_1_41' title='bbox 1097 519 1204 554; x_wconf 90' lang='lat' dir='ltr'>tunc</span> <span class='ocrx_word' id='word_1_42' title='bbox 1226 511 1511 570; x_wconf 84' lang='lat' dir='ltr'>concepisset.</span> 
     </span>
     <span class='ocr_line' id='line_1_6' title="bbox 125 580 1512 643; baseline -0.002 -15"><span class='ocrx_word' id='word_1_43' title='bbox 125 587 251 630; x_wconf 88' lang='lat' dir='ltr'>Nunc</span> <span class='ocrx_word' id='word_1_44' title='bbox 278 599 382 628; x_wconf 88' lang='lat' dir='ltr'>vero</span> <span class='ocrx_word' id='word_1_45' title='bbox 414 599 514 628; x_wconf 92' lang='lat' dir='ltr'>cum</span> <span class='ocrx_word' id='word_1_46' title='bbox 538 592 635 643; x_wconf 89' lang='lat' dir='ltr'>post</span> <span class='ocrx_word' id='word_1_47' title='bbox 657 583 746 627; x_wconf 86' lang='lat' dir='ltr'>Liae</span> <span class='ocrx_word' id='word_1_48' title='bbox 768 581 877 627; x_wconf 91' lang='lat' dir='ltr'>duos</span> <span class='ocrx_word' id='word_1_49' title='bbox 899 580 1003 626; x_wconf 91' lang='lat' dir='ltr'>alios</span> <span class='ocrx_word' id='word_1_50' title='bbox 1028 582 1082 626; x_wconf 88' lang='lat' dir='ltr'>ab</span> <span class='ocrx_word' id='word_1_51' title='bbox 1104 580 1177 626; x_wconf 92' lang='lat' dir='ltr'>illa</span> <span class='ocrx_word' id='word_1_52' title='bbox 1196 590 1325 626; x_wconf 92' lang='lat' dir='ltr'>nocte</span> <span class='ocrx_word' id='word_1_53' title='bbox 1347 589 1512 641; x_wconf 87' lang='lat' dir='ltr'>partus,</span> 
     </span>
     <span class='ocr_line' id='line_1_7' title="bbox 128 650 1517 715; baseline -0.003 -16"><span class='ocrx_word' id='word_1_54' title='bbox 128 655 336 699; x_wconf 88' lang='lat' dir='ltr'>Dominus</span> <span class='ocrx_word' id='word_1_55' title='bbox 352 669 446 698; x_wconf 92' lang='lat' dir='ltr'>eam</span> <span class='ocrx_word' id='word_1_56' title='bbox 462 654 584 715; x_wconf 89' lang='lat' dir='ltr'>prole</span> <span class='ocrx_word' id='word_1_57' title='bbox 598 653 840 709; x_wconf 88' lang='lat' dir='ltr'>donaverit,</span> <span class='ocrx_word' id='word_1_58' title='bbox 861 651 971 697; x_wconf 91' lang='lat' dir='ltr'>nihil</span> <span class='ocrx_word' id='word_1_59' title='bbox 985 662 1048 697; x_wconf 89' lang='lat' dir='ltr'>est</span> <span class='ocrx_word' id='word_1_60' title='bbox 1064 667 1143 697; x_wconf 88' lang='lat' dir='ltr'>cur</span> <span class='ocrx_word' id='word_1_61' title='bbox 1160 651 1215 697; x_wconf 89' lang='lat' dir='ltr'>de</span> <span class='ocrx_word' id='word_1_62' title='bbox 1229 650 1517 710; x_wconf 82' lang='lat' dir='ltr'>mandragora</span> 
     </span>
     <span class='ocr_line' id='line_1_8' title="bbox 126 721 1518 785; baseline -0.003 -16"><span class='ocrx_word' id='word_1_63' title='bbox 126 724 212 770; x_wconf 83' lang='lat' dir='ltr'>tale</span> <span class='ocrx_word' id='word_1_64' title='bbox 244 724 408 785; x_wconf 91' lang='lat' dir='ltr'>aliquid</span> <span class='ocrx_word' id='word_1_65' title='bbox 439 725 725 785; x_wconf 89' lang='lat' dir='ltr'>suspicemur,</span> <span class='ocrx_word' id='word_1_66' title='bbox 754 723 883 784; x_wconf 89' lang='lat' dir='ltr'>quale</span> <span class='ocrx_word' id='word_1_67' title='bbox 909 724 955 767; x_wconf 91' lang='lat' dir='ltr'>in</span> <span class='ocrx_word' id='word_1_68' title='bbox 987 722 1108 768; x_wconf 91' lang='lat' dir='ltr'>nulla</span> <span class='ocrx_word' id='word_1_69' title='bbox 1138 721 1319 767; x_wconf 89' lang='lat' dir='ltr'>foemina</span> <span class='ocrx_word' id='word_1_70' title='bbox 1353 722 1518 782; x_wconf 85' lang='lat' dir='ltr'>experti</span> 
     </span>
     <span class='ocr_line' id='line_1_9' title="bbox 126 791 1519 856; baseline -0.002 -17"><span class='ocrx_word' id='word_1_71' title='bbox 126 811 289 840; x_wconf 88' lang='lat' dir='ltr'>sumus.</span> <span class='ocrx_word' id='word_1_72' title='bbox 321 796 467 840; x_wconf 86' lang='lat' dir='ltr'>Dicam</span> <span class='ocrx_word' id='word_1_73' title='bbox 496 811 600 855; x_wconf 90' lang='lat' dir='ltr'>ergo</span> <span class='ocrx_word' id='word_1_74' title='bbox 631 794 739 856; x_wconf 86' lang='lat' dir='ltr'>quid</span> <span class='ocrx_word' id='word_1_75' title='bbox 761 794 971 840; x_wconf 87' lang='lat' dir='ltr'>sentiam:</span> <span class='ocrx_word' id='word_1_76' title='bbox 996 794 1146 839; x_wconf 88' lang='lat' dir='ltr'>dicent</span> <span class='ocrx_word' id='word_1_77' title='bbox 1168 794 1271 838; x_wconf 88' lang='lat' dir='ltr'>hinc</span> <span class='ocrx_word' id='word_1_78' title='bbox 1290 791 1403 838; x_wconf 88' lang='lat' dir='ltr'>forte</span> <span class='ocrx_word' id='word_1_79' title='bbox 1423 807 1519 837; x_wconf 91' lang='lat' dir='ltr'>me-</span> 
     </span>
     <span class='ocr_line' id='line_1_10' title="bbox 124 864 1520 926; baseline -0.001 -16"><span class='ocrx_word' id='word_1_80' title='bbox 124 866 233 911; x_wconf 83' lang='lat' dir='ltr'>liora</span> <span class='ocrx_word' id='word_1_81' title='bbox 265 867 494 912; x_wconf 85' lang='lat' dir='ltr'>doctiores.</span> <span class='ocrx_word' id='word_1_82' title='bbox 535 869 650 912; x_wconf 90' lang='lat' dir='ltr'>Cum</span> <span class='ocrx_word' id='word_1_83' title='bbox 687 867 802 911; x_wconf 91' lang='lat' dir='ltr'>enim</span> <span class='ocrx_word' id='word_1_84' title='bbox 833 867 927 910; x_wconf 83' lang='lat' dir='ltr'>haec</span> <span class='ocrx_word' id='word_1_85' title='bbox 961 865 1074 911; x_wconf 90' lang='lat' dir='ltr'>mala</span> <span class='ocrx_word' id='word_1_86' title='bbox 1111 866 1204 926; x_wconf 90' lang='lat' dir='ltr'>ipse</span> <span class='ocrx_word' id='word_1_87' title='bbox 1230 864 1452 919; x_wconf 83' lang='lat' dir='ltr'>vidissem,</span> <span class='ocrx_word' id='word_1_88' title='bbox 1477 872 1520 908; x_wconf 92' lang='lat' dir='ltr'>et</span> 
     </span>
     <span class='ocr_line' id='line_1_11' title="bbox 125 935 1521 998; baseline -0.002 -16"><span class='ocrx_word' id='word_1_89' title='bbox 125 947 304 998; x_wconf 88' lang='lat' dir='ltr'>propter</span> <span class='ocrx_word' id='word_1_90' title='bbox 333 938 463 982; x_wconf 91' lang='lat' dir='ltr'>istum</span> <span class='ocrx_word' id='word_1_91' title='bbox 493 940 636 998; x_wconf 91' lang='lat' dir='ltr'>ipsum</span> <span class='ocrx_word' id='word_1_92' title='bbox 664 953 797 983; x_wconf 85' lang='lat' dir='ltr'>sacrae</span> <span class='ocrx_word' id='word_1_93' title='bbox 820 937 1017 983; x_wconf 83' lang='lat' dir='ltr'>lectionis</span> <span class='ocrx_word' id='word_1_94' title='bbox 1038 937 1184 983; x_wconf 89' lang='lat' dir='ltr'>locum</span> <span class='ocrx_word' id='word_1_95' title='bbox 1206 936 1249 982; x_wconf 89' lang='lat' dir='ltr'>id</span> <span class='ocrx_word' id='word_1_96' title='bbox 1273 936 1380 980; x_wconf 88' lang='lat' dir='ltr'>mihi</span> <span class='ocrx_word' id='word_1_97' title='bbox 1404 935 1521 980; x_wconf 90' lang='lat' dir='ltr'>obti-</span> 
     </span>
     <span class='ocr_line' id='line_1_12' title="bbox 125 1004 1521 1067; baseline -0.001 -16"><span class='ocrx_word' id='word_1_98' title='bbox 125 1009 234 1066; x_wconf 86' lang='lat' dir='ltr'>gisse</span> <span class='ocrx_word' id='word_1_99' title='bbox 254 1007 509 1066; x_wconf 85' lang='lat' dir='ltr'>gratularer,</span> <span class='ocrx_word' id='word_1_100' title='bbox 534 1011 647 1067; x_wconf 87' lang='lat' dir='ltr'>(rara</span> <span class='ocrx_word' id='word_1_101' title='bbox 669 1009 787 1053; x_wconf 85' lang='lat' dir='ltr'>enim</span> <span class='ocrx_word' id='word_1_102' title='bbox 810 1023 875 1052; x_wconf 85' lang='lat' dir='ltr'>res</span> <span class='ocrx_word' id='word_1_103' title='bbox 891 1011 992 1067; x_wconf 91' lang='lat' dir='ltr'>est,)</span> <span class='ocrx_word' id='word_1_104' title='bbox 1022 1017 1222 1052; x_wconf 89' lang='lat' dir='ltr'>naturam</span> <span class='ocrx_word' id='word_1_105' title='bbox 1246 1020 1398 1051; x_wconf 91' lang='lat' dir='ltr'>eorum</span> <span class='ocrx_word' id='word_1_106' title='bbox 1420 1004 1521 1050; x_wconf 90' lang='lat' dir='ltr'>dili-</span> 
     </span>
     <span class='ocr_line' id='line_1_13' title="bbox 126 1073 1521 1138; baseline -0.001 -16"><span class='ocrx_word' id='word_1_107' title='bbox 126 1088 294 1138; x_wconf 85' lang='lat' dir='ltr'>genter,</span> <span class='ocrx_word' id='word_1_108' title='bbox 329 1073 544 1138; x_wconf 80' lang='lat' dir='ltr'>quantum</span> <span class='ocrx_word' id='word_1_109' title='bbox 573 1079 718 1138; x_wconf 90' lang='lat' dir='ltr'>potui,</span> <span class='ocrx_word' id='word_1_110' title='bbox 745 1087 1039 1137; x_wconf 86' lang='lat' dir='ltr'>perscrutatus</span> <span class='ocrx_word' id='word_1_111' title='bbox 1060 1093 1154 1122; x_wconf 90' lang='lat' dir='ltr'>sum</span> <span class='ocrx_word' id='word_1_112' title='bbox 1177 1096 1186 1122; x_wconf 93' lang='lat'>:</span> <span class='ocrx_word' id='word_1_113' title='bbox 1210 1093 1300 1122; x_wconf 91' lang='lat' dir='ltr'>non</span> <span class='ocrx_word' id='word_1_114' title='bbox 1329 1076 1475 1136; x_wconf 87' lang='lat' dir='ltr'>aliqua</span> <span class='ocrx_word' id='word_1_115' title='bbox 1497 1092 1521 1121; x_wconf 88' lang='lat' dir='ltr'>a</span> 
     </span>
     <span class='ocr_line' id='line_1_14' title="bbox 127 1147 1522 1209; baseline -0.001 -14"><span class='ocrx_word' id='word_1_116' title='bbox 127 1150 350 1195; x_wconf 87' lang='lat' dir='ltr'>communi</span> <span class='ocrx_word' id='word_1_117' title='bbox 383 1165 510 1194; x_wconf 89' lang='lat' dir='ltr'>sensu</span> <span class='ocrx_word' id='word_1_118' title='bbox 543 1149 775 1194; x_wconf 88' lang='lat' dir='ltr'>remotiore</span> <span class='ocrx_word' id='word_1_119' title='bbox 807 1149 1002 1204; x_wconf 84' lang='lat' dir='ltr'>scientia,</span> <span class='ocrx_word' id='word_1_120' title='bbox 1042 1164 1142 1209; x_wconf 84' lang='lat' dir='ltr'>quae</span> <span class='ocrx_word' id='word_1_121' title='bbox 1175 1148 1305 1193; x_wconf 89' lang='lat' dir='ltr'>docet</span> <span class='ocrx_word' id='word_1_122' title='bbox 1341 1147 1522 1193; x_wconf 88' lang='lat' dir='ltr'>virtutes</span> 
     </span>
     <span class='ocr_line' id='line_1_15' title="bbox 127 1219 1523 1280; baseline -0.001 -15"><span class='ocrx_word' id='word_1_123' title='bbox 127 1221 326 1265; x_wconf 87' lang='lat' dir='ltr'>radicum</span> <span class='ocrx_word' id='word_1_124' title='bbox 346 1229 390 1264; x_wconf 90' lang='lat' dir='ltr'>et</span> <span class='ocrx_word' id='word_1_125' title='bbox 410 1228 644 1280; x_wconf 85' lang='lat' dir='ltr'>potestates</span> <span class='ocrx_word' id='word_1_126' title='bbox 680 1219 947 1277; x_wconf 67' lang='lat' dir='ltr'>herbarum,</span> <span class='ocrx_word' id='word_1_127' title='bbox 984 1219 1060 1264; x_wconf 92' lang='lat' dir='ltr'>sed</span> <span class='ocrx_word' id='word_1_128' title='bbox 1090 1228 1306 1280; x_wconf 90' lang='lat' dir='ltr'>quantum</span> <span class='ocrx_word' id='word_1_129' title='bbox 1340 1219 1448 1263; x_wconf 91' lang='lat' dir='ltr'>mihi</span> <span class='ocrx_word' id='word_1_130' title='bbox 1480 1227 1523 1263; x_wconf 86' lang='lat' dir='ltr'>et</span> 
     </span>
     <span class='ocr_line' id='line_1_16' title="bbox 126 1289 1519 1350; baseline -0.001 -14"><span class='ocrx_word' id='word_1_131' title='bbox 126 1291 310 1337; x_wconf 90' lang='lat' dir='ltr'>cuilibet</span> <span class='ocrx_word' id='word_1_132' title='bbox 340 1290 507 1336; x_wconf 91' lang='lat' dir='ltr'>homini</span> <span class='ocrx_word' id='word_1_133' title='bbox 535 1291 816 1336; x_wconf 84' lang='lat' dir='ltr'>renuntiabat</span> <span class='ocrx_word' id='word_1_134' title='bbox 843 1290 977 1346; x_wconf 86' lang='lat' dir='ltr'>visus,</span> <span class='ocrx_word' id='word_1_135' title='bbox 1001 1299 1045 1335; x_wconf 86' lang='lat' dir='ltr'>et</span> <span class='ocrx_word' id='word_1_136' title='bbox 1063 1289 1265 1346; x_wconf 88' lang='lat' dir='ltr'>olfactus,</span> <span class='ocrx_word' id='word_1_137' title='bbox 1292 1299 1335 1334; x_wconf 86' lang='lat' dir='ltr'>et</span> <span class='ocrx_word' id='word_1_138' title='bbox 1353 1299 1519 1350; x_wconf 90' lang='lat' dir='ltr'>gustus.</span> 
     </span>
     <span class='ocr_line' id='line_1_17' title="bbox 129 1361 1524 1423; baseline -0.001 -15"><span class='ocrx_word' id='word_1_139' title='bbox 129 1361 319 1408; x_wconf 87' lang='lat' dir='ltr'>Proinde</span> <span class='ocrx_word' id='word_1_140' title='bbox 339 1378 431 1407; x_wconf 90' lang='lat' dir='ltr'>rem</span> <span class='ocrx_word' id='word_1_141' title='bbox 452 1363 645 1422; x_wconf 88' lang='lat' dir='ltr'>comperi</span> <span class='ocrx_word' id='word_1_142' title='bbox 667 1362 896 1423; x_wconf 88' lang='lat' dir='ltr'>pulchram</span> <span class='ocrx_word' id='word_1_143' title='bbox 919 1366 962 1407; x_wconf 78' lang='lat' dir='ltr'>et&#39;</span> <span class='ocrx_word' id='word_1_144' title='bbox 983 1362 1334 1418; x_wconf 86' lang='lat' dir='ltr'>suaveolentem,</span> <span class='ocrx_word' id='word_1_145' title='bbox 1370 1377 1524 1421; x_wconf 89' lang='lat' dir='ltr'>sapore</span> 
     </span>
     <span class='ocr_line' id='line_1_18' title="bbox 132 1432 1525 1493; baseline -0.001 -15"><span class='ocrx_word' id='word_1_146' title='bbox 132 1443 278 1478; x_wconf 86' lang='lat' dir='ltr'>autem</span> <span class='ocrx_word' id='word_1_147' title='bbox 301 1432 514 1493; x_wconf 87' lang='lat' dir='ltr'>insipido:</span> <span class='ocrx_word' id='word_1_148' title='bbox 543 1443 586 1478; x_wconf 91' lang='lat' dir='ltr'>et</span> <span class='ocrx_word' id='word_1_149' title='bbox 606 1433 706 1478; x_wconf 90' lang='lat' dir='ltr'>ideo</span> <span class='ocrx_word' id='word_1_150' title='bbox 726 1449 807 1478; x_wconf 87' lang='lat' dir='ltr'>cur</span> <span class='ocrx_word' id='word_1_151' title='bbox 827 1448 922 1477; x_wconf 88' lang='lat' dir='ltr'>eam</span> <span class='ocrx_word' id='word_1_152' title='bbox 940 1432 1097 1477; x_wconf 89' lang='lat' dir='ltr'>mulier</span> <span class='ocrx_word' id='word_1_153' title='bbox 1115 1442 1346 1493; x_wconf 87' lang='lat' dir='ltr'>tantopere</span> <span class='ocrx_word' id='word_1_154' title='bbox 1362 1447 1525 1477; x_wconf 86' lang='lat' dir='ltr'>concu—</span> 
     </span>
     <span class='ocr_line' id='line_1_19' title="bbox 132 1501 1524 1564; baseline -0.002 -15"><span class='ocrx_word' id='word_1_155' title='bbox 132 1504 311 1564; x_wconf 86' lang='lat' dir='ltr'>piverit,</span> <span class='ocrx_word' id='word_1_156' title='bbox 334 1504 536 1563; x_wconf 87' lang='lat' dir='ltr'>ignorare</span> <span class='ocrx_word' id='word_1_157' title='bbox 557 1519 628 1548; x_wconf 89' lang='lat' dir='ltr'>me</span> <span class='ocrx_word' id='word_1_158' title='bbox 649 1502 804 1559; x_wconf 86' lang='lat' dir='ltr'>fateor,</span> <span class='ocrx_word' id='word_1_159' title='bbox 829 1503 911 1548; x_wconf 92' lang='lat' dir='ltr'>nisi</span> <span class='ocrx_word' id='word_1_160' title='bbox 933 1501 1046 1548; x_wconf 87' lang='lat' dir='ltr'>forte</span> <span class='ocrx_word' id='word_1_161' title='bbox 1067 1512 1246 1563; x_wconf 90' lang='lat' dir='ltr'>propter</span> <span class='ocrx_word' id='word_1_162' title='bbox 1268 1503 1386 1563; x_wconf 87' lang='lat' dir='ltr'>pomi</span> <span class='ocrx_word' id='word_1_163' title='bbox 1414 1503 1524 1547; x_wconf 89' lang='lat' dir='ltr'>rari-</span> 
     </span>
     <span class='ocr_line' id='line_1_20' title="bbox 130 1573 1519 1635; baseline -0.001 -16"><span class='ocrx_word' id='word_1_164' title='bbox 130 1583 282 1630; x_wconf 85' lang='lat' dir='ltr'>tatem,</span> <span class='ocrx_word' id='word_1_165' title='bbox 305 1583 348 1619; x_wconf 90' lang='lat' dir='ltr'>et</span> <span class='ocrx_word' id='word_1_166' title='bbox 360 1573 505 1619; x_wconf 90' lang='lat' dir='ltr'>odoris</span> <span class='ocrx_word' id='word_1_167' title='bbox 516 1573 854 1635; x_wconf 84' lang='lat' dir='ltr'>jucunditatem.</span> <span class='ocrx_word' id='word_1_168' title='bbox 872 1577 962 1620; x_wconf 90' lang='lat' dir='ltr'>Cur</span> <span class='ocrx_word' id='word_1_169' title='bbox 975 1589 1078 1619; x_wconf 87' lang='lat' dir='ltr'>vero</span> <span class='ocrx_word' id='word_1_170' title='bbox 1091 1574 1228 1634; x_wconf 84' lang='lat' dir='ltr'>ipsam</span> <span class='ocrx_word' id='word_1_171' title='bbox 1243 1588 1334 1618; x_wconf 91' lang='lat' dir='ltr'>rem</span> <span class='ocrx_word' id='word_1_172' title='bbox 1354 1582 1519 1633; x_wconf 85' lang='lat' dir='ltr'>gestam</span> 
     </span>
     <span class='ocr_line' id='line_1_21' title="bbox 131 1644 1526 1705; baseline 0 -17"><span class='ocrx_word' id='word_1_173' title='bbox 131 1653 279 1689; x_wconf 88' lang='lat' dir='ltr'>sancta</span> <span class='ocrx_word' id='word_1_174' title='bbox 315 1645 536 1705; x_wconf 87' lang='lat' dir='ltr'>Scriptura</span> <span class='ocrx_word' id='word_1_175' title='bbox 572 1654 712 1689; x_wconf 86' lang='lat' dir='ltr'>tacere</span> <span class='ocrx_word' id='word_1_176' title='bbox 743 1644 958 1700; x_wconf 86' lang='lat' dir='ltr'>noluerit,</span> <span class='ocrx_word' id='word_1_177' title='bbox 993 1661 1093 1705; x_wconf 85' lang='lat' dir='ltr'>quae</span> <span class='ocrx_word' id='word_1_178' title='bbox 1128 1660 1219 1690; x_wconf 93' lang='lat' dir='ltr'>non</span> <span class='ocrx_word' id='word_1_179' title='bbox 1241 1646 1394 1704; x_wconf 90' lang='lat' dir='ltr'>utique</span> <span class='ocrx_word' id='word_1_180' title='bbox 1425 1644 1526 1689; x_wconf 85' lang='lat' dir='ltr'>talia</span> 
     </span>
     <span class='ocr_line' id='line_1_22' title="bbox 131 1716 1526 1777; baseline -0.001 -16"><span class='ocrx_word' id='word_1_181' title='bbox 131 1716 343 1761; x_wconf 88' lang='lat' dir='ltr'>desideria</span> <span class='ocrx_word' id='word_1_182' title='bbox 364 1716 721 1761; x_wconf 89' lang='lat' dir='ltr'>muliercularum</span> <span class='ocrx_word' id='word_1_183' title='bbox 738 1717 865 1761; x_wconf 90' lang='lat' dir='ltr'>nobis</span> <span class='ocrx_word' id='word_1_184' title='bbox 886 1733 966 1777; x_wconf 90' lang='lat' dir='ltr'>pro</span> <span class='ocrx_word' id='word_1_185' title='bbox 983 1732 1144 1776; x_wconf 87' lang='lat' dir='ltr'>magno</span> <span class='ocrx_word' id='word_1_186' title='bbox 1161 1717 1382 1761; x_wconf 90' lang='lat' dir='ltr'>insinuare</span> <span class='ocrx_word' id='word_1_187' title='bbox 1398 1731 1526 1761; x_wconf 88' lang='lat' dir='ltr'>cura-</span> 
     </span>
     <span class='ocr_line' id='line_1_23' title="bbox 133 1786 1523 1848; baseline -0.001 -16"><span class='ocrx_word' id='word_1_188' title='bbox 133 1797 214 1843; x_wconf 88' lang='lat' dir='ltr'>ret,</span> <span class='ocrx_word' id='word_1_189' title='bbox 250 1787 332 1832; x_wconf 88' lang='lat' dir='ltr'>nisi</span> <span class='ocrx_word' id='word_1_190' title='bbox 366 1786 533 1846; x_wconf 90' lang='lat' dir='ltr'>aliquid</span> <span class='ocrx_word' id='word_1_191' title='bbox 559 1786 606 1831; x_wconf 83' lang='lat' dir='ltr'>in</span> <span class='ocrx_word' id='word_1_192' title='bbox 638 1789 697 1831; x_wconf 88' lang='lat' dir='ltr'>eis</span> <span class='ocrx_word' id='word_1_193' title='bbox 725 1801 931 1845; x_wconf 90' lang='lat' dir='ltr'>magnum</span> <span class='ocrx_word' id='word_1_194' title='bbox 969 1803 1166 1848; x_wconf 85' lang='lat' dir='ltr'>quaerere</span> <span class='ocrx_word' id='word_1_195' title='bbox 1194 1796 1523 1842; x_wconf 85' lang='lat' dir='ltr'>commoneret,</span> 
     </span>
     <span class='ocr_line' id='line_1_24' title="bbox 135 1857 1527 1919; baseline -0.001 -16"><span class='ocrx_word' id='word_1_196' title='bbox 135 1859 243 1903; x_wconf 92' lang='lat' dir='ltr'>nihil</span> <span class='ocrx_word' id='word_1_197' title='bbox 260 1858 446 1919; x_wconf 90' lang='lat' dir='ltr'>amplius</span> <span class='ocrx_word' id='word_1_198' title='bbox 461 1858 676 1919; x_wconf 89' lang='lat' dir='ltr'>conjicere</span> <span class='ocrx_word' id='word_1_199' title='bbox 689 1858 830 1913; x_wconf 77' lang='lat' dir='ltr'>valeo,</span> <span class='ocrx_word' id='word_1_200' title='bbox 854 1874 986 1919; x_wconf 86' lang='lat' dir='ltr'>quam</span> <span class='ocrx_word' id='word_1_201' title='bbox 1005 1857 1125 1918; x_wconf 90' lang='lat' dir='ltr'>quod</span> <span class='ocrx_word' id='word_1_202' title='bbox 1141 1874 1193 1903; x_wconf 82' lang='lat' dir='ltr'>ex</span> <span class='ocrx_word' id='word_1_203' title='bbox 1210 1858 1286 1903; x_wconf 91' lang='lat' dir='ltr'>illo</span> <span class='ocrx_word' id='word_1_204' title='bbox 1304 1858 1527 1903; x_wconf 88' lang='lat' dir='ltr'>communi</span> 
     </span>
     <span class='ocr_line' id='line_1_25' title="bbox 134 1928 1528 1989; baseline -0.001 -14"><span class='ocrx_word' id='word_1_205' title='bbox 134 1946 262 1975; x_wconf 90' lang='lat' dir='ltr'>sensu</span> <span class='ocrx_word' id='word_1_206' title='bbox 281 1930 387 1974; x_wconf 92' lang='lat' dir='ltr'>mihi</span> <span class='ocrx_word' id='word_1_207' title='bbox 406 1930 667 1989; x_wconf 85' lang='lat' dir='ltr'>suggeritur,</span> <span class='ocrx_word' id='word_1_208' title='bbox 688 1939 739 1974; x_wconf 93' lang='lat' dir='ltr'>ut</span> <span class='ocrx_word' id='word_1_209' title='bbox 758 1929 833 1974; x_wconf 92' lang='lat' dir='ltr'>illo</span> <span class='ocrx_word' id='word_1_210' title='bbox 855 1928 1186 1989; x_wconf 90' lang='lat' dir='ltr'>mandragorico</span> <span class='ocrx_word' id='word_1_211' title='bbox 1204 1944 1336 1989; x_wconf 91' lang='lat' dir='ltr'>pomo</span> <span class='ocrx_word' id='word_1_212' title='bbox 1351 1929 1528 1988; x_wconf 86' lang='lat' dir='ltr'>figurari</span> 
     </span>
     <span class='ocr_line' id='line_1_26' title="bbox 136 1998 1528 2061; baseline -0.001 -16"><span class='ocrx_word' id='word_1_213' title='bbox 136 2000 375 2060; x_wconf 83' lang='lat' dir='ltr'>intelligam</span> <span class='ocrx_word' id='word_1_214' title='bbox 400 2000 559 2045; x_wconf 85' lang='lat' dir='ltr'>famam</span> <span class='ocrx_word' id='word_1_215' title='bbox 584 2001 775 2045; x_wconf 88' lang='lat' dir='ltr'>bonam:</span> <span class='ocrx_word' id='word_1_216' title='bbox 801 2017 891 2045; x_wconf 91' lang='lat' dir='ltr'>non</span> <span class='ocrx_word' id='word_1_217' title='bbox 919 2016 1014 2045; x_wconf 86' lang='lat' dir='ltr'>eam</span> <span class='ocrx_word' id='word_1_218' title='bbox 1041 2016 1140 2061; x_wconf 82' lang='lat' dir='ltr'>quae</span> <span class='ocrx_word' id='word_1_219' title='bbox 1162 1998 1402 2055; x_wconf 73' lang='lat' dir='ltr'>confertur,</span> <span class='ocrx_word' id='word_1_220' title='bbox 1428 2014 1528 2044; x_wconf 94' lang='lat' dir='ltr'>cum</span> 
     </span>
     <span class='ocr_line' id='line_1_27' title="bbox 135 2070 1529 2133; baseline -0.001 -17"><span class='ocrx_word' id='word_1_221' title='bbox 135 2071 317 2116; x_wconf 89' lang='lat' dir='ltr'>laudant</span> <span class='ocrx_word' id='word_1_222' title='bbox 338 2073 558 2116; x_wconf 91' lang='lat' dir='ltr'>hominem</span> <span class='ocrx_word' id='word_1_223' title='bbox 582 2072 709 2131; x_wconf 88' lang='lat' dir='ltr'>pauci</span> <span class='ocrx_word' id='word_1_224' title='bbox 733 2072 839 2133; x_wconf 88' lang='lat' dir='ltr'>justi</span> <span class='ocrx_word' id='word_1_225' title='bbox 867 2080 999 2132; x_wconf 88' lang='lat' dir='ltr'>atque</span> <span class='ocrx_word' id='word_1_226' title='bbox 1031 2072 1268 2131; x_wconf 71' lang='lat' dir='ltr'>sapientes,</span> <span class='ocrx_word' id='word_1_227' title='bbox 1301 2071 1377 2115; x_wconf 91' lang='lat' dir='ltr'>sed</span> <span class='ocrx_word' id='word_1_228' title='bbox 1410 2070 1529 2115; x_wconf 89' lang='lat' dir='ltr'>illam</span> 
     </span>
     <span class='ocr_line' id='line_1_28' title="bbox 137 2142 1526 2203; baseline -0.001 -16"><span class='ocrx_word' id='word_1_229' title='bbox 137 2142 409 2202; x_wconf 87' lang='lat' dir='ltr'>popularem,</span> <span class='ocrx_word' id='word_1_230' title='bbox 425 2158 512 2203; x_wconf 89' lang='lat' dir='ltr'>qua</span> <span class='ocrx_word' id='word_1_231' title='bbox 529 2144 658 2186; x_wconf 90' lang='lat' dir='ltr'>etiam</span> <span class='ocrx_word' id='word_1_232' title='bbox 672 2144 809 2203; x_wconf 88' lang='lat' dir='ltr'>major</span> <span class='ocrx_word' id='word_1_233' title='bbox 821 2150 864 2186; x_wconf 86' lang='lat' dir='ltr'>et</span> <span class='ocrx_word' id='word_1_234' title='bbox 876 2142 1032 2187; x_wconf 86' lang='lat' dir='ltr'>clarior</span> <span class='ocrx_word' id='word_1_235' title='bbox 1048 2142 1203 2187; x_wconf 90' lang='lat' dir='ltr'>notitia</span> <span class='ocrx_word' id='word_1_236' title='bbox 1222 2150 1526 2201; x_wconf 88' lang='lat' dir='ltr'>comparatur:</span> 
     </span>
     <span class='ocr_line' id='line_1_29' title="bbox 135 2214 1530 2274; baseline -0.001 -16"><span class='ocrx_word' id='word_1_237' title='bbox 135 2229 226 2258; x_wconf 90' lang='lat' dir='ltr'>non</span> <span class='ocrx_word' id='word_1_238' title='bbox 247 2214 338 2274; x_wconf 90' lang='lat' dir='ltr'>ipsa</span> <span class='ocrx_word' id='word_1_239' title='bbox 359 2230 436 2274; x_wconf 91' lang='lat' dir='ltr'>per</span> <span class='ocrx_word' id='word_1_240' title='bbox 457 2230 547 2259; x_wconf 89' lang='lat' dir='ltr'>sese</span> <span class='ocrx_word' id='word_1_241' title='bbox 565 2214 822 2274; x_wconf 86' lang='lat' dir='ltr'>expetenda,</span> <span class='ocrx_word' id='word_1_242' title='bbox 840 2214 915 2259; x_wconf 92' lang='lat' dir='ltr'>sed</span> <span class='ocrx_word' id='word_1_243' title='bbox 931 2214 1165 2260; x_wconf 82' lang='lat' dir='ltr'>intentioni</span> <span class='ocrx_word' id='word_1_244' title='bbox 1187 2214 1424 2269; x_wconf 88' lang='lat' dir='ltr'>bonorum,</span> <span class='ocrx_word' id='word_1_245' title='bbox 1442 2227 1530 2273; x_wconf 87' lang='lat' dir='ltr'>qua</span> 
     </span>
     <span class='ocr_line' id='line_1_30' title="bbox 135 2283 1530 2345; baseline -0.001 -17"><span class='ocrx_word' id='word_1_246' title='bbox 135 2285 281 2343; x_wconf 90' lang='lat' dir='ltr'>generi</span> <span class='ocrx_word' id='word_1_247' title='bbox 317 2285 512 2330; x_wconf 91' lang='lat' dir='ltr'>humano</span> <span class='ocrx_word' id='word_1_248' title='bbox 549 2284 813 2341; x_wconf 88' lang='lat' dir='ltr'>consulunt,</span> <span class='ocrx_word' id='word_1_249' title='bbox 870 2285 1208 2345; x_wconf 87' lang='lat' dir='ltr'>pernecessaria.</span> <span class='ocrx_word' id='word_1_250' title='bbox 1255 2283 1381 2329; x_wconf 91' lang='lat' dir='ltr'>Unde</span> <span class='ocrx_word' id='word_1_251' title='bbox 1423 2284 1530 2328; x_wconf 91' lang='lat' dir='ltr'>dicit</span> 
     </span>
     <span class='ocr_line' id='line_1_31' title="bbox 138 2354 1529 2415; baseline -0.001 -16"><span class='ocrx_word' id='word_1_252' title='bbox 138 2354 399 2414; x_wconf 86' lang='lat' dir='ltr'>Apostolus:</span> <span class='ocrx_word' id='word_1_253' title='bbox 424 2357 648 2415; x_wconf 87' lang='lat' dir='ltr'>«Oportet</span> <span class='ocrx_word' id='word_1_254' title='bbox 676 2356 808 2400; x_wconf 89' lang='lat' dir='ltr'>etiam</span> <span class='ocrx_word' id='word_1_255' title='bbox 842 2356 1140 2400; x_wconf 85' lang='lat' dir='ltr'>testimonium</span> <span class='ocrx_word' id='word_1_256' title='bbox 1166 2355 1328 2399; x_wconf 86' lang='lat' dir='ltr'>habere</span> <span class='ocrx_word' id='word_1_257' title='bbox 1362 2356 1529 2399; x_wconf 90' lang='lat' dir='ltr'>bonum</span> 
     </span>
     <span class='ocr_line' id='line_1_32' title="bbox 143 2424 1530 2488; baseline 0.001 -20"><span class='ocrx_word' id='word_1_258' title='bbox 143 2443 164 2467; x_wconf 91' lang='lat'>»</span> <span class='ocrx_word' id='word_1_259' title='bbox 197 2425 253 2470; x_wconf 91' lang='lat' dir='ltr'>ab</span> <span class='ocrx_word' id='word_1_260' title='bbox 274 2425 335 2470; x_wconf 88' lang='lat' dir='ltr'>eis</span> <span class='ocrx_word' id='word_1_261' title='bbox 356 2426 432 2487; x_wconf 88' lang='lat' dir='ltr'>qui</span> <span class='ocrx_word' id='word_1_262' title='bbox 452 2425 554 2471; x_wconf 87' lang='lat' dir='ltr'>foris</span> <span class='ocrx_word' id='word_1_263' title='bbox 573 2436 674 2471; x_wconf 90' lang='lat' dir='ltr'>sunt</span> <span class='ocrx_word' id='word_1_264' title='bbox 688 2429 729 2473; x_wconf 87' lang='lat'>¹:</span> <span class='ocrx_word' id='word_1_265' title='bbox 750 2445 770 2469; x_wconf 91' lang='lat'>»</span> <span class='ocrx_word' id='word_1_266' title='bbox 793 2427 870 2488; x_wconf 90' lang='lat' dir='ltr'>qui</span> <span class='ocrx_word' id='word_1_267' title='bbox 892 2426 994 2471; x_wconf 90' lang='lat' dir='ltr'>licet</span> <span class='ocrx_word' id='word_1_268' title='bbox 1015 2441 1171 2486; x_wconf 91' lang='lat' dir='ltr'>parum</span> <span class='ocrx_word' id='word_1_269' title='bbox 1191 2426 1361 2486; x_wconf 90' lang='lat' dir='ltr'>sapiant</span> <span class='ocrx_word' id='word_1_270' title='bbox 1377 2461 1388 2482; x_wconf 96' lang='lat'>,</span> <span class='ocrx_word' id='word_1_271' title='bbox 1427 2424 1530 2470; x_wconf 88' lang='lat' dir='ltr'>red-</span> 
     </span>
     <span class='ocr_line' id='line_1_33' title="bbox 140 2495 1530 2557; baseline 0 -17"><span class='ocrx_word' id='word_1_272' title='bbox 140 2495 254 2541; x_wconf 90' lang='lat' dir='ltr'>dunt</span> <span class='ocrx_word' id='word_1_273' title='bbox 273 2505 422 2542; x_wconf 87' lang='lat' dir='ltr'>tamen</span> <span class='ocrx_word' id='word_1_274' title='bbox 443 2496 702 2557; x_wconf 89' lang='lat' dir='ltr'>plerumque</span> <span class='ocrx_word' id='word_1_275' title='bbox 722 2497 862 2543; x_wconf 90' lang='lat' dir='ltr'>labori</span> <span class='ocrx_word' id='word_1_276' title='bbox 882 2512 1051 2553; x_wconf 86' lang='lat' dir='ltr'>eorum,</span> <span class='ocrx_word' id='word_1_277' title='bbox 1085 2511 1163 2556; x_wconf 90' lang='lat' dir='ltr'>per</span> <span class='ocrx_word' id='word_1_278' title='bbox 1182 2511 1294 2557; x_wconf 87' lang='lat' dir='ltr'>quos</span> <span class='ocrx_word' id='word_1_279' title='bbox 1314 2496 1394 2541; x_wconf 92' lang='lat' dir='ltr'>sibi</span> <span class='ocrx_word' id='word_1_280' title='bbox 1420 2510 1530 2541; x_wconf 90' lang='lat' dir='ltr'>con-</span> 
     </span>
    </p>
   </div>
   <div class='ocr_carea' id='block_1_3' title="bbox 190 2584 457 2625">
    <p class='ocr_par' dir='ltr' id='par_1_3' title="bbox 190 2584 457 2625">
     <span class='ocr_line' id='line_1_34' title="bbox 190 2584 457 2625; baseline -0.007 -9"><span class='ocrx_word' id='word_1_281' title='bbox 190 2590 200 2607; x_wconf 82' lang='lat'>¹</span> <span class='ocrx_word' id='word_1_282' title='bbox 225 2594 238 2616; x_wconf 88' lang='lat'>1</span> <span class='ocrx_word' id='word_1_283' title='bbox 259 2584 342 2617; x_wconf 88' lang='lat' dir='ltr'>Tim.</span> <span class='ocrx_word' id='word_1_284' title='bbox 360 2594 408 2625; x_wconf 87' lang='grc' dir='ltr'>ιιι,</span> <span class='ocrx_word' id='word_1_285' title='bbox 424 2593 457 2625; x_wconf 85' lang='lat'>7.</span> 
     </span>
    </p>
   </div>
  </div>
 </body>
</html>
