1803 3250
374 279 538 309 com-M
572 277 872 309 ADVERSARIUM
906 282 1042 320 LEGIS,
1077 282 1159 310 Lm.
1196 282 1244 309 11.
1428 268 1511 310 411

130 367 150 390 »
185 362 275 392 non
292 346 578 405 glorificatum
596 356 659 390 est
675 346 720 389 in
737 346 818 389 hac
836 354 956 404 parte
970 346 1015 390 id
1030 346 1149 406 quod
1167 345 1437 391 declaratum
1455 357 1518 392 est

129 437 151 461 »
187 427 365 478 propter
381 416 663 462 excellentem
681 416 936 461 claritatem.
959 420 1066 462 Nam
1081 418 1115 462 si
1134 418 1177 461 id
1195 418 1316 478 quod
1333 417 1519 463 destrui-

130 507 151 530 »
185 497 275 542 tur,
310 489 356 532 in
387 487 522 547 gloria
556 496 642 541 est,
674 485 816 531 multo
842 487 975 546 magis
997 487 1106 532 illud
1129 488 1250 548 quod
1272 498 1450 543 manet,
1475 490 1520 532 in

129 578 150 602 ι)
186 559 322 618 gloria
343 561 447 603 est¹.
475 559 609 602 »Hoc
644 557 778 602 modo
811 558 890 602 iste
927 560 1071 616 posuit
1101 560 1234 604 verba
1264 559 1516 618 apostolica,

128 647 208 676 nee
230 646 254 675 a
275 630 453 675 meliore
468 629 827 688 interpretatione
849 629 1085 689 plurimum
1110 630 1254 675 distat.
1282 632 1392 684 Quia
1416 646 1518 689 ergo

127 701 242 747 dicta
256 710 342 746 est:
361 719 381 743 «
399 700 657 745 Ministratio
673 701 822 744 mortis
838 701 883 744 in
903 701 1056 745 litteris
1078 701 1263 746 formata
1287 702 1481 761 lapideis,
1496 720 1516 743 »

125 774 228 817 hinc
261 772 472 816 existimat
505 771 626 831 quod
659 773 788 816 morti
811 773 1117 817 ministraverit
1145 775 1331 830 Moyses,
1363 772 1408 816 id
1438 782 1518 827 est,

126 844 276 888 mortis
298 843 482 899 auctori·⁷
505 842 696 902 maligno
718 842 882 887 scilicet
903 843 1088 902 spiritui,
1109 858 1240 903 quem
1265 842 1419 887 mundi
1438 844 1522 887 hu-

122 915 194 975 jus
209 914 290 958 iste
310 914 514 973 opinatur
534 924 780 958 auctorem:
807 915 1010 973 ignorans
1027 914 1387 958 ministrationem
1408 929 1523 958 mor-

127 985 182 1030 tis
203 985 362 1030 dictam
387 988 563 1043 Legem,
588 984 830 1029 secundum
846 985 956 1030 illud
973 985 1093 1045 quod
1111 985 1214 1030 alibi
1236 984 1364 1030 dicit:
1390 1004 1409 1028 «
1430 986 1522 1029 Lit-

128 1074 148 1097 »
169 1064 260 1100 tera
272 1054 447 1110 occidit,
459 1055 632 1114 spiritus
646 1064 791 1099 autem
806 1056 997 1100 vivificat
1008 1058 1039 1099 ².
1056 1075 1074 1097 υ
1091 1059 1178 1100 Lex
1193 1057 1307 1100 enim
1324 1056 1522 1115 quamvis

119 1128 234 1187 justa
257 1136 300 1170 et
321 1136 467 1171 sancta
489 1136 532 1170 et
557 1127 687 1180 bona,
715 1128 1116 1185 praevaricatoribus
1140 1127 1288 1171 intulit
1310 1137 1518 1181 mortem,

125 1213 236 1257 quos
252 1198 329 1241 Dei
348 1197 483 1255 gratia
498 1212 587 1240 non
606 1197 772 1256 adjuvit
790 1197 845 1241 ad
858 1198 1069 1257 justitiam
1089 1199 1212 1256 Legis
1231 1196 1518 1257 implendam.

125 1268 367 1325 Oportebat
401 1267 517 1310 enim
548 1276 597 1310 ut
627 1270 905 1312 Testamento
937 1271 1093 1311 Vetere
1115 1271 1201 1311 Lex
1222 1268 1523 1326 imponeretur

125 1339 337 1399 superbis,
363 1347 406 1382 et
428 1338 483 1382 de
499 1354 588 1382 suae
608 1338 843 1382 voluntatis
861 1340 1021 1382 virtute
1039 1337 1294 1392 fidentibus,
1317 1353 1415 1398 quae
1432 1352 1521 1382 non

126 1410 248 1454 daret
274 1410 503 1470 justitiam,
529 1409 602 1453 sed
620 1410 824 1468 juberet3
848 1425 897 1454 ac
918 1410 978 1454 sic
1000 1418 1140 1453 morte
1158 1408 1523 1468 praevaricationis

124 1481 340 1540 impliciti,
366 1481 422 1524 ad
444 1482 624 1539 gratiam
642 1481 946 1538 confugerent,
973 1497 1061 1525 non
1075 1481 1306 1541 jubentem
1326 1490 1523 1525 tantum-

124 1552 275 1608 modo,
300 1551 375 1596 sed
393 1553 638 1612 juvantem,
665 1568 764 1613 quae
786 1555 908 1598 Novo
929 1556 1206 1596 Testamento
1227 1561 1291 1596 est
1313 1552 1519 1598 revelata.

126 1625 239 1669 Hinc
272 1632 431 1683 putant
459 1623 528 1667 isti
555 1622 804 1668 divinorum
824 1623 1111 1684 Eloquiorum
1136 1623 1518 1681 blasphematores,

125 1694 283 1739 malam
306 1693 438 1738 fuisse
460 1696 621 1752 Legem
643 1710 742 1754 quae
759 1695 856 1738 data
880 1704 942 1738 est
968 1710 1042 1754 per
1065 1698 1262 1753 Moysen,
1281 1695 1383 1754 quia
1405 1694 1519 1738 dicta

126 1775 212 1810 est:
233 1765 525 1810 «Ministratio
547 1764 695 1808 mortis
717 1766 762 1808 in
784 1764 934 1808 litteris
951 1765 1134 1823 figurata
1148 1764 1379 1823 lapideis³z
1399 1783 1418 1805 »
1432 1779 1521 1808 non

125 1837 344 1881 intuentes
368 1844 544 1894 propter
559 1851 631 1879 eos
654 1851 743 1879 esse
765 1835 950 1891 dictum,
983 1837 1059 1896 qui
1083 1852 1161 1880 suo
1183 1835 1320 1880 libero
1342 1836 1522 1880 arbitrio

126 1911 287 1967 Legem
304 1906 504 1951 sufficere
522 1906 866 1962 arbitrabantur,
906 1916 949 1951 et
981 1909 1135 1967 spiritu
1157 1909 1304 1967 gratiae
1328 1923 1415 1952 non
1444 1907 1521 1951 ad-

120 1980 222 2040 juti,
239 1979 300 2023 rei
316 1978 678 2038 praevaricationis
695 1979 776 2022 sub
796 1978 989 2039 ejusdem
1005 1981 1127 2038 Legis
1143 1979 1289 2023 littera
1305 1980 1520 2023 teneban-

125 2059 214 2094 tur.
243 2048 368 2093 Unde
393 2048 497 2092 alibi
523 2048 658 2093 dicit:
682 2052 809 2093 «Lex
834 2050 941 2093 iram
965 2060 1195 2108 operatur:
1220 2051 1298 2093 ubi
1315 2050 1430 2093 enim
1453 2048 1521 2093 lex

126 2138 148 2162 »
175 2136 265 2168 non
287 2129 366 2174 est,
391 2135 472 2164 nec
487 2121 785 2179 praevaricatio
799 2123 812 2146 ⁴
828 2142 837 2166 ;
855 2140 874 2162 »
898 2121 998 2165 hinc
1016 2121 1248 2166 ostendens
1265 2120 1383 2164 unde
1405 2120 1522 2164 dixe-

123 2193 201 2236 rit:
221 2193 345 2234 «Lex
370 2191 477 2234 iram
508 2201 728 2250 operatur.
752 2209 771 2233 »
802 2194 953 2251 Neque
971 2192 1086 2236 enim
1109 2193 1201 2252 ejus
1224 2191 1520 2251 praevaricatio

122 2261 236 2306 mala
258 2271 383 2315 esset,
408 2262 489 2305 nisi
514 2265 603 2305 Lex
628 2262 724 2322 ipsa
748 2263 862 2307 bona
883 2271 1007 2306 esset.

181 2334 322 2376 XXV.
357 2332 549 2376 Multum
572 2342 699 2377 estet
729 2334 855 2377 nimis
878 2332 1060 2391 longum
1087 2332 1313 2391 colligere,
1346 2347 1446 2392 quae
1475 2332 1520 2375 in

123 2403 236 2447 hanc
246 2403 505 2447 sententiam
521 2404 672 2448 beatus
686 2403 1056 2462 diciLAiiostoliis,
1072 2407 1228 2461 Legem
1245 2404 1517 2461 distinguens

124 2490 148 2518 a
169 2474 329 2532 gratia,
353 2489 406 2518 eo
422 2474 543 2533 quod
559 2474 642 2518 sub
663 2473 734 2518 illa
757 2474 976 2519 elidantur
999 2474 1116 2529 elati,
1143 2475 1223 2518 sub
1247 2475 1325 2518 ista
1349 2474 1521 2532 erigan-

124 2554 197 2589 tur
217 2544 338 2603 elisi3
362 2554 406 2590 et
427 2544 548 2606 quod
567 2545 642 2590 illa
664 2547 711 2590 in
734 2556 907 2591 tantum
929 2546 1044 2590 bona
1067 2546 1121 2590 sit
1143 2555 1192 2590 ut
1212 2545 1326 2590 bona
1343 2545 1518 2605 jubeat,

172 2637 181 2652 ¹
203 2638 222 2663 2
240 2631 312 2663 Cor.
337 2641 384 2672 111,
402 2641 497 2673 7-11.
510 2648 552 2653 —
571 2638 584 2655 2
607 2630 688 2664 Ibid.
707 2631 741 2664 6.
758 2647 798 2655 —-
816 2630 830 2655 3
848 2633 940 2664 Joan.
959 2643 984 2673 1,
1011 2641 1062 2671 17.
1076 2647 1119 2655 --
1134 2629 1151 2661 4
1168 2633 1260 2664 Rom.
1278 2642 1326 2672 iv,
1355 2629 1405 2662 15.
