1803 3250
599 205 654 232 DE
685 202 856 232 NATURA
889 205 1003 232 Boiu.
1161 189 1164 192 ”
1410 194 1493 231 263

116 286 137 310 »
162 283 252 313 non
267 277 406 324 erant,
423 284 474 313 ex
491 268 650 329 quibus
666 283 744 312 nos
759 266 860 312 fecit
879 269 1087 312 Dominus
1104 271 1252 313 Deus¹,
1273 287 1293 310 »
1314 271 1370 312 Et
1385 268 1495 313 illud

113 329 233 399 quod
246 338 292 382 in
306 338 476 383 Psalmo
489 338 696 397 scriptum
711 346 800 381 est:
831 355 850 378 «
873 340 967 395 Ipse
981 337 1102 393 dixit,
1119 348 1162 383 et
1179 338 1290 382 facta
1305 347 1407 382 sunt
1419 341 1435 364 ²
1449 359 1457 384 :
1471 357 1491 380 »

111 408 392 454 manifestum
415 418 494 464 est,
514 407 635 468 quod
650 423 739 452 non
762 407 817 451 de
830 422 874 450 se
886 407 965 451 ista
980 409 1193 466 genuerit,
1213 409 1345 454 sedin
1360 411 1496 456 verbo

112 489 244 540 atque
265 479 447 539 imperio
469 478 632 523 fecerit.
659 476 790 532 Quod
814 487 958 522 autem
984 494 1073 522 non
1096 479 1150 523 de
1172 495 1241 536 se,
1268 482 1420 542 utique
1442 481 1497 526 de

112 550 266 596 nihilo.
291 553 390 596 Non
411 550 528 593 enim
550 557 642 593 crat
664 547 783 592 aliud
805 548 923 592 unde
950 548 1138 605 faceret,
1164 549 1218 594 de
1244 566 1335 611 quo
1365 567 1492 611 aper-

108 621 270 666 tissime
290 619 525 680 Apostolus
547 618 654 664 dicit
678 637 689 665 :
719 639 740 662 «
760 619 976 673 Quoniam
996 635 1046 664 ex
1072 621 1165 680 ipso
1186 630 1230 665 et
1255 637 1333 681 per
1354 623 1495 683 ipsum

109 709 130 734 »
157 700 201 735 et
221 692 268 734 in
289 691 384 750 ipso
399 699 502 735 sunt
518 690 703 734 omniass.
735 707 756 731 »
798 726 801 727 γ

167 764 353 807 XXVI-I.
379 764 475 806 «Ex
496 762 622 821 ipso»
643 770 788 806 autem
811 776 901 806 non
917 761 1002 806 hoc
1021 762 1249 821 significat,
1273 763 1394 822 quod
1411 764 1498 809 «de

106 835 216 894 ipso.
232 850 254 875 »
279 832 407 887 Quod
428 833 546 877 enim
575 833 630 877 de
662 833 755 893 ipso
789 842 875 888 est,
901 842 1043 893 potest
1070 832 1156 878 dici
1179 849 1230 878 ex
1257 835 1350 894 ipso
1373 853 1382 880 :
1408 850 1497 881 non

103 914 251 950 autem
271 919 401 950 omne
423 903 546 965 quod
568 919 618 948 ex
645 905 738 964 ipso
759 913 823 948 est
838 939 848 959 ‚
881 914 996 949 recte
1023 905 1183 950 dicitur
1203 906 1258 950 de
1288 907 1397 966 ipso.
1430 909 1496 951 Ex

108 977 201 1037 ipso
219 976 335 1020 enim
355 975 519 1021 coelum
542 985 585 1021 et
607 986 737 1031 terra,
763 977 865 1036 quia
886 976 977 1037 ipse
997 976 1101 1022 fecit
1128 993 1176 1022 ea
1203 998 1211 1022 :
1236 994 1325 1023 non
1350 988 1496 1024 autem

107 1049 163 1093 de
183 1049 294 1107 ipso,
324 1048 427 1107 quia
457 1062 548 1092 non
578 1047 633 1092 de
659 1049 901 1092 substantia
929 1064 1018 1093 sua.
1048 1050 1167 1094 Sicut
1187 1050 1341 1111 aliquis
1363 1051 1495 1096 homo

105 1121 140 1166 si
163 1119 314 1178 gignat
333 1117 498 1173 filium,
524 1127 567 1162 et
587 1118 718 1163 faciat
750 1118 954 1174 domum,
981 1135 1032 1163 ex
1051 1120 1143 1179 ipso
1162 1119 1275 1165 filius
1290 1156 1301 1176 ‚
1333 1137 1385 1165 ex
1401 1123 1495 1182 ipso

106 1189 262 1235 domus
288 1208 298 1235 ι
324 1188 400 1233 sed
421 1187 536 1233 filius
557 1189 612 1233 de
633 1189 727 1248 ipso
744 1225 754 1244 ,
780 1189 936 1234 domus
955 1190 1009 1234 de
1031 1199 1142 1235 terra
1172 1201 1215 1236 et
1244 1191 1381 1251 ligno.
1410 1193 1495 1238 Sed

103 1263 189 1307 hoc
206 1261 309 1323 quia
330 1262 464 1306 homo
485 1270 564 1316 est,
589 1261 666 1321 qui
687 1276 777 1304 non
791 1271 934 1320 potest
955 1261 1121 1322 aliquid
1138 1262 1267 1307 etiam
1284 1263 1339 1308 de
1356 1264 1493 1309 nihilo

99 1332 241 1378 facere
260 1348 271 1377 .·
297 1335 412 1377 Deus
439 1340 585 1376 autem
604 1347 656 1376 ex
676 1348 764 1392 quo
786 1332 953 1388 omnia,
978 1348 1054 1392 per
1077 1348 1210 1393 quem
1233 1335 1378 1379 omnia
1395 1369 1407 1390 ‚
1443 1336 1490 1379 in

105 1419 196 1464 quo
223 1403 386 1459 omnia,
411 1418 502 1447 non
523 1418 632 1462 opus
652 1403 844 1447 habebat
865 1403 1010 1464 aliqua
1031 1405 1231 1460 materia,
1253 1420 1384 1465 quam
1403 1407 1494 1465 ipse

106 1491 196 1520 non
213 1474 392 1529 fecerat,
417 1474 613 1535 adjuvari
630 1474 991 1534 omnipotentiam
1014 1477 1169 1519 suam?

165 1548 376 1591 XXVIII.
402 1548 516 1592 Cum
531 1555 677 1590 autem
690 1545 890 1591 audimus
914 1567 921 1591 :
952 1547 1144 1591 «Omnia
1157 1562 1207 1591 ex
1224 1547 1332 1607 ipso,
1358 1556 1402 1592 et
1419 1563 1495 1607 per

109 1636 130 1660 »
155 1619 326 1678 ipsum,
351 1626 395 1662 et
425 1617 472 1661 in
497 1618 590 1677 ipso
611 1637 618 1662 2
637 1636 658 1659 »
690 1633 839 1662 omnes
872 1618 1025 1678 utique
1055 1627 1230 1663 naturas
1251 1618 1491 1679 intelligere

106 1689 317 1734 debemus
338 1704 439 1749 quae
460 1688 716 1733 naturaliter
744 1698 860 1733 sunt.
888 1692 1040 1749 Neque
1062 1690 1177 1734 enim
1197 1705 1250 1734 ex
1278 1691 1370 1751 ipso
1392 1701 1490 1736 sunt

105 1769 298 1821 peccata,
325 1775 424 1820 quae
446 1769 648 1805 naturam
670 1776 760 1805 non
783 1770 972 1814 servant,
993 1760 1068 1805 sed
1086 1762 1254 1820 vitiant,
1274 1778 1374 1822 quae
1391 1778 1494 1822 pec-

104 1841 201 1878 cata
221 1847 272 1875 ex
299 1831 526 1876 voluntate
558 1846 648 1874 esse
677 1832 954 1891 peccantium
991 1833 1138 1876 multis
1176 1832 1316 1877 modis
1347 1843 1493 1879 sancta

107 1904 329 1963 Scriptura
350 1911 548 1957 testatur,
565 1902 783 1961 praecipue
800 1901 876 1946 illo
887 1901 985 1947 loco
998 1919 1086 1962 quo
1104 1903 1212 1947 dicit
1229 1904 1462 1963 Apostolus
1479 1924 1489 1950 ε

109 1995 128 2018 «
154 1975 383 2020 Existimas
400 1984 545 2019 autem
561 1975 669 2030 hoc,
690 1989 717 2019 o
738 1974 886 2030 homo,
912 1975 987 2034 qui
1010 1974 1178 2035 judicas
1200 1992 1271 2020 eos
1292 1978 1368 2037 qui
1395 1976 1495 2022 talia

107 2066 128 2090 »
155 2055 308 2106 agunt,
333 2055 376 2091 et
396 2045 500 2090 facis
521 2062 596 2099 ea,
619 2046 828 2106 quoniam
855 2055 906 2090 tu
933 2046 1114 2104 effugies
1142 2047 1357 2107 judicium
1383 2049 1493 2093 Dei?

108 2136 130 2160 »
154 2121 225 2163 An
244 2117 414 2162 divitias
434 2116 714 2176 benignitatis
736 2127 780 2162 et
808 2118 1027 2177 patientiae
1053 2119 1143 2178 ejus
1165 2128 1208 2163 et
1228 2118 1494 2178 longanimi—

107 2208 128 2232 »
153 2189 253 2234 tatis
269 2189 527 2243 contemnis,
546 2188 748 2247 ignorans
765 2189 973 2249 quoniam
996 2189 1203 2248 patientia
1227 2190 1304 2234 Dei
1321 2189 1376 2235 ad
1398 2206 1494 2250 poe-

110 2280 129 2302 »
159 2259 389 2304 nitentiam
404 2267 447 2303 te
461 2256 670 2304 adducit?
694 2260 945 2305 Secundum
961 2261 1168 2304 duritiam
1186 2270 1331 2305 autem
1351 2262 1492 2307 cordis

108 2349 130 2374 »
153 2330 220 2376 tui
242 2339 286 2375 et
307 2345 382 2375 cor
403 2329 679 2390 impoenitens
694 2366 706 2387 ‚
732 2333 996 2376 thezaurizas
1019 2333 1099 2376 tibi
1121 2332 1228 2377 iram
1250 2334 1297 2377 in
1325 2333 1396 2378 die
1416 2335 1492 2378 irae

105 2419 127 2442 n
153 2410 197 2446 et
217 2399 490 2446 revelationis
511 2401 616 2460 justi
641 2401 798 2463 judicii
826 2403 928 2459 Dei,
960 2404 1037 2463 qui
1067 2403 1222 2449 reddet
1253 2404 1491 2466 unicuique

110 2490 133 2515 »
157 2471 402 2518 secundum
423 2486 555 2530 opera
569 2486 648 2517 sua
660 2473 693 2517 4.
712 2490 735 2515 >›

153 2560 165 2582 ¹
180 2567 199 2591 2
217 2557 326 2592 Mach.
346 2569 403 2600 vn,
420 2557 527 2592 28.-
542 2565 555 2583 ²
576 2557 659 2594 Psal.
674 2557 802 2602 cxtvni,
822 2571 851 2594 1.
868 2576 910 2584 —
926 2557 940 2584 3
962 2562 1055 2594 Rom.
1074 2570 1119 2601 xi,
1142 2560 1195 2595 36.
1207 2577 1249 2584 —
1262 2559 1279 2587 a
1297 2562 1344 2594 Id.
1364 2571 1403 2603 n,
1420 2561 1439 2593 3
