1803 3250
299 268 321 308 4
334 271 383 307 1‘2
725 279 756 305 s.
796 275 1024 305 Auens‘rrm
1059 276 1239 304 EPISCOPI

298 347 387 388 haee
405 351 574 387 tantum
590 350 640 386 ut
654 342 768 387 bona
787 341 996 387 conferat.
1018 341 1095 386 Illa
1109 340 1289 402 justitiae
1304 339 1408 386 facit
1421 341 1683 401 auditorem,

295 416 370 457 ista
403 412 625 458 factorem.
654 416 710 457 Et
738 413 835 458 ideo
867 414 949 457 sub
980 412 1053 457 illa
1086 421 1308 472 peccator,
1347 412 1525 473 insuper
1554 415 1685 461 etiam

295 484 595 544 prsrvaricator
619 485 771 529 amissa
795 485 1072 530 excusatione
1091 483 1350 543 ignorantiae
1373 485 1601 530 convictus
1618 488 1686 546 ja-

291 566 356 600 cet
376 575 384 599 ε
411 555 492 599 sub
515 555 594 599 ista
618 570 720 599 vero
738 565 781 600 et
803 565 1008 615 parcente
1032 565 1074 600 et
1090 554 1349 615 opitulante,
1373 570 1454 601 nec
1473 557 1549 616 qui
1572 556 1685 602 mala

291 636 352 670 est
371 634 574 685 operatus
595 626 880 686 extinguitur,
906 636 950 671 et
969 635 1019 671 ut
1043 627 1156 671 bona
1179 636 1385 685 operetur
1411 626 1681 672 accenditur.

289 696 404 750 Quid
418 711 519 755 ergo
533 706 596 741 est
614 697 789 753 mirum,
805 698 838 742 si
854 697 925 741 illa
940 696 1055 741 dicta
1071 706 1154 742 est:
1174 716 1192 738 «
1206 697 1469 742 Ministratio
1480 698 1646 754 mortis,
1661 717 1682 740 »

288 768 362 811 ubi
383 767 524 812 littera
543 766 717 823 occidit,
742 767 906 811 malum
925 767 1201 827 prohibendo
1218 767 1340 827 quod
1360 767 1425 823 fit,
1446 777 1489 813 et
1508 768 1679 814 bonum

287 839 541 899 imperando
563 840 685 899 quod
709 855 796 883 non
818 841 888 895 tit,
912 839 992 883 ista
1016 854 1117 883 vero
1139 839 1255 883 dicta
1273 848 1360 885 est:
1383 858 1403 882 «
1420 840 1683 885 Ministratio

289 930 308 951 »
334 912 524 970 spiritus,
549 929 568 951 »
590 911 741 970 utique
758 909 1031 964 vivificantis,
1053 918 1103 954 ut
1120 925 1142 953 a
1158 910 1526 969 praevaricationis
1544 920 1685 956 morte

287 997 530 1040 surgamus,
557 990 600 1025 et
618 981 829 1040 justitiam
854 995 943 1024 non
965 980 1026 1024 rei
1048 980 1244 1040 legamus
1266 981 1311 1025 in
1334 981 1512 1037 tabulis,
1537 982 1613 1026 sed
1634 981 1686 1026 li-

287 1053 376 1096 beri
396 1054 439 1095 in
458 1051 665 1097 cordibus
688 1061 732 1097 et
751 1053 795 1095 in
816 1053 1010 1096 moribus
1040 1052 1310 1097 habeamus?
1333 1056 1427 1098 Hoc
1449 1062 1512 1098 est
1539 1056 1687 1098 Testa-

287 1133 480 1168 mentum
512 1127 682 1169 Novum
720 1123 884 1168 distans
907 1139 929 1168 a
951 1126 1134 1179 Vetere,
1159 1124 1261 1184 quia
1299 1124 1361 1168 ibi
1396 1133 1520 1169 vetus
1554 1126 1686 1170 homo

284 1196 528 1240 formidinis
551 1205 796 1241 coarctatur
818 1196 1042 1256 angustiiS,
1064 1196 1136 1241 hic
1159 1211 1298 1242 novus
1321 1196 1456 1242 homo
1476 1197 1688 1257 spatiatur

284 1266 515 1312 latitudine
532 1267 767 1312 charitatis.

341 1340 504 1382 XXVI.
541 1338 671 1392 Quod
684 1347 831 1383 autem
846 1338 1011 1383 dictum
1026 1346 1090 1382 est
1109 1337 1164 1382 de
1184 1338 1382 1383 ministro
1400 1339 1567 1382 Veteris
1589 1341 1689 1383 Tes-

283 1411 464 1454 tamenti
483 1413 649 1469 Moyse,
671 1430 692 1454 «
717 1409 846 1464 Quod
869 1426 958 1455 non
981 1419 1183 1470 poterant
1205 1409 1433 1454 intendere
1451 1410 1529 1454 filii
1550 1412 1685 1456 Israel

287 1500 306 1522 »
342 1481 387 1524 in
415 1480 569 1526 faciem
599 1483 689 1541 ejus
718 1491 897 1541 propter
930 1481 1113 1540 gloriam
1137 1480 1288 1525 vultus
1312 1481 1402 1541 ejus
1419 1483 1450 1536 ¹,
1472 1481 1685 1541 »signum

283 1561 374 1595 erat
393 1553 495 1611 quia
516 1553 562 1596 in
581 1555 696 1611 Lege
713 1552 935 1597 Christum
955 1550 1219 1596 intellecturi
1241 1567 1332 1597 non
1350 1561 1488 1596 erant.
1510 1554 1567 1596 Et
1584 1553 1686 1598 ideo

283 1622 482 1666 velamen
499 1623 612 1667 inter
627 1622 780 1668 faciem
799 1623 941 1681 Moysi
956 1632 999 1667 et
1016 1623 1130 1683 ipsos
1148 1623 1340 1683 positum
1358 1632 1466 1679 erat,
1487 1625 1578 1668 «Ut
1594 1639 1686 1669 non

287 1713 305 1735 »
342 1694 643 1750 intenderent,
685 1696 798 1740 sicut
824 1696 1035 1754 scriptum
1066 1705 1152 1751 est,
1187 1694 1264 1739 filii
1300 1694 1432 1740 Israe'l
1464 1710 1604 1756 usque
1638 1697 1684 1740 in

287 1784 305 1805 n
341 1766 516 1809 finem2.
542 1785 560 1807 »
580 1766 699 1811 Finis
720 1775 864 1810 autem
889 1766 1014 1825 Legis
1035 1766 1132 1826 quis
1158 1768 1247 1810 est?
1267 1765 1336 1810 Ad
1364 1767 1448 1811 hoc
1470 1781 1560 1811 non
1584 1782 1682 1826 ego,

282 1837 357 1880 sed
375 1836 607 1896 Apostolus
627 1838 718 1898 ipse
734 1837 993 1898 respondeat
1013 1857 1021 1883 ;
1041 1857 1061 1880 «
1079 1837 1198 1882 Finis
1216 1838 1333 1882 enim
1354 1838 1497 1897 Legis,
1519 1838 1681 1899 inquit,

286 1927 306 1949 »
341 1909 555 1964 Christus,
572 1909 626 1953 ad
639 1910 854 1970 justitiam
869 1909 989 1954 omni
1006 1909 1243 1954 credenti3.
1265 1927 1284 1951 ι)
1302 1909 1422 1954 Finis
1435 1909 1682 1969 perficiens,

284 1995 372 2023 non
400 1979 679 2026 interficiens.
706 1981 824 2025 Finis
845 1981 1009 2041 quippe
1031 1980 1192 2024 dicitur
1213 1989 1393 2040 propter
1418 1995 1550 2040 quem
1568 1981 1684 2025 fiunt

283 2050 426 2095 omnia
449 2067 741 2113 quaecumque
758 2052 905 2113 aliquo
921 2053 1034 2097 fiunt
1051 2052 1210 2097 officio.
1226 2055 1336 2098 Nam
1358 2053 1470 2098 inter
1488 2053 1685 2098 officium

284 2131 326 2166 et
349 2123 478 2167 finem
504 2124 587 2168 hoe
616 2125 762 2180 distat,
797 2124 918 2185 quod
949 2125 1145 2170 officium
1176 2133 1240 2169 est
1261 2125 1306 2168 in
1330 2124 1388 2169 eis
1417 2140 1517 2185 quac
1539 2124 1682 2170 tacere

283 2193 510 2251 debemus,
542 2196 637 2240 finis
668 2206 846 2256 propter
877 2211 1009 2257 quem
1041 2195 1238 2242 facimus.
1276 2196 1388 2249 Quia
1423 2196 1572 2256 itaque
1610 2194 1684 2240 illa

284 2265 428 2309 onmia
462 2276 637 2326 propter
662 2267 885 2312 Christum
914 2267 1094 2322 fiebant,
1128 2282 1259 2328 quem
1288 2266 1365 2310 filii
1400 2266 1532 2311 lsrael
1551 2266 1598 2310 in
1624 2268 1684 2311 eis

285 2351 384 2395 quae
408 2337 570 2381 fiebant
592 2353 681 2382 non
704 2338 1030 2397 intelligebant,
1066 2339 1149 2383 hoc
1172 2337 1447 2397 significabat
1466 2337 1682 2392 velamen,

284 2407 405 2467 quod
437 2423 508 2453 eos
544 2425 681 2470 usque
702 2410 749 2454 in
772 2410 903 2454 finem
930 2425 1020 2454 non
1042 2410 1213 2454 sinebat
1234 2409 1480 2465 intendere,
1520 2408 1566 2453 id
1601 2417 1682 2464 est,

285 2493 424 2537 usque
446 2479 676 2525 adfaciem
698 2482 855 2540 Moysi,
886 2497 987 2542 quae
1017 2481 1290 2540 significabat
1321 2481 1562 2528 Christum.
1601 2480 1685 2526 Sed

285 2549 384 2594 ideo
404 2549 570 2595 dictum
593 2560 657 2596 est
677 2552 799 2612 quod
822 2562 1058 2598 evacuetur
1079 2554 1173 2598 haec
1198 2552 1350 2613 gloria,
1386 2553 1489 2613 quia
1527 2566 1678 2607 omnes

335 2641 343 2657 ¹
372 2643 392 2667 2
407 2636 483 2669 Cor.
501 2646 551 2678 ιιι,
571 2646 601 2678 7.
618 2654 659 2662 —
673 2637 784 2670 21bid.
809 2637 859 2670 13.
878 2654 920 2663 --
936 2636 950 2662 3
969 2640 1059 2672 Rom.
1078 2647 1116 2681 x,
1135 2637 1169 2680 4.
