1803 3250
446 198 610 231 com‘nA
644 197 861 239 FAUSTUM,
900 200 983 228 Lis.
1021 201 1130 228 xxii.
1422 187 1478 228 45

94 284 247 313 manus
268 276 359 312 erat
381 276 424 312 et
443 267 650 313 naturalis
668 266 866 320 effectus,
885 281 964 309 nec
979 282 1022 311 sc
1040 265 1269 310 crederent
1284 264 1479 309 inveniro

92 354 213 398 posse
230 337 336 383 alios
353 339 486 394 viros,
506 336 627 383 velut
642 345 795 381 exusto
817 335 890 380 illa
908 336 1250 395 conflagratione
1269 336 1375 381 orbe
1392 344 1481 379 ter-

89 424 252 465 rarum,
279 424 421 470 neque
442 408 560 452 enim
589 406 832 452 discernere
855 415 1058 467 poterant
1087 424 1175 467 quo
1206 423 1343 468 usque
1370 408 1480 466 ignis

87 479 160 524 ille
181 480 390 535 saevierit,
421 479 602 524 miscere
631 495 674 524 se
694 479 806 539 patri
835 477 1088 523 voluerunt.
1121 479 1268 522 Potius
1301 478 1480 539 quidem

89 566 317 612 nunquam
340 565 430 595 esse
448 559 606 595 matres
620 585 631 606 ,
656 565 789 610 quam
806 549 864 594 sic
882 549 946 593 uti
963 557 1085 609 patre
1105 548 1356 594 debuerunt
1377 570 1385 595 2
1406 565 1483 594 ve-

93 630 341 666 rumtamen
375 619 567 665 multum
596 620 801 676 interest,
834 619 956 681 quod
988 635 1037 664 ea
1071 635 1199 665 causa
1235 636 1323 664 usae
1355 630 1482 675 sunt,

90 707 224 752 quam
264 693 298 737 si
350 692 699 753 concupiscentia
743 701 833 737 tam
879 691 1064 737 funestae
1108 691 1344 752 voluptatis
1387 702 1487 736 ute-

92 772 258 808 rentur.

150 835 306 878 XLIV.
333 834 403 879 Ab
418 833 494 880 illo
509 844 655 880 autem
673 850 803 896 opere
818 835 877 879 ita
893 843 1062 895 patrem
1075 835 1310 880 abhorrere
1327 835 1489 879 sentie-

96 906 220 962 bant,
237 914 288 950 ut
302 905 348 950 id
362 921 407 951 se
419 906 675 967 impleturas
689 923 777 952 esse
799 922 889 952 non
907 908 1154 964 crederent,
1171 907 1249 952 nisi
1265 908 1356 967 ejus
1372 907 1490 965 igno-

95 978 280 1023 rantiam
289 988 591 1037 procurarent.
608 982 848 1040 «Namque,
864 989 913 1024 ut
929 980 1139 1039 scriptum
1155 988 1234 1035 est,
1248 979 1492 1023 inebriave-

97 1066 117 1089 »
145 1057 249 1092 runt
269 1063 393 1103 eum,
432 1058 475 1092 et
497 1064 540 1092 se
577 1050 787 1094 nescienti
814 1050 1132 1095 miscuerunt1.
1157 1068 1176 1091 >›
1214 1052 1491 1109 Quapropter

92 1117 338 1179 culpandus
364 1128 429 1164 est
450 1119 648 1180 quidem,
671 1135 762 1165 non
781 1129 929 1164 tamen
951 1130 1167 1181 quantum
1187 1120 1261 1164 ille
1283 1121 1489 1175 incestus,

93 1190 169 1236 sed
187 1200 399 1251 quantum
413 1190 487 1236 illa
503 1200 695 1236 meretur
714 1192 914 1236 ebrietas.
931 1194 1042 1238 Nam
1055 1202 1098 1237 et
1115 1193 1230 1236 hanc
1246 1191 1315 1236 lex
1330 1201 1493 1237 aeterna

93 1261 379 1321 condemnat3
405 1262 507 1323 quia
529 1263 679 1307 cibum
702 1271 746 1308 et
773 1271 927 1322 potum
946 1262 1002 1307 ad
1025 1263 1224 1308 ordinem
1248 1263 1493 1309 naturalem

94 1351 184 1381 non
217 1336 297 1380 nisi
333 1335 470 1395 gratia
506 1333 817 1380 conservandae
856 1335 1005 1379 salutis
1041 1334 1248 1380 admittit.
1287 1335 1494 1388 Quamvis

95 1422 200 1467 ergo
220 1408 333 1452 inter
355 1406 575 1452 ebriosum
607 1416 651 1451 et
676 1406 845 1450 ebrium
869 1405 1110 1465 plurimum
1132 1406 1302 1450 intersit
1323 1425 1332 1451 ε
1358 1408 1376 1464 (
1392 1421 1493 1451 nam

94 1493 175 1523 nec
207 1477 402 1523 ebriosus
423 1491 592 1538 semper
621 1485 683 1521 est
706 1476 876 1533 ebrius,
913 1492 994 1521 nec
1024 1476 1221 1537 quisquis
1256 1476 1493 1537 aliquando

96 1548 262 1604 ebrius,
300 1557 619 1609 consequenter
653 1547 847 1593 ebriosus
880 1556 970 1592 est:
990 1549 1008 1606 )
1041 1557 1187 1593 tamen
1227 1547 1274 1591 in
1313 1548 1494 1593 homine

91 1621 211 1682 justo
232 1621 362 1680 hujus
384 1620 545 1681 ipsius,
571 1621 649 1664 etsi
666 1635 756 1665 non
778 1618 1038 1665 ebriositatis
1055 1655 1067 1675 ,
1091 1629 1135 1664 at
1161 1629 1277 1665 certe
1300 1621 1491 1665 ebrieta-

95 1693 150 1738 tis
181 1708 310 1738 causa
346 1691 584 1753 quaerenda
617 1701 694 1737 est.
722 1690 838 1746 Quid
868 1692 982 1736 enim
1005 1691 1181 1737 tandem
1205 1693 1413 1752 cogebat,
1445 1701 1495 1737 ut

97 1764 269 1809 filiabus
299 1763 386 1808 suis
418 1764 569 1808 crebra
600 1764 702 1808 vina
734 1763 1018 1808 miscentibus
1038 1798 1049 1819 ,
1092 1772 1167 1808 aut
1198 1763 1381 1809 fortasse
1413 1779 1495 1809 nec

99 1835 232 1881 mixta
253 1835 408 1880 crebro
428 1833 771 1895 porrigentibus,
798 1834 1063 1879 consentiret
1080 1843 1155 1879 aut
1178 1835 1375 1880 crederet
1390 1837 1408 1878 Ρ
1426 1838 1494 1880 An

99 1907 156 1951 ad
176 1907 261 1952 hoc
283 1905 392 1951 filias
414 1905 596 1950 nimiam
618 1905 837 1950 tristitiam
859 1906 1072 1964 fingentes
1094 1906 1153 1950 ita
1176 1905 1315 1952 voluit
1335 1922 1495 1953 conso-

97 1977 205 2033 lari,
230 1986 281 2022 ut
302 1976 416 2022 illius
441 1976 737 2022 destitutionis
759 1985 802 2021 et
822 1977 1008 2021 materni
1025 1976 1171 2022 luctus
1194 1976 1320 2023 dolor
1342 1977 1397 2023 de
1418 1994 1494 2024 co-

98 2048 306 2108 gitatione
327 2048 484 2094 mentis
504 2047 637 2093 ebriae
658 2046 885 2108 fugaretur
899 2083 911 2101 ,
936 2049 1066 2094 etiam
1088 2049 1200 2109 ipsas
1215 2050 1493 2095 tantumdem

98 2121 250 2167 bibere
270 2120 517 2166 existimans
531 2156 542 2178 ,
577 2129 622 2166 et
642 2119 788 2181 aliqua
809 2120 964 2166 fraude
986 2130 1159 2179 agentes
1181 2137 1237 2166 ne
1262 2123 1495 2168 biberent?

102 2193 187 2239 Sed
221 2194 351 2238 etiam
387 2193 518 2238 talem
556 2193 750 2239 tristibus
780 2194 867 2238 suis
903 2194 1110 2239 adhibere
1147 2195 1491 2241 consolationem

98 2265 323 2327 quomodo
337 2266 479 2311 virum
495 2267 664 2327 justum
686 2266 899 2323 decuerit,
917 2282 1007 2312 non
1024 2267 1237 2312 videmus.
1263 2270 1333 2312 An
1349 2268 1493 2329 aliqua

102 2336 425 2382 Sodomitarum
448 2345 539 2381 arte
558 2337 740 2398 pessima
757 2337 887 2382 etiam
908 2338 1055 2398 paucis
1069 2337 1235 2398 poculis
1250 2348 1419 2399 patrem
1434 2339 1494 2383 sic

100 2409 314 2454 inebriare
342 2417 602 2468 potuerunt,
633 2419 684 2455 ut
711 2408 822 2454 illud
843 2420 1072 2470 peccatum
1101 2426 1201 2456 cum
1233 2411 1461 2470 ignorante
1478 2446 1489 2467 ,

100 2479 170 2525 vel
191 2481 335 2541 potius
357 2480 411 2525 de
433 2482 662 2542 ignorante
684 2482 1038 2529 committerent?
1063 2482 1147 2529 Sed
1171 2483 1330 2529 mirum
1355 2484 1390 2529 si
1408 2483 1491 2529 hoc

149 2571 159 2588 ¹
176 2567 258 2599 Gen.
278 2576 343 2610 xix,
363 2566 405 2600 33
423 2570 457 2600 et
475 2566 529 2600 35.
