1803 3250
306 190 387 228 102
481 201 513 228 S.
541 202 772 230 AUGUS'rlnl
803 203 967 231 CONTRA
1000 204 1394 244 PulsclLLIANISTAS,
1420 208 1510 234 ETC.

304 287 322 308 »
349 268 491 325 cogita
529 282 698 326 semper
731 270 740 293 ¹
774 287 782 312 :
825 286 845 309 »
881 278 929 313 ut
961 270 1094 328 magis
1123 270 1166 313 in
1195 270 1284 314 istis
1319 273 1547 317 temeraria
1581 288 1692 331 prae-

297 338 502 395 sumptio,
532 353 664 397 quam
694 348 820 383 cauta
844 340 1057 398 ignoratio
1080 340 1297 401 culpanda
1322 343 1536 388 videatur.
1562 345 1691 389 Certe

297 410 353 452 ait
371 407 603 467 Apostolus
627 428 635 454 z
665 429 685 452 «
705 411 801 455 Sive
819 411 965 467 Sedes,
986 412 1075 457 sive
1094 413 1436 469 Dominationes,
1462 414 1549 458 sive
1570 415 1692 459 Prin-

299 498 317 519 »
344 480 511 538 cipatus
529 515 539 535 ,
572 481 659 525 sive
684 484 921 527 Potestates
942 486 973 527 ².
1008 502 1027 525 »
1056 487 1110 528 Et
1135 499 1223 528 esse
1246 485 1394 545 itaque
1419 485 1575 541 Sedes,
1602 489 1691 532 Do-

297 551 552 596 minationes
568 588 578 605 ‚
601 554 896 613 Principatus,
920 559 1157 600 Potestatcs
1179 556 1224 600 in
1240 556 1492 602 coelestibus
1515 573 1693 617 appara-

298 622 434 678 tibus,
459 623 700 669 firmissime
722 627 853 671 credo
869 663 880 682 ,
908 636 950 671 et
975 627 1152 671 differre
1170 627 1283 672 inter
1304 643 1348 672 se
1370 628 1538 688 aliquid
1559 628 1692 672 indu-

295 693 434 737 bitata
459 694 545 738 fide
563 703 706 740 tenco.
727 698 826 753 Sed,
849 713 936 758 quo
952 713 1020 741 me
1041 708 1310 753 contemnas,
1332 715 1463 759 quern
1482 714 1692 759 magnum

298 774 426 823 putas
448 780 538 810 esse
569 766 792 812 doctorem
809 804 819 823 ,
847 783 1053 828 quaenam
1077 769 1156 813 ista
1179 770 1290 825 sint,
1313 781 1356 814 et
1379 769 1488 831 quid
1510 771 1623 815 inter
1651 785 1694 814 se

296 834 506 881 differant
540 839 701 882 nescio.
739 842 826 885 Nec
855 854 904 883 ea
941 856 1042 884 sane
1077 840 1321 898 ignorantia
1359 841 1593 901 periclitari
1625 857 1696 886 me

304 917 412 967 puto
426 943 437 962 ,
458 908 569 953 sicut
584 910 630 953 in
644 910 914 967 obedientia,
940 912 973 955 si
991 912 1164 957 Domini
1187 922 1405 973 praecepta
1427 912 1661 972 neglexero
1684 931 1694 957 ε

301 988 345 1023 et
366 980 465 1024 ideo
498 989 605 1040 puto
636 982 797 1041 Spiritu
830 983 906 1027 Dei
927 999 1005 1043 per
1028 994 1225 1029 auctores
1247 994 1441 1041 nostros,
1468 985 1699 1044 scriptores

296 1061 550 1096 sanctorum
583 1052 872 1113 Eloquiorum
893 1090 903 1111 ,
929 1071 1018 1100 non
1041 1055 1169 1115 plene
1192 1056 1383 1116 exposita
1398 1091 1409 1112 ,
1443 1055 1518 1114 sed
1540 1055 1700 1116 raptim

295 1131 409 1167 tacta
433 1126 842 1185 atque-perstricta3
873 1136 922 1170 ut
951 1127 986 1171 si
1018 1127 1089 1172 cui
1112 1125 1226 1171 forte
1245 1126 1320 1171 tali
1345 1126 1497 1187 quales
1525 1142 1604 1172 nos
1623 1142 1699 1171 su·-

296 1209 408 1249 mus,
436 1211 511 1254 per
533 1196 731 1241 altiorem
761 1197 1073 1243 revelationem
1102 1197 1270 1259 aliquid
1291 1197 1544 1258 hujusmodi
1567 1196 1701 1242 fuerit

295 1263 669 1323 demonstratum,
703 1284 792 1313 non
822 1284 866 1313 se
894 1267 1119 1314 inferiores
1148 1268 1280 1313 fuisse
1314 1268 1464 1313 credat
1497 1284 1592 1324 eos,
1621 1283 1699 1328 per

294 1353 405 1395 quos
434 1338 561 1383 nobis
590 1340 903 1384 canonicarum
944 1341 1269 1400 Scripturarum
1302 1348 1452 1383 sancta
1483 1339 1702 1398 praeconia

299 1409 542 1455 ministrata
573 1420 692 1456 sunt.
721 1415 949 1464 Quantum
982 1412 1097 1456 enim
1131 1411 1320 1472 quisque
1348 1410 1525 1455 sciendo
1554 1410 1698 1470 profe-

301 1480 429 1535 cerit,
455 1490 578 1526 tanto
601 1498 644 1526 se
667 1482 780 1526 infra
802 1482 895 1527 illas
917 1483 1082 1527 litteras
1099 1482 1315 1537 inveniet,
1343 1497 1451 1542 quas
1470 1485 1585 1526 Deus
1600 1492 1702 1526 tan·

294 1567 428 1611 quam
450 1553 776 1598 firmamentum
794 1569 924 1613 supra
937 1554 1084 1599 omnia
1099 1555 1290 1599 humana
1305 1553 1437 1599 corda
1450 1554 1693 1599 constituit.

293 1625 391 1669 Non
412 1624 561 1684 itaque
586 1641 695 1684 opus
716 1635 779 1670 est
804 1645 823 1669 «
852 1626 955 1670 Plus
978 1641 1149 1686 sapere,
1175 1627 1251 1671 sed
1268 1642 1417 1686 sapere
1443 1626 1498 1670 ad
1527 1637 1694 1687 tempe-

297 1712 318 1736 »
345 1695 527 1739 rantiam
541 1732 552 1751 ,
570 1697 681 1741 sicut
702 1698 943 1758 unicuique
967 1701 1082 1743 Deus
1102 1699 1286 1757 partitus
1300 1707 1363 1742 est
1385 1713 1637 1742 mensuram
1653 1698 1702 1742 fi-

298 1783 318 1806 »
345 1765 415 1809 dei
439 1767 472 1812 ³.
502 1785 521 1808 »
549 1769 782 1812 Docebunt
806 1779 846 1813 te
869 1769 949 1814 ista
970 1769 1154 1814 fortasse
1186 1769 1406 1814 doctiores
1422 1805 1433 1824 ,
1460 1769 1494 1814 si
1517 1769 1574 1815 ad
1602 1769 1700 1815 illos

298 1837 452 1882 afferas
472 1847 635 1883 tantam
655 1839 851 1884 discendi
874 1841 1120 1895 scientiam,
1140 1850 1351 1902 quantam
1375 1840 1540 1885 sciendi
1565 1841 1700 1885 habes

298 1923 474 1968 curam,
509 1926 565 1954 ne
588 1911 810 1971 incognita
832 1927 912 1971 pro
940 1913 1125 1971 cognitis
1149 1913 1364 1972 opineris,
1399 1928 1454 1956 ne
1485 1927 1576 1957 non
1603 1927 1700 1956 cre-

301 1980 447 2024 denda
471 1980 646 2038 credas,
672 1982 742 2027 vel
765 1982 985 2027 credenda
1003 1999 1092 2027 non
1116 1982 1280 2028 credas.
1309 1986 1403 2028 lmo
1427 1982 1603 2027 docebit
1626 1982 1699 2027 ille

303 2066 415 2094 unus
427 2052 633 2111 Magister
647 2061 691 2096 et
708 2068 852 2108 verus,
867 2054 956 2099 sive
968 2069 1045 2113 per
1059 2053 1171 2109 illos,
1192 2054 1279 2098 sive
1295 2053 1456 2114 quibus
1473 2054 1615 2098 modis
1625 2069 1701 2099 vo-

301 2120 446 2178 luerit,
461 2123 537 2184 qui
551 2133 592 2168 te
605 2139 683 2183 pro
694 2140 771 2168 sua
790 2123 983 2169 Ecclesia
996 2123 1273 2169 laborantem
1286 2125 1404 2168 intus
1418 2124 1609 2184 inspicit,
1623 2125 1700 2169 ubi

303 2203 347 2237 et
372 2194 457 2239 hoc
482 2195 526 2239 in
549 2204 592 2239 te
619 2194 808 2240 contulit
832 2216 841 2241 :
866 2195 957 2255 ipse
974 2196 1184 2240 reserabit
1200 2195 1329 2240 latius
1350 2194 1600 2251 veritatem,
1622 2194 1699 2256 qui

304 2263 548 2324 pulsantem
565 2267 776 2326 pervidet,
791 2282 924 2327 quarn
934 2267 1098 2312 donare
1110 2267 1314 2326 dignatus
1326 2275 1406 2322 est,
1418 2266 1693 2312 charitatem.

350 2385 354 2396 ¹
382 2377 464 2409 ticeli
498 2389 542 2418 iu,
560 2388 599 2409 Ἡ
632 2396 669 2399 —
686 2386 697 2399 2
721 2379 825 2409 Coloss-
861 2391 866 2408 ι
907 2377 957 2408 16.
976 2395 1014 2400 —-
1033 2375 1045 2398 3
1064 2379 1152 2409 Rom.
1176 2389 1232 2411 xii.
1251 2378 1281 2409 3.
1305 2394 1335 2398 γ’
1355 2377 1367 2404 4
1392 2376 1448 2408 Hic
1462 2376 1578 2408 desinit
1594 2378 1696 2409 Trac-

301 2437 383 2464 t-ilus
403 2435 430 2464 in
452 2435 634 2466 melioribus
652 2437 744 2466 MSS.
763 2435 883 2477 Reliqui
897 2434 1025 2475 triginta
1043 2434 1173 2465 cii-citer
1192 2445 1297 2465 versw
1317 2434 1368 2474 :fui
1387 2434 1646 2475 superadduntur
1664 2432 1694 2463 in

298 2501 375 2520 mci·
390 2491 433 2526 vi2,
453 2491 595 2522 translati
610 2491 670 2522 linc
689 2492 816 2522 luerunt
830 2502 865 2522 ex
883 2490 943 2522 {ine
960 2489 1102 2532 epistola:
1121 2490 1283 2530 Augustini
1297 2489 1337 2520 ad
1358 2489 1599 2529 Hieronymum,
1617 2488 1692 2519 olim

297 2557 331 2575 oi·
347 2546 406 2575 lim:
440 2549 481 2582 »8,
507 2557 588 2577 nuuc
620 2547 686 2575 ΛΞΜ,
