1803 3250
364 233 527 262 CONTRA
559 233 863 262 AnvssasAva
897 235 1032 272 LEGIS,
1067 236 1149 262 Lus.
1187 236 1217 261 1.
1401 223 1480 261 381

162 302 211 343 L.
240 302 346 343 Item
369 301 501 345 verba
529 301 729 360 quaedam
753 315 804 343 ex
824 298 936 344 libro
969 300 1305 345 Deuteronomio
1324 334 1335 354 ,
1367 298 1488 344 velut

101 370 272 430 impura
293 372 610 427 exhorrescens,
636 372 832 429 impurus
854 372 1039 429 exagitat
1061 392 1070 417 ε
1095 373 1215 433 quasi
1236 376 1347 416 Deus
1364 386 1488 416 vere-

100 440 283 485 cundari
300 441 515 497 debuerit,
534 441 892 500 pudendaimpiis
911 443 1099 501 irrogare
1112 443 1179 487 vel
1195 442 1487 502 praenuntiare

99 520 338 566 tormenta,
374 527 454 556 nec
489 527 540 555 eo
573 510 829 556 comminari
860 511 1013 564 modo,
1046 522 1096 556 ut
1117 513 1308 557 diceret:
1339 532 1358 554 «
1379 515 1486 565 Quae

102 599 122 622 »
146 580 288 625 mollis
307 581 352 625 in
374 581 498 627 vobis
520 592 563 626 et
581 592 730 626 tenera
748 581 874 625 nimis
894 581 1040 637 fuerit,
1066 584 1188 642 eujus
1211 583 1485 642 experimen-

102 670 121 693 »
146 661 241 696 tum
264 667 354 696 non
387 652 553 712 accepit
583 667 660 712 per
689 652 779 711 ejus
807 651 1032 696 ambulare
1064 668 1191 711 super
1215 662 1372 697 terram
1398 669 1487 712 prae

103 743 121 764 »
148 722 441 768 teneritudine
477 733 521 768 et
559 722 766 778 mollitie,
799 732 841 768 et
877 723 1036 768 zelabit
1067 723 1196 768 oculo
1227 740 1308 769 suo
1344 725 1486 768 virum

100 811 120 835 »
145 808 288 848 suum,
309 803 352 837 et
372 793 515 838 filium
537 809 682 849 suum,
697 802 740 838 et
761 793 895 838 filiam
917 810 1056 850 suam,
1077 803 1121 838 et
1142 794 1353 839 secundas
1372 810 1482 847 suas,

100 881 121 904 »
145 872 189 908 et
219 862 340 924 quod
362 864 513 908 exierit
536 880 613 924 per
634 864 799 909 femora
830 865 921 925 ejus
948 864 1191 910 comedet¹.
1230 882 1250 906 »
1288 868 1487 910 Imovero

98 944 264 995 quanto
280 945 345 980 est
364 935 633 990 horribilius,
654 945 776 980 tanto
794 945 858 980 est
879 935 1131 981 terribilius.
1157 939 1308 996 Neque
1331 937 1446 980 enim
1462 953 1485 980 a

98 1007 313 1066 Propheta
331 1008 552 1052 monendo
571 1007 738 1051 dictum
755 1016 818 1051 est
832 1042 844 1062 ,
872 1008 947 1051 sed
963 1007 1197 1056 minanda:
1217 1023 1308 1052 non
1327 1017 1375 1050 ut
1390 1008 1483 1051 haee

94 1077 290 1122 homines
313 1076 533 1135 facerent3
556 1077 632 1121 sed
662 1093 715 1121 ne
746 1076 821 1121 illa
851 1077 1045 1122 facerent
1073 1094 1172 1138 quae
1203 1093 1352 1122 sensus
1385 1093 1485 1137 per-

92 1163 241 1193 versus
257 1159 444 1205 exercet,
460 1158 503 1193 et
517 1149 573 1193 ad
593 1150 684 1192 haee
696 1149 973 1208 pervenirent
989 1165 1088 1209 quae
1102 1165 1250 1193 sensus
1267 1150 1485 1193 humanus

91 1220 306 1264 exhorret.
334 1220 439 1274 Quis
461 1229 608 1264 autem
625 1221 756 1279 digne
777 1220 922 1281 eloqui
940 1221 1089 1279 possit,
1109 1237 1241 1280 quam
1262 1222 1316 1265 sit
1330 1221 1485 1264 mentis

91 1290 369 1336 execrabilior
385 1290 576 1346 foeditas,
602 1306 753 1350 poenas
776 1292 1008 1335 exhorrere
1031 1292 1302 1347 meritorum,
1326 1302 1369 1335 et
1392 1308 1484 1335 me-

91 1363 170 1407 rita
195 1379 282 1407 non
308 1378 459 1407 cavere
488 1364 751 1422 poenarum?
776 1364 899 1407 Dicat
929 1362 1056 1422 plane
1095 1363 1278 1422 Spiritus
1310 1372 1484 1406 sanetus

89 1434 372 1478 intaminatus
393 1443 436 1477 et
456 1432 766 1478 intaminabilis
781 1469 792 1486 ,
826 1432 948 1494 quod
972 1433 1122 1477 audire
1150 1433 1293 1477 anima
1316 1443 1485 1477 recusat

90 1505 340 1560 immunda,
365 1515 409 1548 et
431 1520 520 1548 esse
548 1520 637 1548 non
668 1513 839 1548 recusat
870 1504 1114 1548 immunda.
1152 1504 1483 1547 Immunditiam

89 1575 253 1635 quippe
267 1584 487 1620 aversatur
498 1575 638 1619 earnis
653 1575 828 1619 ostensis
839 1574 1034 1618 sensibus
1053 1574 1209 1629 carnis,
1231 1583 1273 1617 et
1287 1574 1482 1617 immun-

88 1647 239 1692 ditiam
262 1646 402 1706 diligit
432 1663 555 1691 suam
587 1647 785 1691 extinctis
813 1646 1009 1691 sensibus
1037 1645 1194 1691 cordis.
1234 1646 1353 1690 Dicat
1385 1646 1479 1689 haee

93 1719 276 1778 Spiritus
294 1719 392 1773 Dei,
419 1728 460 1763 et
476 1734 551 1779 per
570 1719 797 1763 horrorem
813 1718 914 1763 talia
932 1718 1044 1762 mala
1056 1716 1276 1778 patiendi,
1298 1717 1483 1761 incutiat

91 1791 290 1835 timorem
311 1790 424 1834 male
445 1789 649 1835 faciendi.

150 1865 222 1906 LI.
242 1862 364 1907 Idem
378 1877 567 1922 namque
583 1862 765 1922 Spiritus
777 1862 906 1905 etiam
920 1876 998 1921 per
1009 1860 1266 1920 Apostolum
1277 1860 1480 1920 loquens:

90 1949 238 1978 sensus
260 1933 414 1993 impios
441 1948 531 1978 non
559 1943 622 1977 est
643 1932 961 1977 verecundatus
984 1931 1230 1986 offendere,
1262 1930 1369 1974 dum
1390 1932 1481 1990 pios

91 2004 221 2050 vellet
249 2005 463 2048 instruere
490 2023 499 2048 :
533 2004 612 2048 ubi
641 2013 980 2049 commemorata
1013 2004 1234 2063 impietate
1268 2017 1484 2062 quorum-

90 2076 208 2130 dam,
234 2092 320 2137 qua
346 2076 577 2121 coluerunt
597 2085 641 2121 et
662 2076 903 2120 servierunt
933 2085 1143 2120 creaturae
1174 2075 1319 2133 potius
1350 2089 1483 2133 (luam

71 2147 310 2201 Creatori,
347 2146 572 2207 subjunxit
591 2181 601 2200 ,
643 2156 774 2207 atque
810 2147 868 2190 ait
894 2166 902 2190 ε
934 2164 951 2186 «
979 2149 1160 2205 Propter
1182 2145 1266 2189 hoe
1297 2144 1480 2189 tradidit

96 2238 114 2259 »
141 2215 238 2262 illos
252 2221 366 2262 Deus
380 2218 425 2262 in
447 2219 664 2277 passiones
686 2218 955 2278 ignominiae.
982 2220 1090 2262 Nam
1116 2215 1308 2260 foeminae
1331 2230 1482 2259 eorum

95 2307 115 2329 »
140 2289 482 2333 immutaverunt
505 2289 747 2333 naturalem
782 2304 908 2333 usum
946 2288 992 2331 in
1025 2303 1125 2330 eum
1160 2302 1287 2330 usum
1311 2286 1388 2345 qui
1420 2294 1484 2329 est

96 2378 115 2400 n
140 2369 290 2404 contra
304 2370 502 2404 naturam
522 2359 741 2404 :similiter
756 2369 901 2403 autem
918 2368 961 2402 et
979 2357 1172 2412 maseuli,
1189 2355 1483 2416 relinquentes

96 2450 114 2472 »
141 2431 383 2475 naturalem
425 2446 550 2475 usum
593 2430 789 2475 foeminae
809 2466 820 2486 ,
859 2439 1110 2474 exarserunt
1152 2429 1195 2472 in
1240 2428 1480 2486 appetitum

96 2521 116 2544 »ι
135 2518 263 2547 suum
290 2504 336 2547 in
361 2502 574 2558 invicem,
610 2502 793 2548 maseuli
826 2503 872 2547 in
909 2501 1122 2547 masculos
1155 2499 1481 2545 deformitatem

141 2594 148 2610 ¹
170 2590 264 2621 Deut.
284 2598 399 2629 xxvnr,
420 2587 477 2620 56.
