1803 3250
367 241 529 271 CONTRA
561 239 863 271 AnvnnsAan
896 241 1029 281 Lm1s,
1065 243 1145 269 Lis.
1183 245 1212 268 ι.
1397 233 1478 270 353

163 307 373 354 XXVIII.
394 309 523 363 Quod
547 318 692 354 autem
710 307 765 353 dc
786 307 861 352 illo
883 308 1242 362 commemoravi,
1266 322 1395 368 quem
1416 310 1486 369 pi-

105 394 231 438 grum
246 394 416 424 servum
430 380 546 425 misit
563 380 608 424 in
625 378 824 424 tenebras
845 379 1075 423 exteriores
1086 378 1285 424 severitas
1302 379 1394 434 Dei,
1409 380 1487 423 ubi

103 466 246 511 neque
268 451 519 496 futurorum
540 451 809 511 improvidus
839 450 999 494 dicitur
1029 452 1130 511 quia
1162 451 1235 494 tali
1258 452 1486 510 pecuniam

103 537 224 567 suam
246 522 446 578 credidit,
471 537 551 567 nec
575 524 790 582 impotens
812 521 914 582 quia
931 532 980 565 ut
995 522 1104 566 bene
1117 531 1263 581 ageret
1287 538 1377 567 non
1396 523 1486 581 ipse

104 595 226 650 rexit,
251 594 343 654 ipse
363 595 563 649 correxit,
588 609 669 639 nec
686 593 872 639 aemulus
889 609 938 638 ac
955 594 1192 639 malitiosus
1209 596 1330 655 quod
1351 610 1374 639 a
1390 594 1487 640 lucc

103 674 347 725 separatum
370 666 415 709 in
440 665 639 710 tenebras
661 665 777 710 misit
802 684 811 710 ε
837 666 922 710 hoc
944 664 999 709 de
1021 665 1226 709 omnibus
1244 667 1386 724 poenis
1405 668 1487 711 hou

101 736 287 793 minum,
313 753 412 798 quae
435 737 643 796 leguntur
662 738 708 781 in
727 737 993 797 Propheticis
1014 735 1135 780 libris
1157 736 1335 781 inflictae
1359 737 1490 782 fuisse

102 809 399 867 peccantibus,
424 808 557 853 debet
578 807 715 852 fidelis
737 808 874 853 lector
885 807 1122 853 advertere.
1143 810 1236 852 Hoc
1248 823 1350 867 ergo
1362 810 1491 852 etiam

104 879 159 923 de
180 878 361 924 diluvio.
388 881 540 940 Neque
567 880 683 924 enim
710 879 922 924 Dominus
947 881 1072 923 Jesus
1094 894 1184 923 non
1210 879 1297 924 tale
1328 878 1494 940 aliquid

105 949 301 994 futurum
316 950 362 994 in
380 965 459 994 suo
476 951 787 1009 praenuntiavit
805 950 1012 1006 adventu,
1030 949 1207 1010 quando
1223 951 1281 994 ait
1304 971 1313 996 ι
1339 952 1493 997 «Sicut

112 1039 130 1062 »
154 1021 201 1065 in
222 1021 374 1065 diebus
400 1023 493 1067 Noe'
521 1020 846 1066 manducabant
863 1057 874 1078 ,
912 1021 1145 1077 bibebant,
1178 1021 1491 1079 novellabant,

106 1110 126 1134 »
152 1090 456 1148 aedificabant,
491 1093 746 1149 nubebant,
782 1108 935 1138 uxores
958 1092 1201 1149 ducebant,
1235 1094 1355 1138 venit
1376 1093 1493 1138 dilu-

106 1181 127 1204 »
150 1165 272 1208 vium
302 1173 345 1208 et
376 1164 568 1223 perdidit
589 1179 768 1222 omnes3
795 1165 854 1209 sic
877 1166 956 1208 erit
980 1175 1023 1209 et
1053 1164 1264 1210 adventus
1290 1164 1387 1209 Filii
1411 1166 1494 1211 ho·

107 1254 126 1277 »
151 1235 278 1280 minis
289 1237 319 1280 ¹.
339 1253 359 1277 »
382 1237 477 1280 Hoc
489 1245 532 1280 et
546 1236 601 1279 de
615 1235 906 1281 obduratione
918 1236 1060 1281 cordis
1076 1237 1325 1281 Pharaonis.
1343 1239 1495 1298 Neque

104 1307 219 1352 enim
241 1307 352 1354 Novi
375 1307 639 1352 Testamenti
660 1307 818 1352 litterae
840 1324 930 1353 non
952 1308 1104 1353 dicunt
1123 1308 1177 1353 de
1200 1309 1463 1369 quibusdam
1483 1329 1493 1355 :

107 1398 126 1421 »
155 1378 458 1425 Tradiditillos
472 1383 587 1424 Deus
601 1380 648 1423 in
669 1380 899 1439 reprobam
920 1389 1111 1423 mentem
1124 1415 1134 1434 ,
1156 1389 1206 1424 ut
1224 1379 1385 1425 saciant
1396 1396 1497 1441 quae

105 1468 125 1492 »
147 1466 236 1496 non
258 1451 567 1496 conveniunt2.
589 1469 609 1493 η
631 1454 725 1497 Hoc
742 1451 797 1495 de
814 1451 966 1511 spiritu
982 1450 1199 1507 mendaci,
1216 1467 1348 1512 quem
1361 1455 1492 1508 Deus,

103 1522 181 1582 qui
201 1522 313 1566 bene
332 1522 471 1567 utitur
493 1522 622 1566 etiam
646 1521 786 1577 malis,
807 1523 1045 1581 justissimo
1057 1523 1225 1582 judicio
1240 1521 1295 1567 ad
1312 1523 1496 1583 impium

107 1607 251 1651 regem
273 1592 581 1653 decipiendum
605 1593 720 1637 misit
739 1628 749 1648 ,
775 1593 888 1637 sicut
905 1594 1109 1639 Michaeas
1123 1594 1337 1653 propheta
1355 1594 1436 1638 sibi
1453 1594 1498 1638 in

103 1664 267 1710 visione
298 1665 549 1724 prophetica
587 1662 1056 1709 demonstratumesse
1090 1665 1313 1709 testatur-⁹³.
1345 1666 1498 1725 Neque

104 1735 221 1779 enim
243 1734 463 1779 dubitavit
486 1734 570 1779 tale
594 1734 759 1794 aliquid
780 1734 928 1780 dicere
950 1735 1170 1795 apostolus
1192 1735 1370 1791 Paulus,
1395 1751 1496 1780 cum

103 1822 148 1852 se
168 1807 296 1851 sciret
310 1806 530 1852 verissime
551 1806 711 1861 dicere,
736 1806 812 1850 ubi
835 1806 895 1851 ait
916 1825 924 1851 ε
955 1825 975 1848 «
995 1807 1141 1852 Mittet
1161 1806 1245 1851 illis
1266 1811 1381 1852 Deus
1396 1822 1498 1867 ope-

108 1898 126 1920 »
152 1879 365 1923 rationem
394 1878 572 1933 erroris,
601 1888 649 1922 ut
681 1877 862 1923 credant
897 1877 1151 1933 mendacio,
1184 1888 1227 1922 et
1245 1879 1498 1939 judicentur

106 1968 127 1992 »
153 1964 302 1994 omnes
325 1949 402 2010 qui
424 1965 513 1994 non
543 1948 825 1994 crediderunt
852 1948 1047 2003 veritati,
1081 1948 1156 1993 sed
1186 1959 1500 1994 consenserunt

107 2038 128 2063 »
153 2020 415 2080 iniquitati4.
431 2039 452 2062 »
475 2023 568 2065 Hoc
590 2019 645 2064 de
666 2020 784 2065 facto
806 2035 884 2080 per
905 2022 1087 2077 Moysen
1103 2055 1114 2075 ,
1144 2020 1214 2064 cui
1236 2023 1350 2065 Deus
1368 2020 1496 2065 dixit:

109 2091 313 2150 «Accipe
340 2106 490 2136 omnes
527 2090 659 2136 duces
690 2089 868 2151 populi,
905 2101 948 2135 et
983 2091 1159 2136 victima
1182 2090 1278 2135 illos
1311 2092 1498 2136 Domino

108 2180 129 2203 »
154 2171 306 2207 contra
327 2162 492 2206 solem⁵
511 2181 521 2207 ε
543 2181 562 2203 »
592 2163 677 2207 hoc
701 2171 790 2217 est,
816 2162 862 2207 in
884 2161 1116 2206 manifesto
1149 2177 1227 2221 per
1253 2162 1384 2205 diem.
1420 2162 1500 2206 Vel

106 2232 227 2294 quod
241 2232 407 2278 factum
424 2232 592 2278 idolum
607 2236 781 2292 Moyses
795 2234 853 2278 ita
872 2233 1128 2289 vindicavit,
1145 2242 1195 2277 ut
1208 2248 1287 2277 nec
1302 2234 1499 2293 proximo

105 2320 185 2349 suo
201 2305 388 2366 quisque
405 2315 617 2365 parceret,
637 2304 752 2351 ferro
769 2307 986 2366 perimens
1002 2305 1197 2366 impioss'.
1220 2308 1371 2366 Neque
1383 2306 1499 2350 enim

105 2385 150 2420 et
172 2377 380 2421 Dominus
401 2378 525 2422 Jesus
546 2392 635 2422 non
658 2377 766 2422 dixit
786 2396 794 2422 z
835 2397 855 2419 «
877 2380 961 2421 Eos
986 2385 1131 2421 autem
1156 2377 1231 2437 qui
1260 2377 1499 2422 noluerunt

110 2467 130 2489 »
156 2463 225 2493 me
247 2463 427 2508 regnare
449 2448 558 2504 sibi,
584 2448 811 2505 adducite,
838 2459 881 2493 et
913 2450 1142 2494 interficite
1169 2463 1316 2494 coram
1346 2451 1454 2492 me7.
1478 2468 1497 2490 »

156 2559 162 2573 ¹
186 2554 261 2584 Luc.
286 2562 372 2593 xvn,
398 2552 459 2593 26,
496 2561 549 2592 27.
569 2569 609 2574 ——
625 2559 637 2574 ²
658 2554 747 2585 Rom.
779 2565 812 2592 ι,
839 2555 893 2584 28.
915 2569 955 2575 ——
980 2550 992 2574 3
1013 2553 1030 2583 3
1055 2554 1129 2591 fleg.
1159 2562 1220 2583 xxii
1239 2578 1246 2589 ‚
1287 2564 1336 2593 ις),
1368 2557 1433 2584 etc.
1457 2569 1497 2573 -ν

108 2606 124 2638 4
143 2617 161 2640 2
180 2609 286 2641 Thess.
307 2620 343 2646 11,
368 2606 491 2640 10.—5
508 2611 601 2641 Num.
620 2620 696 2650 xxv,
721 2608 751 2651 4.
767 2607 832 2632 -6
850 2609 949 2641 Exod.
970 2618 1070 2649 xxxii,
1089 2618 1142 2647 27.
1161 2623 1200 2630 -—
1220 2616 1231 2640 7
1253 2609 1328 2641 Luc.
1351 2619 1418 2644 xix,
1443 2618 1497 2649 ἐγ.

296 2673 481 2703 cxxxvi.
1232 2663 1281 2699 23
