1803 3250
335 187 417 226 186
758 193 792 223 s.
828 194 1058 224 Aucusnm
1091 196 1273 224 zmscom

332 261 473 305 radiso
510 260 644 304 Patris
678 259 743 303 sui
758 261 789 315 ¹,
830 260 1060 321 quisquam
1084 260 1288 304 inviderit
1306 295 1317 315 ,
1350 270 1425 306 aut
1447 261 1711 307 inhumanus

329 334 438 376 adeo
459 346 547 375 esse
578 339 734 390 potest,
760 340 809 375 ut
830 332 912 377 hoc
935 332 973 376 ei
1005 331 1229 392 displiceat
1262 340 1393 376 tantae
1431 333 1711 391 benignitatis

328 401 537 447 officium.
565 400 649 446 Sed
674 410 817 446 tamen
840 417 928 447 non
947 402 1107 446 idcirco
1129 401 1323 446 dicemus
1341 411 1384 446 et
1401 401 1619 447 latronum
1643 405 1709 448 vi-

329 482 389 516 tas
412 487 460 516 ac
483 487 622 516 mores
648 473 772 517 nobis
795 472 1042 532 probabiles
1070 488 1158 517 csse
1179 472 1354 528 debere,
1379 474 1483 533 quia
1505 476 1628 518 Jesus
1645 474 1711 519 la-

329 543 439 587 troni
458 541 773 601 indulgentiam
789 543 981 602 dederit,
1005 554 1080 589 aut
1095 545 1196 605 quia
1210 544 1453 604 publicanis
1465 553 1508 589 et
1522 547 1713 590 meretri-

324 614 445 658 cibus
460 613 673 673 ignoverit
687 624 824 658 errata
834 617 867 669 Ἰ,
879 614 1122 675 dixeritque
1136 614 1253 675 quod
1272 616 1400 659 etiam
1415 617 1711 674 praecederent

325 686 402 745 ipsi
434 685 488 729 ad
516 701 699 744 regnum
728 685 942 731 coelorum
970 701 1042 731 eos
1069 687 1145 746 qui
1175 702 1219 730 sc
1239 686 1428 745 superbe
1468 696 1707 745 gesserunt.

323 760 373 802 In
396 756 604 816 injustitia
631 772 820 816 namque
842 766 885 801 et
912 757 958 800 in
979 756 1194 801 adulterio
1216 756 1529 816 deprehensam
1551 758 1712 802 mulie-

323 843 413 872 rem
436 828 672 887 quamdam
689 829 713 870 J
719 826 851 871 udaeis
877 826 1182 871 accusantibus
1204 827 1391 872 absolvit
1411 828 1526 887 ipse,
1555 830 1712 888 praeci-

321 899 443 957 piens
465 899 503 942 ei
526 907 575 942 ut
594 898 686 957 jam
710 911 889 955 peccare
911 896 1171 942 desineret³.
1198 902 1471 958 Quapropter
1495 899 1530 943 si
1552 899 1711 944 horum

323 968 407 1012 tale
434 967 541 1027 quid
572 976 615 1012 et
643 967 755 1012 circa
776 967 997 1011 Abraham
1026 969 1112 1026 egit
1139 977 1183 1013 et
1215 971 1334 1013 Isaac
1361 977 1406 1013 et
1435 969 1600 1025 Jacob,
1632 970 1713 1029 ipsi

319 1039 475 1098 gratias
500 1059 508 1084 :
534 1037 661 1084 decet
680 1054 781 1083 eum
803 1038 903 1084 talia
925 1040 1093 1099 operari
1111 1040 1223 1085 circa
1245 1041 1411 1085 animas
1427 1075 1438 1097 ,
1474 1041 1551 1101 qui
1577 1041 1710 1086 solem

320 1127 449 1156 suum
472 1111 575 1156 oriri
597 1109 699 1156 facit
721 1126 851 1170 super
871 1112 1010 1157 bonos
1028 1122 1070 1157 et
1093 1111 1245 1169 malos,
1270 1121 1313 1157 et
1335 1113 1447 1172 pluit
1469 1129 1599 1174 super
1616 1115 1711 1174 jus—

320 1192 385 1228 tos
408 1192 452 1226 et
468 1183 688 1243 injustos⁴.
711 1181 795 1227 Sed
811 1182 895 1227 hoc
912 1191 1060 1226 tamen
1074 1183 1181 1227 mihi
1194 1199 1333 1228 unum
1351 1184 1396 1228 in
1414 1185 1620 1244 opinione
1632 1186 1712 1230 hac

322 1263 463 1299 vestra
486 1253 721 1299 molestum
743 1262 832 1310 est,
857 1269 935 1298 cur
956 1254 1002 1298 id
1025 1253 1080 1298 de
1099 1254 1355 1300 Judaeorum
1382 1264 1551 1300 vtantum
1576 1257 1713 1316 patri-

323 1327 401 1370 bus
423 1325 639 1380 sentiatis,
664 1340 713 1369 ac
728 1339 818 1369 non
837 1323 892 1368 de
913 1325 1080 1369 caeteris
1101 1341 1279 1386 quoque
1302 1325 1565 1370 Patriarchis
1594 1327 1710 1371 Gen-

319 1399 429 1442 tium
445 1432 456 1454 ,
480 1395 601 1456 quod
627 1406 669 1440 et
690 1396 770 1456 ipsi
791 1397 1004 1440 senserint
1024 1395 1262 1456 aliquando
1291 1397 1427 1441 nostri
1446 1397 1710 1442 Liberatoris

319 1469 432 1513 hanc
468 1470 649 1527 gratiam
678 1487 687 1513 :
718 1468 956 1526 praesertim
989 1482 1090 1511 cum
1125 1467 1180 1511 de
1207 1467 1399 1526 ipsorum
1435 1466 1534 1513 filiis
1574 1470 1710 1528 magis

317 1539 548 1583 christiana
579 1546 749 1583 constet
783 1538 999 1594 Ecclesia,
1036 1553 1170 1598 quam
1205 1538 1261 1583 de
1295 1538 1459 1582 semine
1490 1538 1679 1584 Abrahae
1695 1576 1706 1595 ,

321 1614 437 1655 Isaac
459 1618 503 1654 et
522 1610 673 1654 Jacob.
699 1607 784 1654 Sed
800 1610 859 1653 ais
876 1610 1046 1668 utique,
1066 1608 1164 1653 illos
1180 1606 1359 1669 quidem
1376 1607 1494 1654 idola
1506 1608 1706 1665 coluisse,

319 1682 396 1726 hos
413 1696 517 1726 vero
539 1680 885 1741 omnipotentem
908 1682 1064 1735 Deum,
1087 1678 1337 1739 idcircoque
1360 1679 1495 1724 solam
1514 1680 1708 1740 ipsorum

317 1768 467 1798 curam
495 1752 697 1797 habuisse
726 1754 890 1797 Jesum.
932 1753 999 1797 Ita
1030 1752 1108 1796 Dei
1137 1752 1449 1812 omnipotentis
1471 1751 1643 1797 cultura
1667 1753 1708 1797 in

319 1833 478 1869 tartara
499 1824 722 1878 detrudit,
747 1832 791 1868 et
814 1823 912 1867 Filii
935 1832 1034 1882 eget
1055 1822 1216 1868 auxilio
1236 1823 1313 1883 qui
1334 1822 1472 1868 coluit
1502 1826 1673 1868 Patrem
1691 1826 1710 1868 P

316 1894 405 1954 ‘Sed
426 1895 582 1940 videris
609 1914 617 1940 :
645 1895 989 1951 consentiamus,
1009 1894 1205 1956 inquam,
1230 1895 1442 1939 hactenus
1471 1894 1516 1938 in
1544 1894 1705 1939 coelum

318 1967 521 2012 reductos
541 1982 631 2023 eos,
652 1982 742 2012 non
763 1967 866 2028 quia
878 1975 1165 2023 mererentur,
1186 1966 1261 2012 sed
1276 1967 1378 2027 quia
1399 1966 1544 2012 vincat
1560 1967 1707 2013 divina

316 2039 547 2085 clementia
569 2040 658 2085 vim
679 2048 977 2100 peccatorum.
996 2058 1017 2081 »

376 2113 435 2156 ΙΙ.
473 2130 494 2153 «
515 2113 827 2155 Verumtamen
849 2119 997 2155 utrum
1015 2119 1059 2154 et
1085 2111 1168 2155 hoc
1190 2125 1213 2155 a
1236 2110 1411 2156 Christo
1431 2108 1600 2155 dictum
1622 2109 1678 2154 sit
1692 2144 1704 2166 ,

315 2183 473 2228 dubios
495 2183 625 2228 etiam
643 2198 722 2228 nos
744 2193 787 2228 et
809 2184 994 2228 incertos
1022 2183 1306 2228 scribentium
1325 2183 1416 2243 ipsa
1433 2183 1618 2228 varietas
1641 2181 1707 2228 fa-

316 2254 389 2299 cit.
415 2256 614 2314 Namque
636 2269 738 2299 cum
760 2253 850 2299 duo
871 2252 1154 2312 Evangelistae
1175 2253 1409 2299 Matthaeus
1430 2263 1474 2299 et
1490 2257 1630 2299 Lucas
1652 2252 1707 2298 de

316 2327 585 2372 Centurione
606 2324 798 2387 quodam
826 2327 986 2386 pariter
1008 2334 1185 2370 narrent
1199 2328 1231 2381 ⁵,
1250 2327 1374 2386 cujus
1390 2341 1498 2385 puer
1515 2335 1621 2370 tunc
1639 2326 1707 2368 in-

317 2397 578 2453 firmaretur,
603 2407 646 2442 et
663 2407 841 2458 propter
857 2412 988 2457 quem
1005 2397 1121 2442 visus
1138 2396 1271 2440 fuerit
1284 2397 1368 2441 hoc
1388 2397 1530 2456 ipsum
1547 2395 1704 2440 dixisse

363 2507 373 2521 ¹
403 2501 480 2532 Luc.
500 2510 589 2540 xxiii,
615 2498 670 2541 43.
686 2504 755 2523 ——2
775 2498 894 2531 Matth.
913 2509 982 2541 xxi,
1011 2499 1064 2531 31.
1084 2516 1126 2523 —-
1141 2497 1153 2523 3
1170 2500 1260 2532 Joan.
1283 2509 1354 2540 vin,
1386 2497 1417 2532 3.
1437 2516 1478 2523 ο-
1493 2497 1509 2528 4
1527 2498 1641 2531 Matth.
1668 2510 1703 2540 v,

315 2554 372 2597 45.
392 2552 514 2591 —51d.
534 2565 603 2597 vin,
622 2554 657 2597 5,
675 2559 710 2588 et
727 2557 806 2590 Luc.
826 2566 886 2597 vu,
911 2562 946 2587 2.
