1803 3250
340 158 423 197 240
779 166 811 193 s.
849 167 1077 195 Aucus-nm
1114 168 1293 197 EPISCOPI

396 236 491 279 XV.
519 238 631 277 Aue.
655 232 759 276 dixit
781 251 789 277 :
816 236 916 278 Pars
939 234 1011 279 illa
1031 250 1130 295 quae
1153 236 1432 280 tenebrarum
1457 239 1573 296 genti
1594 240 1725 283 mixta

335 314 398 349 est
415 340 425 357 ,
451 303 506 347 de
530 304 604 347 Dei
628 313 781 347 natura
805 313 888 359 est,
914 320 969 349 an
989 305 1044 350 de
1065 305 1209 366 aliqua
1235 305 1315 352 alia
1335 309 1520 351 natura?

397 378 498 418 FEL.
525 373 661 418 dixit:
692 393 707 413 «
729 376 789 418 De
810 375 940 418 Dei.»

394 448 504 490 Aua.
532 444 639 490 dixit
661 465 669 490 ε
692 447 820 499 Quod
839 446 893 490 de
911 448 987 491 Dei
1003 456 1155 492 natura
1171 458 1250 504 est,
1274 449 1355 494 hoc
1371 457 1432 493 est
1454 450 1575 510 quod
1593 453 1720 506 Deus,

333 532 387 560 an
410 515 530 561 aliud
553 516 659 576 quid
682 516 801 577 quod
820 533 908 562 non
927 527 991 562 est
1015 521 1151 563 Deus?

391 590 495 632 Fu.
522 588 636 632 Dixit
662 607 670 634 :
706 591 809 633 «lta
828 598 892 633 est
918 608 925 633 :
953 588 1073 649 quod
1103 589 1157 634 de
1192 593 1279 634 Deo
1299 599 1387 646 est,
1415 594 1528 635 Deus
1551 600 1636 647 est,
1657 609 1724 636 se-

329 659 527 704 cundum
549 657 671 720 quod
689 660 895 720 scriptum
915 670 978 704 est
994 679 1013 702 α
1035 664 1151 705 :Lux
1172 660 1291 705 lucet
1306 663 1350 705 in
1372 662 1577 717 tenebris,
1599 672 1641 707 et
1658 672 1724 706 te-

331 749 351 772 »
379 730 525 776 nebrae
549 746 643 775 eam
669 747 758 775 non
779 730 1225 789 comprehenderunt.
1250 750 1270 773 »
1298 735 1410 776 Deus
1435 733 1551 777 enim
1574 733 1725 778 lumen

327 811 406 856 est,
442 811 483 846 et
502 801 691 846 tenebrae
713 801 756 844 in
781 815 831 844 eo
849 815 937 845 non
960 803 1103 845 sunt¹.
1130 819 1150 842 »

387 876 500 917 Auo.
528 871 636 916 dixit
659 891 668 916 ε
694 875 810 916 Bene
831 871 1116 931 respondisti,
1138 874 1239 933 quia
1262 883 1305 918 et
1327 874 1547 934 quidquid
1569 874 1624 918 de
1646 876 1723 918 Dei

327 952 482 987 natura
505 951 597 998 est,
624 945 737 986 Deus
760 950 850 998 est,
875 951 918 986 et
941 945 1054 987 Deus
1077 942 1151 987 lux
1185 953 1274 999 cst,
1311 953 1354 988 et
1380 945 1574 989 tenebrae
1600 945 1645 988 in
1672 961 1723 989 eo

324 1030 416 1059 non
444 1023 567 1069 sunt,
593 1023 636 1058 et
661 1012 757 1058 talis
789 1013 864 1058 lux
892 1013 1003 1059 luxit
1022 1015 1067 1058 in
1096 1016 1288 1060 tenebris
1306 1051 1317 1071 ,
1343 1025 1386 1060 et
1410 1016 1600 1060 tenebrae
1629 1033 1723 1061 eam

320 1102 409 1131 non
432 1085 874 1146 comprehenderunt.
902 1085 1139 1132 Videamus
1158 1103 1261 1147 ergo
1286 1097 1434 1132 utrum
1453 1088 1721 1133 Manichaeus

323 1166 492 1216 partem
517 1157 595 1203 Dei
613 1173 703 1202 non
725 1157 843 1202 dicat
857 1172 947 1202 esse
965 1158 1323 1218 comprehensam
1341 1175 1363 1202 a
1387 1159 1578 1204 tenebris
1594 1194 1604 1214 ‚
1631 1175 1721 1203 non

322 1228 454 1274 etiam
476 1228 613 1274 teneri
633 1228 829 1288 ligatam,
855 1244 946 1273 nou
970 1229 1100 1274 etiam
1128 1229 1390 1274 maculatam
1413 1239 1456 1274 et
1473 1229 1688 1290 pollutam
1705 1266 1715 1286 ,

319 1300 380 1345 sic
404 1310 454 1345 ut
485 1300 677 1361 indigeat
712 1300 1003 1346 misericordia
1038 1300 1283 1346 liberatoris
1316 1310 1359 1345 ct
1384 1302 1643 1361 purgatoris.
1675 1302 1718 1347 Si

321 1381 468 1416 autem
490 1373 586 1418 haec
608 1373 735 1428 dicit,
761 1372 1002 1417 secundum
1028 1380 1071 1416 te
1094 1373 1241 1427 etiam,
1269 1381 1312 1416 et
1330 1371 1572 1416 secundum
1594 1388 1716 1417 veras

318 1442 609 1488 confessiones
632 1452 727 1487 tuas
743 1478 753 1497 ,
779 1442 1126 1486 anathemandus
1146 1451 1209 1486 est
1227 1463 1238 1500 3
1263 1442 1366 1502 quia
1386 1452 1557 1503 partem
1578 1443 1656 1487 Dei
1673 1452 1716 1487 et

319 1522 520 1558 naturam
543 1515 645 1567 Dei,
671 1513 790 1574 quod
814 1523 877 1557 est
895 1513 985 1573 ipse
1015 1516 1153 1569 Deus,
1181 1512 1287 1558 dicit
1309 1515 1667 1574 comprehensam
1692 1530 1714 1558 a

319 1585 508 1629 tenebris
531 1594 574 1629 et
594 1584 771 1644 ligatam
796 1594 839 1628 et
856 1583 1070 1645 pollutam
1094 1603 1102 1629 :
1135 1585 1256 1645 quod
1278 1594 1328 1630 tu
1356 1586 1447 1645 ipse
1472 1584 1713 1629 secundum

317 1655 605 1714 Evangelium
619 1655 803 1716 loquens
822 1671 910 1700 non
925 1656 1101 1714 potuisti
1121 1656 1281 1714 dicere,
1295 1657 1371 1700 sed
1385 1672 1535 1701 verum
1552 1655 1710 1710 dixisti,

316 1727 417 1786 quia
450 1726 526 1771 lux
552 1726 672 1772 lucet
694 1727 737 1770 in
770 1727 976 1782 tenebris,
1009 1736 1052 1771 et
1069 1727 1262 1771 tenebrae
1288 1743 1381 1772 eam
1406 1743 1494 1772 non
1513 1743 1712 1787 compre-

316 1798 581 1843 henderunt.
619 1798 887 1844 Manichaeus
921 1813 1022 1856 ergo
1059 1800 1433 1853 anathemandus,
1475 1800 1550 1860 qui
1584 1798 1706 1854 dixit,

315 1869 417 1930 quia
438 1869 514 1914 lux
538 1870 759 1914 tenebrata
784 1879 847 1914 est
867 1871 911 1913 in
931 1869 1144 1925 tenebris,
1172 1881 1214 1914 et
1240 1870 1433 1914 tenebrae
1463 1886 1558 1913 eam
1591 1886 1709 1915 com-

317 1941 659 2002 prehenderunt.

374 2018 480 2059 Fu.
507 2014 616 2059 dixit
643 2034 651 2059 :
682 2034 700 2057 «
725 2013 808 2060 Sed
830 2023 873 2058 et
898 2014 974 2074 qui
998 2013 1234 2074 polluitur,
1264 2014 1399 2073 etqui
1426 2023 1621 2068 tenetur,
1654 2013 1707 2057 li-

315 2086 514 2143 beratur,
539 2095 582 2130 et
598 2101 676 2130 nos
696 2086 729 2130 si
746 2084 906 2145 polluti
923 2101 1093 2140 sumus,
1116 2084 1394 2128 mundamur.
1416 2103 1435 2125 υ

374 2160 486 2202 Aue.
514 2157 654 2201 Dixit:
680 2155 755 2201 sed
785 2156 869 2200 hoc
896 2154 950 2200 de
975 2155 1051 2199 Dei
1085 2164 1240 2199 natura
1262 2171 1352 2200 non
1374 2164 1490 2200 recte
1516 2154 1702 2200 dicitur:

314 2228 390 2272 sed
411 2228 465 2272 de
486 2227 558 2272 illa
581 2244 681 2289 quae
700 2226 840 2288 pollui
865 2235 1034 2286 potest,
1060 2236 1175 2270 recte
1198 2225 1359 2270 dicitur
1376 2262 1385 2280 ‚
1419 2226 1520 2286 quia
1542 2225 1705 2286 pollui-

313 2308 385 2343 tur
411 2309 454 2344 et
475 2298 715 2344 mundatur
734 2318 742 2343 :
767 2297 822 2342 de
844 2297 916 2342 illa
941 2314 1043 2342 vero
1062 2314 1161 2358 quae
1184 2297 1322 2357 pollui
1350 2314 1439 2343 non
1469 2307 1625 2358 potest,
1646 2299 1707 2343 vi-

311 2370 387 2415 des
403 2387 505 2415 cum
522 2380 689 2432 quanto
707 2369 932 2429 sacrilegio
949 2368 1134 2423 dicatur,
1161 2368 1376 2429 polluitur
1392 2379 1434 2414 et
1447 2369 1703 2428 mundatur,

312 2442 496 2486 maxime
520 2443 624 2503 quia
648 2442 709 2487 sic
738 2440 879 2486 dicitis
902 2439 1138 2501 quamdam
1162 2439 1239 2485 Dei
1260 2449 1427 2501 partem
1444 2455 1535 2485 esse
1556 2439 1704 2501 pollu—

361 2534 370 2552 ¹
394 2530 488 2562 Joan.
505 2539 529 2572 1,
549 2528 583 2570 5,
605 2532 638 2562 et
658 2539 673 2561 ι
692 2529 786 2562 Joan.
804 2539 828 2569 ι,
848 2525 879 2560 5.
