1803 3250
362 222 444 257 372
793 231 827 255 s.
864 229 1093 256 aucusrim
1127 230 1304 256 izi-iscori

358 297 448 354 ejus
466 294 599 353 pollui
619 309 706 337 nou
727 303 881 352 potest,
899 295 1027 338 etiam
1046 295 1223 354 quando
1239 294 1450 354 polluitur
1466 316 1477 353 3
1495 296 1742 341 etoblivisci

356 382 443 410 non
467 373 626 423 potest,
646 364 773 408 ctiam
794 366 971 424 quando
994 366 1264 410 obliviscitur
1285 386 1293 411 :
1322 377 1365 411 et
1384 367 1595 422 meminit,
1611 368 1740 411 etiam

353 435 531 496 (piando
554 434 826 480 admonetur.
856 437 923 482 Sic
946 447 1009 481 est
1041 436 1292 482 ineffabilis.
1324 440 1427 482 Haec
1450 439 1565 482 enim
1589 437 1644 482 de
1667 437 1742 482 illo

353 506 576 561 dicuntur,
602 506 656 550 de
678 523 766 566 quo
791 507 898 551 nihil
927 508 980 551 ab
1012 509 1189 552 homine
1211 509 1281 552 vel
1304 509 1469 553 homini
1494 509 1593 553 satis
1612 507 1743 566 digne

352 588 394 623 et
418 579 517 623 satis
546 588 845 638 competenter
875 578 1048 624 dicitur.
1081 583 1190 633 Quae
1212 596 1311 624 cum
1336 581 1393 624 ita
1421 580 1530 635 sint,
1556 579 1652 640 quis
1674 595 1742 623 re·

348 650 525 709 ligiosus
548 666 636 695 non
659 650 790 694 istum
820 651 1019 695 exsufflet
1042 660 1090 695 ut
1113 650 1337 710 pulverem
1356 687 1366 706 ‚
1403 666 1534 711 quem
1568 650 1740 710 projicit

349 731 503 766 ventus
537 738 559 765 a
594 719 702 765 facie
734 724 914 778 terrae¹3
945 722 1021 781 qui
1061 730 1233 766 tumens
1266 731 1309 765 ct
1343 721 1481 766 elatus
1514 731 1647 781 atque
1679 722 1740 764 ir—

348 809 476 838 ruens
508 794 552 837 in
574 793 724 837 oculos
746 794 1037 846 infirmorum,
1067 808 1228 852 eosque
1255 794 1515 853 perturbans
1531 828 1542 847 ‚
1568 793 1741 837 videtur

345 866 429 910 sibi
464 864 629 924 aliquid
664 863 807 908 dicere
822 898 832 917 ‚
873 862 1097 922 arguendo
1135 863 1267 908 verba
1305 865 1349 908 in
1393 866 1548 908 Vetere
1591 867 1739 908 Testa-

345 946 493 981 mento
517 951 616 996 quae
637 950 726 979 non
748 933 968 993 intelligit,
994 949 1075 978 nec
1097 933 1312 980 intuendo
1335 951 1434 996 quae
1458 935 1501 979 in
1525 937 1647 981 Novo
1668 935 1740 979 in-

345 1008 517 1068 telligit.

401 1082 542 1125 XLII.
569 1080 660 1123 Hoc
682 1087 827 1122 autem
856 1077 912 1121 de
936 1077 1194 1136 poenitentia
1220 1078 1319 1133 Dei,
1345 1077 1463 1121 unde
1485 1077 1651 1122 factum
1673 1086 1738 1122 est

340 1161 388 1196 ut
423 1151 730 1211 loqueremur,
767 1164 865 1192 cum
902 1163 1341 1192 commemoraremus
1374 1148 1647 1208 prophetiam
1681 1147 1736 1192 de

340 1222 530 1275 Christo,
555 1221 632 1265 ubi
655 1220 820 1264 dictum
845 1230 909 1263 est
931 1239 939 1263 ι
969 1238 989 1261 «
1007 1221 1028 1263 J
1037 1219 1177 1263 uravit
1198 1220 1406 1263 Dominus
1424 1228 1467 1264 et
1485 1235 1575 1263 non
1593 1219 1736 1278 poeni-

343 1314 362 1336 »
389 1294 499 1339 tebit
521 1309 620 1337 eum
646 1312 655 1338 :
684 1294 750 1335 Tu
773 1307 815 1335 es
837 1292 1037 1335 sacerdos
1060 1291 1104 1334 in
1129 1301 1365 1344 aeternum,
1392 1290 1635 1335 secundum
1658 1306 1732 1335 or—

344 1385 363 1408 »
390 1366 537 1410 dinem
556 1363 875 1409 Melchisedech
885 1366 918 1416 ²,
941 1381 960 1402 »
987 1361 1042 1406 ad
1058 1361 1458 1406 commendandum
1473 1361 1731 1406 sacrificium

339 1437 542 1492 salutare,
567 1436 611 1479 in
634 1450 723 1495 quo
744 1450 822 1493 pro
845 1433 970 1477 nobis
989 1448 1107 1477 sacer
1123 1433 1297 1491 sanguis
1321 1432 1486 1476 effusus
1509 1443 1588 1488 est,
1608 1434 1732 1493 cujus

340 1510 508 1553 umbrae
529 1506 703 1551 fuerant
726 1504 954 1558 sacrificia,
981 1520 1081 1564 quae
1103 1502 1158 1547 de
1186 1503 1416 1562 pecoribus
1445 1503 1732 1549 immaculatis

333 1583 449 1641 jussa
471 1587 572 1623 sunt
594 1576 809 1621 immolari
832 1595 840 1620 :
866 1576 948 1618 hoc
975 1590 1079 1633 ergo
1103 1574 1158 1617 de
1182 1574 1444 1634 poenitentia
1472 1575 1569 1629 Dei,
1595 1590 1650 1618 ne
1672 1575 1732 1620 sic

338 1667 433 1697 eam
456 1658 629 1710 putaret
647 1645 960 1706 accipiendam,
987 1654 1035 1689 ut
1057 1660 1108 1689 ex
1130 1660 1181 1689 eo
1203 1645 1324 1705 quod
1344 1661 1434 1689 non
1448 1644 1666 1704 intelligit,
1686 1647 1731 1690 in

339 1722 709 1784 blasphemiarum
735 1719 915 1763 latratus
939 1717 1115 1761 rabidus
1136 1717 1367 1772 insaniret,
1395 1718 1586 1762 habebat
1614 1717 1732 1762 unde

338 1803 691 1841 commoneretur
723 1791 767 1834 in
806 1790 1016 1849 proximo.
1059 1792 1155 1849 Ipse
1183 1789 1347 1849 quippe
1376 1790 1733 1835 commemoravit

339 1872 479 1913 Deum
502 1865 654 1910 dixisse
677 1884 686 1908 ς
717 1882 736 1905 «
760 1863 949 1907 Poenitet
982 1876 1052 1905 me
1087 1862 1258 1905 unxisse
1289 1860 1390 1906 Saiil
1424 1862 1470 1905 in
1492 1863 1682 1921 regem3.
1709 1882 1728 1904 »

345 1943 435 1985 Hoc
453 1948 599 1983 autem
616 1937 825 1995 scriptum
844 1944 906 1977 est
922 1932 1111 1978 Samueli
1133 1943 1281 1977 sancto
1299 1933 1462 1977 dictum
1484 1933 1629 1989 fuisse,
1654 1950 1732 1994 per

340 2027 470 2071 quem
488 2014 601 2055 Deus
620 2008 762 2067 arguit
782 2005 973 2061 Saiilem,
993 2003 1115 2065 quod
1130 2005 1294 2048 homini
1316 2020 1447 2064 quem
1462 2007 1573 2049 Deus
1591 2005 1731 2049 occidi

335 2085 542 2143 jusserat,
564 2078 826 2139 pepercisset
844 2111 855 2131 ‚
880 2075 1087 2120 exhibens
1106 2074 1226 2119 velut
1248 2075 1587 2120 misericordiam
1606 2092 1729 2120 com-

342 2163 503 2214 tempta
527 2148 775 2196 obedientia
801 2164 810 2189 :
836 2147 1080 2207 quasivero
1101 2145 1252 2190 melius
1270 2156 1415 2191 nosset
1436 2145 1543 2206 quid
1569 2146 1624 2190 de
1647 2148 1729 2192 ho·-

341 2227 455 2271 mine
477 2225 570 2269 fieri
599 2221 823 2276 debuerit,
858 2234 990 2279 quam
1020 2217 1092 2262 ille
1129 2219 1203 2278 qui
1232 2218 1457 2262 hominem
1490 2217 1608 2263 fecit.
1646 2220 1730 2264 Ubi

338 2297 458 2359 quod
481 2294 813 2341 saluberrimum
835 2300 899 2336 est
915 2290 1134 2344 discimus,
1150 2300 1199 2333 ut
1213 2305 1381 2349 semper
1396 2289 1594 2333 divinum
1613 2306 1728 2350 prae-

338 2380 528 2429 (ez—ptum,
558 2370 794 2412 humanum
819 2365 863 2407 in
886 2362 1008 2406 nobis
1025 2362 1170 2406 vincat
1193 2362 1414 2405 affectum.
1440 2361 1560 2405 Idem
1582 2371 1726 2407 tamen

342 2440 513 2487 &lamuel
546 2440 615 2484 cui
648 2439 812 2481 dixerat
844 2439 984 2480 Deus:
1016 2453 1033 2474 «
1055 2435 1240 2477 Poenitct
1273 2449 1341 2476 me
1366 2433 1535 2476 unxisse
1561 2433 1663 2478 Saul
1683 2434 1729 2478 in

343 2535 359 2553 η
391 2528 527 2568 regem
550 2531 558 2555 :
579 2531 596 2552 »
623 2509 726 2554 dicit
749 2507 985 2559 evidenter,
1014 2508 1149 2548 Deum
1174 2520 1261 2548 uon
1284 2504 1511 2563 poenitere.
1535 2505 1644 2550 Nam
1667 2505 1727 2550 ita

388 2606 392 2619 ·
426 2598 492 2628 l’snl
530 2609 549 2637 vj,
576 2597 599 2634 Q.
628 2613 657 2617 u-
679 2603 687 2615 ²
712 2595 753 2625 ΜΔ
777 2604 840 2634 cix,
863 2592 947 2634 4.-
965 2590 977 2613 ³
1000 2602 1011 2622 1
1033 2593 1111 2632 Reg.
1134 2600 1186 2628 xv,
1210 2601 1260 2621 11.
