1803 3250
302 201 312 236 l
748 207 781 233 5.
819 208 1046 234 Ateusiim
1081 207 1256 233 misceri

301 276 477 319 sabbata
501 309 510 327 ,
557 291 599 317 et
637 273 841 317 sacrificia
862 307 872 323 ‚
918 282 1163 330 caeteraque
1217 268 1464 329 hujusmodi
1511 267 1694 312 Judaeo·

306 360 401 388 rum
422 366 432 402 3
453 346 527 388 sed
557 359 649 386 eam
683 359 782 402 quae
812 358 911 385 vere
943 343 997 385 sit
1035 345 1121 385 Lex
1141 376 1151 395 ‚
1180 339 1224 383 id
1267 348 1329 383 est
1359 357 1367 383 ε
1405 357 1424 380 «
1462 340 1559 383 Non
1582 338 1696 382 occi-

308 434 326 455 »
353 416 428 458 des
464 433 471 458 2
506 416 601 458 Non
631 413 946 457 moechaberis:
975 414 1069 456 Non
1106 410 1317 470 pejerabis
1337 412 1372 463 ¹,
1404 428 1422 449 »
1452 418 1495 452 et
1523 418 1694 452 caetera.

306 486 388 530 Cui
420 485 524 544 quia
559 485 662 529 olim
696 484 936 528 diss'amatae
968 483 1012 526 in
1047 483 1251 541 gentibus
1277 516 1288 536 ,
1322 481 1366 524 id
1400 490 1492 533 est,
1529 496 1578 523 ex
1611 495 1699 539 quo

306 556 461 600 mundi
482 557 609 616 liujus
631 565 829 600 creatura
852 555 1063 609 consistit,
1087 554 1370 597 Hebraeorum
1395 551 1625 611 scriptores
1642 552 1701 595 ir-

308 637 482 672 ruentes
499 663 510 681 ,
537 637 745 686 tanquam
769 627 933 686 lepram
954 641 1002 669 ac
1032 625 1217 669 scabiem
1236 659 1247 678 ‚
1283 622 1575 668 abominanda
1607 623 1702 667 haec

305 715 380 743 sua
403 709 446 743 et
468 698 716 758 turpissima
736 707 951 758 przecepta
975 697 1344 742 commiscuerunt
1361 730 1372 750 ,
1397 710 1497 754 quae
1520 693 1573 738 ad
1593 694 1704 754 peri-

306 779 454 814 tomen
473 778 698 830 spectant,
724 779 767 814 et
783 769 991 814 sacrificia
1006 803 1017 822 ,
1045 784 1124 827 age
1147 769 1181 812 si
1205 783 1249 812 es
1268 777 1387 812 certo
1410 776 1453 810 et
1472 776 1521 810 tu
1539 767 1703 811 amicus

307 842 431 900 Legis
448 876 459 896 ‚
483 841 642 885 damna
661 856 733 885 eos
758 856 929 885 mecum
946 875 957 896 ‚
983 840 1061 900 qui
1081 840 1193 884 hanc
1215 838 1378 883 violare
1399 839 1489 883 ausi
1507 847 1610 883 sunt
1624 839 1705 882 hac

305 913 614 957 commixtione
638 912 1043 956 inconvenientium
1068 910 1210 955 eidem
1233 919 1551 970 praeceptorum
1575 928 1583 955 :
1605 925 1705 970 quae

307 994 524 1044 praecepta
542 1020 553 1039 ‚
580 984 659 1027 nisi
686 993 729 1028 et
752 999 827 1028 vos
851 986 1009 1042 Legem
1032 998 1123 1027 non
1150 998 1240 1026 esse
1262 982 1427 1027 sciretis
1446 1017 1456 1037 ‚
1482 996 1562 1026 nec
1580 981 1706 1040 Legis

307 1063 475 1115 partem
494 1090 505 1111 ‚
531 1055 685 1114 utique
703 1065 779 1099 aut
797 1054 949 1098 eadem
969 1068 1142 1098 servare
1160 1053 1408 1097 niteremini
1426 1052 1605 1111 professi
1619 1053 1708 1113 jus·

308 1125 445 1169 titiam
464 1160 475 1181 ,
501 1135 577 1169 aut
608 1141 683 1170 vos
715 1140 864 1170 coram
893 1124 1141 1169 fateremini
1174 1138 1264 1169 esse
1291 1140 1381 1169 non
1399 1124 1554 1184 justos.
1579 1127 1706 1169 Nunc

306 1212 409 1242 vero
432 1206 474 1240 et
504 1197 558 1240 de
580 1195 662 1240 illis
686 1213 786 1256 quae
809 1195 966 1240 scelera
993 1195 1232 1255 prohibent
1256 1194 1470 1239 mandatis
1486 1230 1497 1250 ‚
1523 1195 1705 1240 sollicita

307 1267 430 1312 vobis
454 1276 517 1311 est
539 1283 642 1311 eura
667 1278 781 1311 recte
803 1266 1054 1311 volentibus
1074 1267 1219 1311 vivere
1241 1288 1251 1324 3
1275 1276 1318 1310 et
1342 1265 1396 1310 de
1414 1266 1464 1310 iis
1485 1282 1587 1327 quae
1607 1282 1707 1326 per-

307 1339 449 1383 tinent
467 1339 520 1382 ad
544 1338 720 1383 Judaeos
741 1373 751 1393 ‚
779 1337 897 1381 nulla
918 1339 966 1381 fit
985 1339 1149 1382 mentio
1169 1357 1177 1383 :
1199 1338 1320 1398 quod
1340 1347 1556 1398 quatenus
1572 1354 1707 1383 excu-

306 1419 447 1454 satum
461 1409 582 1453 vobis
599 1410 680 1453 erit
697 1445 707 1463 ‚
734 1409 816 1453 nisi
829 1409 1025 1452 eamdem
1051 1412 1206 1468 Legem
1226 1425 1315 1453 non
1331 1425 1420 1453 esse
1439 1409 1708 1454 constiterit?

309 1481 506 1541 Denique
523 1480 556 1524 si
575 1490 625 1524 ut
640 1480 883 1524 incenderis
898 1515 908 1534 ,
934 1479 1209 1524 intolerabile
1226 1481 1471 1525 convicium
1484 1480 1703 1541 judicans,

308 1553 343 1596 si
364 1552 461 1613 quis
490 1562 531 1596 te
556 1551 849 1611 negligentem
875 1553 1079 1611 praecepti
1102 1554 1230 1612 hujus
1251 1551 1442 1612 appellet
1460 1589 1470 1609 ‚
1497 1569 1586 1613 quo
1613 1551 1707 1597 dic-

309 1633 405 1668 tum
427 1634 492 1668 est
517 1642 526 1668 z
552 1626 648 1669 Non
671 1624 841 1668 occides
861 1658 872 1675 ‚
909 1624 977 1666 vel
1007 1639 1094 1666 non
1129 1624 1417 1667 moechaberis
1434 1658 1445 1678 ‚
1484 1624 1543 1668 ita
1575 1624 1707 1668 etiam

311 1695 606 1738 exardesceres
628 1729 639 1749 ‚
664 1695 698 1738 si
721 1696 817 1754 quis
834 1703 877 1738 te
896 1703 939 1737 et
960 1694 1311 1739 incircumcisum
1332 1705 1507 1739 vocaret
1527 1730 1538 1749 ,
1564 1704 1607 1739 et
1626 1709 1706 1739 ne-

310 1764 545 1825 gligentem
567 1765 763 1823 sabbati3
788 1774 880 1809 erat
908 1764 1096 1824 intelligi
1121 1765 1272 1824 procul
1295 1765 1432 1810 dubio
1455 1765 1576 1826 quod
1598 1775 1707 1811 esset

308 1846 548 1896 utrumque
570 1836 638 1880 lex
657 1846 700 1880 et
723 1837 796 1880 Dei
818 1836 1089 1881 mandatum.
1117 1839 1243 1881 Nunc
1267 1853 1369 1881 vero
1388 1847 1431 1882 et
1454 1837 1508 1882 de
1530 1837 1611 1882 illis
1629 1853 1705 1881 su-

309 1908 554 1968 perioribus
575 1906 750 1951 laudem
773 1908 931 1967 quaeris
954 1917 996 1951 et
1019 1907 1200 1966 gloriam
1223 1944 1231 1962 ,
1257 1909 1291 1952 si
1311 1924 1360 1952 ea
1379 1923 1605 1953 conserves
1627 1928 1635 1953 :
1663 1917 1706 1952 et

310 1979 365 2024 de
388 1979 453 2023 his
481 1978 649 2023 nullam
678 1978 871 2038 ejusdem
895 1979 999 2023 boni
1015 1980 1230 2038 jacturam
1254 1980 1436 2034 metuis,
1463 1981 1563 2040 quia
1596 1995 1706 2025 con-

311 2060 493 2096 temnas.
516 2054 659 2104 Quare
677 2060 845 2095 constat
865 2051 958 2096 haec
973 2086 983 2105 ‚
1008 2059 1057 2094 ut
1072 2050 1159 2095 dixi
1174 2087 1184 2106 ,
1207 2067 1295 2096 non
1309 2067 1399 2096 esse
1411 2055 1573 2111 Legem
1593 2087 1604 2108 ‚
1629 2050 1706 2097 sed

314 2122 438 2181 Legis
457 2122 598 2181 potius
618 2121 809 2166 maculas
827 2131 870 2166 et
886 2122 1073 2166 scabiem
1098 2141 1105 2165 z
1132 2138 1232 2182 quae
1250 2123 1281 2166 si
1302 2122 1567 2167 damnantur
1584 2138 1607 2167 a
1625 2139 1708 2168 no-

313 2192 379 2236 bis
393 2227 404 2247 ‚
425 2190 691 2236 damnantur
707 2202 754 2236 ut
774 2191 901 2246 falsa,
928 2208 1017 2236 non
1039 2201 1089 2236 ut
1110 2191 1316 2250 legitima.
1336 2196 1424 2238 Nec
1442 2194 1580 2253 tangit
1599 2209 1707 2238 con-

313 2264 474 2307 vicium
504 2264 588 2307 hoc
625 2266 782 2320 Legem
799 2298 809 2317 ,
842 2279 922 2307 nec
946 2264 1068 2321 Legis
1096 2273 1316 2308 auctorem
1347 2267 1509 2314 Deum.
1535 2265 1610 2309 sed
1633 2281 1705 2310 eos

312 2337 388 2394 qui
422 2343 537 2378 nunc
562 2344 604 2377 et
627 2333 669 2376 ill
705 2351 740 2375 m
769 2333 938 2377 nefariis
963 2334 1047 2378 suis
1074 2334 1351 2393 religionibus
1377 2337 1462 2380 {me
1482 2338 1700 2396 ipserum.

315 2409 370 2450 L't
399 2416 545 2450 autem
568 2405 788 2449 interdum
811 2407 934 2464 Legis
965 2422 1041 2450 nos
1073 2408 1358 2451 reverendum
1384 2424 1544 2453 nomen
1561 2444 1571 2464 ‚
1603 2425 1705 2454 curn

312 2480 333 2521 J
342 2477 495 2521 uda‘i'ea
520 2487 734 2536 praecepta
755 2478 1083 2537 persequimur,
1106 2478 1362 2524 lacessamus
1380 2515 1390 2535 ,
1418 2490 1559 2525 vestro
1578 2481 1627 2524 fit
1644 2480 1704 2524 vi·
1742 2484 1748 2488 ’

359 2565 366 2581 ¹
387 2563 486 2595 Exod.
506 2573 560 2601 xx,
581 2562 636 2600 23,
657 2566 685 2591 et
711 2565 802 2594 nent.
824 2574 853 2602 v,
881 2571 929 2603 ¹7-
