1803 3250
287 244 340 272 m:
374 241 489 273 Aca-rs
521 243 612 271 CUM
645 239 792 270 rumen
826 236 1075 279 Mnucnaeo,
1110 239 1193 268 Lm.
1229 241 1260 268 1.
1383 230 1465 269 217

139 313 250 356 Aue.
276 311 382 356 dixit
409 331 418 357 ε
447 311 489 357 Si
511 324 612 369 ergo
634 308 746 354 nosti
768 320 858 351 esse
885 306 955 351 hic
977 306 1167 368 aliquem
1188 306 1333 352 locum
1349 342 1361 364 ,
1388 307 1467 353 ubi

81 383 162 427 hoc
183 381 299 427 dicat
319 383 529 443 scriptura
547 415 558 436 ,
584 380 687 441 quia
715 376 835 423 illam
860 386 1020 422 terram
1049 378 1118 424 vel
1142 378 1292 439 genuit
1323 381 1437 426 Deus
1452 415 1464 437 ,

79 452 148 498 vel
169 453 299 510 fecit,
338 453 406 499 vel
440 461 655 498 coaeterna
687 449 750 495 illi
781 458 900 503 erat,
933 451 1051 509 aperi
1083 449 1138 495 ad
1158 450 1305 496 locum
1334 467 1467 513 quem

80 525 220 581 nosti,
247 535 290 570 et
305 526 402 585 lege
420 525 540 569 mihi.

137 600 242 641 Fm..
268 595 377 640 dixit
402 615 411 641 ι
450 614 468 635 «
490 597 588 641 Non
607 602 671 639 est
692 594 738 638 in
759 595 838 638 ista
861 594 1088 653 scriptura,
1118 592 1194 638 sed
1215 594 1261 637 in
1278 594 1427 640 altera.
1447 616 1465 637 »

136 671 250 713 Aue.
274 666 381 712 dixit
408 686 418 713 :
442 666 584 713 Credo
606 681 725 725 ergo,
751 665 852 726 quia
874 665 908 710 si
932 681 1019 726 qua
1043 674 1104 710 est
1126 665 1198 709 illa
1223 665 1436 726 scriptura
1454 704 1465 723 ‚

77 738 312 782 meministi
333 736 440 799 quid
462 737 523 782 ibi
546 737 717 782 dixerit.
739 740 892 798 Itaque
911 746 960 781 tu
982 737 1087 781 mihi
1117 735 1331 797 responde
1348 772 1359 793 ,
1396 738 1472 799 qui

78 809 191 854 nosti
213 808 332 852 illam
368 809 626 868 scripturam
650 827 658 852 :
687 816 730 852 et
758 809 790 852 si
813 808 960 852 dixero
983 808 1088 869 quia
1109 823 1199 853 non
1220 809 1280 853 sic
1305 808 1439 853 habet
1458 843 1469 863 ‚

76 880 312 926 convinces
346 895 432 924 me.
466 880 508 925 Si
545 889 689 924 autem
727 880 785 925 sic
816 895 1088 939 cognovero,
1124 878 1365 925 secundum
1388 879 1473 925 hoc

78 952 254 1012 disputo
275 950 396 1012 quod
418 960 466 996 tu
484 953 575 1011 ipse
596 951 884 1011 responderis.
915 953 990 997 Dic
1013 967 1116 1011 ergo
1135 968 1189 996 an
1210 951 1363 997 fecerit
1379 960 1471 997 ter-

78 1038 170 1066 ram
193 1023 316 1066 istam
337 1025 466 1078 Deus,
492 1038 547 1067 an
571 1023 786 1082 genuerit,
808 1039 861 1067 an
880 1032 1094 1068 eoaeterna
1117 1022 1179 1067 illi
1199 1021 1330 1068 fuerit
1359 1042 1369 1068 ι
1395 1024 1471 1084 qui

78 1092 220 1152 legisti
242 1093 288 1136 in
305 1094 449 1138 nescio
466 1109 555 1153 quo
576 1092 706 1149 libro,
726 1094 804 1137 ubi
822 1109 911 1138 esse
930 1095 1013 1138 hoc
1035 1093 1243 1153 scriptum
1262 1094 1382 1138 dicis.

139 1166 244 1208 FEL.
282 1162 387 1209 dixit
410 1185 418 1208 ;
448 1164 589 1217 «Quia
611 1165 743 1209 modo
763 1165 974 1209 Sanctitas
994 1167 1084 1209 Tua
1109 1165 1389 1225 interpretata
1412 1175 1476 1210 est

78 1235 333 1294 scripturam
354 1244 492 1290 tuam,
517 1234 740 1294 quomodo
766 1234 940 1280 voluisti
959 1244 1001 1280 et
1026 1236 1273 1295 acceptavi,
1295 1246 1337 1281 et
1354 1244 1402 1281 tu
1418 1237 1476 1280 sic.

76 1306 184 1351 mihi
206 1316 382 1366 accepta
402 1305 620 1367 quidquid
642 1306 806 1350 dixero.
829 1325 848 1347 »

134 1381 248 1422 Aua.
272 1377 381 1422 dixit
401 1397 410 1422 :
432 1378 611 1422 Interim
632 1377 753 1438 quod
775 1377 1062 1437 interrogavi,
1088 1380 1121 1422 si
1151 1377 1263 1422 nihil
1282 1393 1351 1422 me
1367 1393 1477 1423 con-

76 1457 143 1492 tra
169 1448 380 1503 moverit,
407 1457 586 1508 accepto
610 1467 619 1492 ε
646 1448 680 1492 si
703 1457 848 1492 autem
873 1447 1040 1509 aliquid
1069 1449 1281 1505 moverit,
1306 1457 1477 1494 motum

76 1534 224 1563 meum
247 1519 394 1564 indico
413 1519 513 1573 tibi,
539 1528 591 1564 ut
612 1518 667 1563 ad
683 1519 826 1580 ipsum
844 1518 1122 1579 respondeas.

140 1592 246 1634 FEL.
273 1590 382 1634 dixit
403 1608 411 1634 :
446 1609 465 1632 «
484 1593 579 1649 Ego
597 1606 685 1635 non
709 1590 911 1650 respondi
930 1591 984 1635 ad
1005 1600 1076 1635 tua
1092 1591 1224 1636 dicta.
1245 1609 1266 1632 »

137 1664 251 1706 Aue.
275 1661 382 1705 dixit
403 1680 412 1706 ε
433 1662 546 1715 Quia
571 1665 689 1722 prius
714 1672 778 1707 est
806 1672 855 1707 ut
883 1663 990 1706 mihi
1008 1662 1063 1707 ad
1085 1663 1129 1707 id
1147 1663 1269 1723 quod
1287 1663 1478 1709 interro-

79 1733 175 1791 gavi
202 1731 488 1792 respondeas,
525 1742 674 1778 tamen
699 1733 783 1779 feci
808 1734 937 1778 etiam
962 1743 1011 1778 ut
1044 1733 1125 1778 tibi
1152 1734 1271 1793 prior
1297 1750 1479 1795 respon-

80 1803 206 1849 deam
228 1823 237 1849 :
268 1804 382 1849 forte
402 1820 492 1849 non
510 1814 553 1849 te
575 1806 728 1860 movit,
749 1804 849 1850 ideo
874 1821 963 1850 non
987 1805 1244 1865 respondisti
1263 1827 1275 1864 3
1299 1806 1411 1851 forte
1439 1815 1483 1852 et

81 1890 152 1920 me
189 1891 279 1921 non
307 1876 534 1933 movebit,
567 1892 668 1921 cum
699 1875 988 1937 responderis.
1028 1876 1263 1937 Responde
1289 1892 1393 1937 ergo
1425 1879 1481 1922 ad

84 1946 204 2006 quod
227 1946 505 2005 interrogavi.

142 2018 309 2060 XVIII.
337 2019 444 2061 Fm.
466 2016 573 2061 dixit
597 2035 607 2061 ι
635 2035 656 2059 «
673 2017 981 2077 Respondeo.»
1009 2019 1066 2062 Et
1083 2016 1269 2078 adjecit:
1295 2036 1314 2059 α
1331 2019 1482 2064 Dixisti

88 2102 194 2146 ergo
208 2087 264 2130 de
285 2095 398 2132 terra
420 2085 493 2132 illa
512 2088 558 2131 in
575 2104 660 2147 qua
685 2090 797 2133 Deus
819 2088 1003 2144 habitat,
1022 2106 1076 2133 an
1091 2088 1203 2134 facta
1225 2099 1288 2135 est
1310 2090 1365 2134 ab
1386 2088 1479 2147 illo,

87 2174 141 2203 an
164 2158 385 2217 generavit
405 2157 542 2212 illam,
568 2174 621 2202 an
639 2169 855 2204 coaeterna
870 2159 931 2203 illi
954 2170 1032 2204 est.
1056 2162 1112 2204 Et
1134 2176 1215 2220 ego
1238 2160 1354 2216 dico,
1379 2162 1483 2222 quia

86 2228 310 2291 quomodo
338 2233 450 2273 Deus
471 2239 659 2275 aeternus
684 2241 771 2286 est,
798 2241 842 2276 et
866 2231 1033 2277 factura
1057 2231 1177 2292 apud
1205 2231 1330 2277 illum
1360 2232 1483 2278 nulla

88 2310 167 2356 est,
192 2309 332 2346 totum
351 2310 567 2345 aeternum
591 2311 700 2346 est.»

149 2375 260 2416 Aue.
287 2371 395 2416 dixit
422 2391 430 2416 :
455 2375 551 2418 Non
574 2372 691 2418 illam
712 2388 812 2433 ergo
833 2375 1001 2434 genuit,
1023 2390 1167 2436 neque
1189 2374 1326 2421 fecit?

150 2445 255 2486 FEL.
282 2442 418 2488 dixit:
449 2463 469 2486 «
494 2446 608 2499 Non,
633 2446 708 2489 sed
730 2455 794 2490 est
810 2445 873 2490 illi
896 2455 1127 2491 coaeterna.
1148 2464 1168 2488 »

151 2517 264 2558 Aue.
298 2513 405 2559 dixit
435 2533 444 2560 ε
477 2515 517 2560 Si
546 2524 691 2561 autem
727 2516 943 2573 genuisset
974 2516 1122 2573 illam,
1154 2533 1244 2564 non
1277 2517 1339 2564 illi
1372 2528 1479 2565 esset

92 2585 340 2629 coaeterna?
