1803 3250
365 275 527 307 CONTRA
560 274 862 306 AnvEnsAan
894 276 1030 314 LEGIS,
1066 275 1149 304 Lm.
1185 276 1233 302 11.
1417 263 1503 305 409

123 363 144 388 »
179 343 441 405 possidebit1
460 362 469 388 :
493 361 514 385 »
535 358 625 388 non
642 342 744 386 facit
762 339 816 384 de
837 341 994 396 anima,
1022 339 1096 385 sed
1117 341 1170 385 de
1194 341 1506 386 resurrectione

119 417 310 477 corporis
332 416 631 476 quaestionem.
659 416 819 457 Verum
847 421 889 455 et
922 413 1000 456 ista
1027 412 1200 457 duobus
1220 413 1360 458 modis
1376 412 1507 458 solvi-

120 497 205 532 tur.
232 490 319 531 Aut
346 486 461 530 enim
494 485 633 529 carnis
667 493 709 528 et
741 483 960 541 sanguinis
983 483 1160 527 nomine
1181 484 1505 543 corruptionem

117 558 256 604 carnis
278 567 322 601 et
338 556 555 614 sanguinis
578 553 865 613 nuncupavit,
891 569 990 613 quae
1012 554 1057 597 in
1080 555 1394 599 resurrectione
1417 570 1505 600 non

119 630 199 673 erit
218 647 226 673 ε
249 636 325 672 aut
341 641 516 671 carnem
538 634 582 669 et
602 624 874 684 sanguinem,
899 624 1097 669 homines
1117 624 1172 669 ad
1194 640 1343 669 omnes
1364 625 1506 671 illece—

117 699 215 743 bras
246 696 515 742 saecularium
549 695 823 755 voluptatum
858 694 977 739 carni
1007 704 1050 739 et
1080 695 1281 753 sanguini
1314 696 1502 751 deditos,

115 770 191 830 qui
214 784 397 828 regnum
419 769 496 812 Dei
515 783 605 812 non
622 766 922 826 possidebunt.
953 768 1086 810 Totus
1108 775 1252 810 autem
1281 766 1360 810 iste
1384 767 1504 811 locus

113 839 337 900 apostolici
361 840 584 894 sermonis,
619 838 696 882 ubi
725 837 932 897 scriptum
969 846 1056 882 est:
1083 838 1234 882 «Caro
1264 846 1307 881 et
1330 839 1504 896 sanguis

116 930 135 952 »
158 925 341 969 regnum
361 909 436 953 Dei
453 925 539 954 non
560 908 812 969 possidebit,
833 926 853 949 »
872 909 905 952 si
921 907 1219 953 consideretur
1233 907 1501 967 diligentius,

112 983 248 1041 magis
277 980 554 1042 persuadebit
589 981 913 1040 corruptionem
949 979 1089 1024 carnis
1126 980 1235 1024 sicut
1270 995 1388 1023 nunc
1422 988 1500 1035 est,

112 1053 180 1098 his
201 1068 298 1097 eum
323 1051 547 1097 vocabulis
571 1050 789 1111 appellare
811 1051 1013 1106 voluisse,
1045 1060 1176 1110 atque
1204 1048 1258 1094 ad
1280 1065 1503 1109 exponen-

113 1124 219 1169 dum
236 1124 343 1184 quid
357 1124 520 1168 diceret
539 1122 782 1182 adjunxisse
800 1142 808 1166 2
825 1141 844 1163 «
862 1124 1013 1182 Neque
1032 1121 1254 1181 corruptio
1271 1122 1503 1180 incorrup-

113 1214 133 1237 »
163 1195 322 1239 tionem
340 1194 594 1254 possidebit.
617 1212 636 1234 »
655 1194 767 1247 Quia
784 1209 885 1238 cum
905 1193 1020 1238 facta
1034 1193 1167 1237 fuerit
1183 1210 1282 1254 quae
1299 1194 1344 1237 in
1366 1209 1503 1238 resur-

111 1266 304 1312 rectione
338 1274 536 1325 speratur
575 1264 648 1309 illa
690 1266 875 1309 mutatio
889 1300 900 1320 ‚
957 1280 1047 1310 non
1082 1265 1234 1325 utique
1267 1265 1507 1309 remanebit

110 1338 200 1382 ulla
223 1338 461 1397 corruptio.
488 1337 695 1390 Quamvis
718 1352 821 1396 ergo
844 1346 887 1381 et
909 1346 1004 1396 post
1027 1337 1382 1381 resurrectionem
1414 1340 1503 1382 Do-

109 1411 254 1453 minus
275 1408 433 1452 dixerit
460 1407 688 1467 Discipulis
711 1408 823 1452 suis:
853 1427 872 1449 «
898 1407 1099 1467 Palpate‚
1131 1416 1174 1451 et
1202 1407 1368 1463 videte,
1401 1409 1500 1468 quia

113 1498 133 1521 »
158 1479 333 1539 spiritus
354 1494 528 1523 carnem
548 1487 590 1522 et
612 1493 706 1523 ossa
726 1494 815 1522 non
833 1478 982 1534 habet,
1008 1478 1118 1522 sicut
1140 1493 1208 1522 me
1237 1479 1392 1523 videtis
1423 1479 1503 1523 ha-

112 1568 132 1591 »
156 1549 312 1594 bere²2
336 1567 355 1590 »
378 1558 524 1593 tamen
546 1549 789 1593 secundum
819 1549 1104 1593 substantiam
1140 1564 1240 1593 caro
1275 1549 1371 1604 erit,
1412 1564 1501 1593 non

109 1619 351 1664 secundum
371 1620 712 1679 corruptionem,
733 1634 832 1679 quae
853 1635 971 1663 nunc
991 1620 1109 1664 carni
1131 1620 1215 1664 hoc
1238 1635 1399 1663 nomen
1418 1620 1500 1663 im—

109 1692 249 1752 ponit.
273 1691 399 1735 Unde
419 1691 478 1735 ait
504 1691 741 1749 Propheta:
764 1710 782 1733 «
804 1692 952 1735 Omnis
976 1706 1074 1736 caro
1093 1690 1309 1736 foenumss.
1325 1709 1344 1732 »
1362 1693 1500 1737 Num-

108 1763 217 1824 quid
240 1763 355 1806 enim
377 1773 419 1806 et
444 1763 617 1806 Domini
640 1778 769 1822 quam
793 1762 952 1807 levavit
969 1764 1014 1806 in
1037 1762 1234 1807 coelum?
1266 1765 1363 1816 Quo
1399 1778 1502 1822 ergo

108 1834 241 1879 modo
263 1833 496 1893 appellavit
525 1834 740 1893 Propheta
759 1849 950 1888 carnem,
979 1834 1055 1878 ubi
1079 1835 1160 1879 ait:
1187 1835 1375 1878 «Omnis
1401 1850 1502 1879 caro

112 1924 131 1947 »
159 1904 360 1962 foenumz,
381 1922 400 1945 n
421 1904 618 1948 dicturus
641 1905 821 1964 utique:
847 1923 867 1946 «
885 1907 1074 1948 Foenum
1097 1905 1233 1949 aruit:
1256 1924 1274 1945 »
1297 1921 1348 1949 eo
1369 1905 1501 1950 modo

107 1985 151 2019 et
169 1975 401 2034 Apostolus
419 1975 503 2019 ait:
525 1976 674 2019 «Caro
696 1983 737 2018 et
760 1976 932 2034 sanguis
950 1990 1132 2034 regnum
1158 1976 1234 2020 Dei
1258 1992 1347 2020 non
1365 1977 1501 2036 possi-

110 2064 130 2088 »
159 2046 309 2104 debit,
332 2064 352 2087 »
381 2046 483 2105 quia
518 2060 607 2089 non
641 2046 702 2089 ibi
731 2046 812 2089 erit
837 2047 1080 2106 corruptio,
1118 2063 1204 2107 qua
1244 2063 1362 2092 nunc
1391 2049 1501 2092 sicut

107 2118 279 2162 foenum
299 2127 455 2162 natura
477 2117 618 2162 carnis
635 2118 801 2162 arescit.
828 2120 924 2162 Non
943 2119 1057 2162 enim
1080 2118 1162 2162 alia
1180 2119 1391 2162 sententia
1408 2128 1471 2162 est
1489 2138 1497 2163 z

112 2208 133 2232 «
155 2191 308 2249 Neque
329 2189 551 2249 corruptio
573 2189 947 2250 incorruptionem
973 2189 1209 2249 possidebit
1228 2209 1236 2235 ;
1261 2209 1281 2231 »
1306 2189 1382 2234 sed
1405 2191 1500 2235 haec

108 2261 325 2321 repetitio,
351 2262 577 2306 sententiae
597 2262 828 2321 superioris
851 2271 912 2305 est
935 2262 1170 2321 expositio:
1205 2271 1255 2305 ut
1285 2262 1405 2322 quod
1437 2261 1500 2305 ibi

107 2332 274 2377 dictum
297 2342 360 2377 est
378 2351 388 2377 :
412 2351 433 2374 «
453 2334 564 2378 Caro
586 2341 629 2376 et
649 2333 820 2392 sanguis
839 2353 849 2390 3
872 2351 891 2374 »
913 2333 982 2376 hic
1004 2332 1296 2390 intelligamus
1312 2348 1497 2392 corrup-

107 2404 291 2458 tionem,
318 2419 407 2448 non
429 2403 714 2448 substantiam
736 2405 875 2448 carnis
894 2423 901 2448 :
928 2412 970 2446 et
992 2403 1113 2462 quod
1135 2404 1194 2447 ibi
1215 2402 1381 2448 dictum
1406 2398 1468 2448 e‘st
1484 2439 1496 2459 ‚

112 2492 132 2517 «
157 2477 358 2532 Regnum
379 2474 477 2531 Dei,
501 2491 521 2514 »
544 2474 613 2518 hic
630 2474 922 2534 intelligamus
942 2475 1331 2534 incorruptionem.
1353 2478 1500 2534 Atque

108 2544 168 2590 ita
182 2544 292 2589 nihil
306 2544 426 2589 aliud
443 2544 611 2590 dictum
633 2555 837 2605 putemus
855 2565 863 2590 ;
886 2565 905 2587 «
924 2547 1035 2591 Caro
1058 2555 1100 2590 et
1122 2546 1294 2604 sanguis
1316 2560 1495 2604 regnum

159 2637 164 2652 ¹
191 2641 204 2662 ι
228 2632 300 2663 Cor.
319 2640 374 2669 xv,
393 2629 448 2665 50.
465 2637 532 2654 -2
552 2632 631 2664 Luc.
654 2642 742 2674 xxiv,
761 2632 816 2675 39.
833 2649 874 2656 —
891 2630 904 2656 ³
922 2632 994 2665 lsai.
1015 2642 1067 2673 xz,
1088 2631 1120 2663 6.
