1803 3250
343 244 505 273 coram
537 243 840 273 AnvssnsAiutJM
873 246 1009 282 ineis,
1058 248 1138 271 Lm.
1173 248 1218 271 ii.
1402 237 1487 272 419

98 309 153 354 ad
173 325 304 371 quem
331 311 634 370 promissiones
662 310 796 356 factas
824 326 941 355 nunc
971 312 1014 355 in
1045 312 1250 355 omnibus
1282 312 1482 368 gentibus

97 381 295 427 videmus
335 380 533 440 impleri,
578 383 744 425 crimen
783 380 1078 426 fornicationis
1120 381 1348 440 objiciunt.
1396 384 1481 426 Iste

97 452 262 511 quippe
288 451 444 511 procul
474 451 611 496 dubio
646 452 715 496 cui
750 452 1060 510 respondemus
1079 488 1089 506 ‚
1126 468 1178 496 ex
1210 452 1294 496 illis
1324 468 1367 496 se
1397 468 1486 497 esse

97 522 364 577 manifestat,
389 523 445 567 de
465 522 626 582 quibus
649 521 906 581 praedictum
935 534 1019 575 est,
1045 522 1254 582 Apostolo
1284 523 1483 570 dicente:

101 611 123 636 «
149 592 332 653 Spiritus
348 601 494 636 autem
516 592 742 637 manifeste
764 593 895 647 dicit,
921 595 1020 653 quia
1045 595 1088 637 in
1113 594 1352 638 novissimis
1378 603 1490 638 tem-

100 680 122 705 »
147 663 329 724 poribus
350 663 556 708 recedent
582 663 760 724 quidam
785 679 807 707 a
830 663 939 717 fide,
964 664 1236 708 attendentes
1262 664 1482 722 spiritibus

101 752 124 776 υ
144 734 448 779 seductoribus
464 743 506 779 et
519 733 727 779 doctrinis
743 733 1057 778 daemoniorum
1075 734 1119 777 in
1135 736 1352 793 hypocrisi
1367 751 1491 779 rnen·

101 822 123 846 υ
147 804 496 866 dacssoquorum,
511 805 791 850 cauteriatam
805 804 1016 848 habentes
1028 804 1334 849 conscientiam
1350 821 1487 860 suam,

100 892 124 917 i>
149 876 431 935 prohibentes
457 876 669 920 nubere1.
693 896 710 916 »
746 877 843 920 Non
871 876 986 919 enim
1020 877 1232 934 reperitur
1267 877 1489 920 Abraham

98 946 248 1007 aliquo
268 962 314 991 se
343 947 661 992 contaminasse
683 945 899 991 adulterio
930 966 939 991 :
970 947 1178 1007 quoniam
1202 963 1291 991 non
1319 947 1490 992 lubrico

97 1016 290 1063 libidinis
311 1019 471 1063 amavit
492 1018 722 1074 ancillamz,
753 1017 828 1063 sed
854 1019 909 1062 ab
933 1034 1065 1062 uxore
1093 1018 1285 1077 accepit,
1314 1019 1492 1078 quando

97 1105 207 1134 uxor
227 1091 319 1150 ejus
339 1089 444 1135 fecit
464 1089 519 1134 de
530 1091 628 1151 jure
650 1105 729 1134 suo
752 1088 872 1150 quod
889 1089 1050 1144 voluit,
1078 1089 1224 1134 volens
1243 1090 1405 1133 habere
1436 1090 1489 1134 fi-

96 1159 177 1205 lios
198 1161 253 1205 de
277 1161 433 1206 marito
449 1177 549 1216 suo,
581 1162 779 1222 quamvis
800 1177 851 1205 ex
875 1171 998 1205 utero
1021 1160 1189 1205 alieno‘2
1217 1180 1226 1206 ;
1263 1161 1337 1205 ubi
1369 1160 1488 1205 nulla

96 1233 276 1278 omnino
297 1231 577 1287 lasciviendi,
602 1233 677 1276 sed
696 1232 786 1277 sola
803 1233 988 1290 cogitata
1005 1241 1067 1276 est
1085 1247 1213 1276 causa
1232 1232 1483 1291 generandi.

98 1305 186 1347 Iste
206 1311 352 1347 autem
369 1302 579 1356 Abrahae,
599 1303 730 1346 etiam
749 1318 887 1362 usque
918 1303 972 1346 ad
1002 1301 1267 1362 decrepitam
1288 1312 1491 1347 senectu-

98 1383 214 1429 tem,
249 1372 547 1418 fornicationis
581 1373 732 1434 objicit
764 1373 950 1423 crimen,
977 1372 1174 1432 profecto
1204 1374 1305 1433 quia
1327 1384 1370 1417 et
1393 1383 1487 1432 post

99 1453 286 1490 mortem
310 1445 426 1489 Sarae
450 1443 630 1488 alteram
659 1444 827 1488 duxitss.
857 1444 938 1488 Ubi
967 1444 1044 1488 etsi
1067 1443 1238 1487 nullum
1266 1444 1483 1503 intellige-

96 1526 217 1562 retur
231 1516 292 1560 rei
308 1515 470 1560 abditae
485 1525 819 1570 sacramentum,
842 1525 1015 1574 propter
1029 1516 1112 1559 hoc
1126 1516 1267 1560 solum
1285 1516 1329 1559 id
1346 1514 1486 1561 facere

96 1587 252 1633 debuit
271 1587 494 1633 Abraham
509 1622 521 1642 ‚
545 1603 601 1631 ne
624 1597 828 1647 putarent
852 1587 1042 1631 haeretiei
1071 1587 1276 1632 adversus
1300 1590 1489 1647 Aposto-

96 1657 192 1704 lum
208 1694 221 1715 ‚
255 1658 417 1720 quibus
439 1657 569 1702 etiam
594 1657 885 1702 Tertullianus
908 1657 1164 1717 astipulator
1187 1658 1363 1713 assistit,
1393 1667 1490 1718 post

96 1731 242 1776 uxoris
264 1739 465 1785 mortem,
490 1729 655 1774 crimen
677 1744 766 1773 esse
779 1728 940 1773 ducere
958 1744 1151 1773 uxorem.
1177 1729 1259 1774 Sed
1278 1730 1388 1774 sicut
1404 1729 1486 1773 sibi

97 1803 180 1848 iste
211 1801 386 1846 videtur
413 1801 608 1845 invenire
645 1801 690 1844 in
727 1799 984 1859 Apostolicis
1012 1799 1167 1845 litteris
1189 1835 1200 1853 ,
1244 1817 1343 1859 quae
1374 1801 1490 1845 dicat

95 1882 247 1918 contra
271 1876 432 1931 Legem
454 1886 530 1932 per
546 1873 743 1932 Moysem
772 1870 935 1925 datam⁷
966 1871 1033 1914 vel
1056 1880 1208 1916 contra
1238 1874 1489 1915 Testamen-

96 1953 193 1989 tum
215 1945 380 2000 Vetus;
409 1943 601 1987 inveniat
617 1951 658 1986 et
681 1941 845 2001 aliquid
860 1942 1084 1985 adversum
1106 1942 1346 1996 Abraham,
1367 1943 1489 2001 quod

98 2029 151 2059 ex
174 2013 446 2073 Evangelicis
467 2013 622 2058 litteris
642 2029 796 2057 sonare
815 2011 1015 2057 videatur
1033 2032 1042 2057 :
1063 2013 1242 2056 omnino
1260 2028 1347 2056 non
1369 2014 1490 2056 inve-

100 2086 204 2130 niet.
237 2084 514 2144 Ubicumque
532 2083 605 2128 ille
622 2084 872 2128 nominatur
888 2083 1066 2127 inlibris
1085 2083 1346 2127 Testamenti
1359 2086 1486 2140 Novi,

67 2184 73 2188 -
100 2171 202 2202 cum
222 2157 386 2200 honore
401 2154 550 2198 debito
573 2154 825 2198 nominatur
845 2174 854 2199 2
880 2156 939 2198 ita
964 2163 1011 2198 ut
1030 2156 1053 2198 J
1061 2154 1193 2198 udaeis
1216 2153 1379 2197 diceret
1400 2154 1490 2213 ipse

101 2226 313 2272 Dominus
331 2245 341 2271 :
369 2245 390 2268 «
411 2226 453 2271 Si
469 2225 546 2269 filii
568 2225 755 2269 Abrahae
774 2225 872 2269 estis
888 2260 898 2278 ‚
921 2224 1035 2269 facta
1053 2225 1242 2268 Abrahae
1268 2224 1397 2269 facite
1411 2226 1441 2268 4.
1468 2244 1484 2265 ι)

101 2301 165 2343 Ac
188 2312 265 2357 per
282 2297 364 2342 hoc
385 2297 466 2340 iste
481 2296 559 2357 qui
583 2295 852 2356 blasphemat
875 2296 1110 2349 Abraham,
1136 2296 1358 2340 Christum
1386 2310 1487 2354 pro-

103 2367 219 2414 fecto
237 2368 525 2428 blasphemat,
543 2367 620 2427 qui
636 2366 720 2412 tale
745 2368 1043 2412 testimonium
1068 2367 1484 2426 perhibet-Abrahae.

159 2440 374 2486 xxxin.
401 2437 486 2484 Sed
505 2437 647 2493 dicat,
672 2438 707 2482 si
729 2446 886 2498 potest,
905 2452 1037 2498 quam
1065 2453 1292 2497 personam
1316 2437 1486 2481 illarum

103 2511 302 2573 quinque
317 2511 496 2571 gerebat
513 2509 763 2571 Apostolus,
782 2524 885 2555 cum
898 2509 957 2554 sic
971 2509 1229 2569 praedicaret
1242 2508 1491 2553 Abraham?

155 2602 166 2621 ¹
191 2608 203 2629 ι
223 2597 306 2631 Tim·
325 2607 370 2639 iv,
392 2595 467 2631 1-3.
486 2611 527 2619 —
548 2602 561 2619 ²
579 2597 661 2630 Gen.
681 2606 751 2637 xvi,
768 2603 802 2629 2.
824 2610 866 2619 -
883 2593 897 2619 ³
913 2595 962 2629 Id.
986 2604 1063 2635 xxv,
1095 2604 1127 2627 1.
1144 2609 1187 2616 —
1202 2591 1220 2623 4
1238 2594 1331 2627 Joan.
1348 2603 1419 2634 vui,
1439 2592 1494 2635 39.
