1803 3250
300 201 386 240 202
739 207 771 237 s.
807 207 1039 239 Auousnm
1071 209 1254 238 nrrscom

301 296 321 320 »
358 276 575 333 Scriptum
597 282 662 318 est
682 274 798 319 enim
819 276 866 320 in
887 274 1001 321 libro
1025 275 1324 323 Psalmorum:
1349 278 1445 323 Fiat
1464 278 1566 325 villa
1595 282 1687 342 ejus

301 368 321 392 »
356 347 541 400 deserta,
567 355 611 391 et
628 361 716 391 non
734 348 788 391 sit
803 349 880 408 qui
894 348 1060 393 habitet
1076 349 1120 392 in
1139 365 1204 404 ea,
1223 359 1265 394 et
1283 350 1578 411 episcopatum
1595 354 1688 413 ejus

300 439 321 462 n
356 418 539 477 accipiat
555 416 705 463 alter¹.
730 420 914 479 Oportet
931 422 1079 482 itaque
1102 436 1152 465 ex
1175 422 1239 465 his
1260 422 1361 466 viris
1379 422 1455 482 qui
1471 439 1688 469 convene-

299 510 318 534 »
353 499 456 534 runt
478 489 705 534 nobiscum
727 490 773 534 in
791 492 910 536 omni
931 501 1126 551 tempore
1144 508 1233 553 quo
1250 493 1448 538 introivit
1463 509 1593 554 super
1610 511 1688 541 nos

297 581 318 605 ι»
353 571 397 606 et
419 563 596 607 excessit
615 563 825 617 Dominus
841 567 965 609 Jesus
979 565 1192 619 Christus,
1211 566 1420 625 incipiens
1436 581 1459 610 a
1475 566 1689 626 baptismo

296 651 317 676 »
351 634 531 678 Joannis
553 649 690 695 usque
714 635 757 678 in
775 635 900 679 illum
915 636 1030 679 diem
1047 651 1138 695 quo
1159 646 1405 695 assumptus
1421 646 1484 680 est
1501 652 1524 680 a
1544 637 1685 692 nobis,

296 723 318 747 »
352 713 506 749 testem
525 706 848 750 resurrectionis
869 707 959 765 ejus
980 706 1206 749 nobiscum
1221 721 1325 749 esse.
1344 708 1400 749 Et
1414 707 1565 751 statuit
1580 706 1690 752 duos

296 794 316 818 »
351 777 512 835 Joseph
540 777 617 835 qui
643 776 884 820 vocabatur
912 776 1134 828 Barsabas,
1163 776 1240 835 qui
1262 786 1305 820 et
1328 779 1492 833 Justu÷,
1514 787 1556 822 et
1577 781 1691 822 Mat-

296 866 317 890 »
352 848 503 892 thiam.
523 850 579 892 Et
596 857 794 907 precatus
807 848 940 892 dixit:
964 850 1044 898 Tu,
1065 848 1262 902 Domine,
1279 848 1475 892 cordium
1491 850 1691 894 omnium

296 937 315 960 »
351 917 611 972 intellector,
637 918 817 962 ostende
839 933 889 961 ex
908 918 973 962 his
990 917 1164 962 duobus
1186 934 1317 979 quem
1340 918 1506 977 elegisti
1525 919 1580 962 ad
1598 935 1692 964 sus-

296 1008 316 1032 »
350 986 604 1047 cipiendum
633 987 781 1033 locum
815 989 945 1049 hujus
973 989 1197 1033 ministerii
1219 998 1262 1033 et
1284 990 1642 1045 annuntiationis,
1668 1006 1692 1035 a

294 1079 316 1103 »
352 1076 440 1121 qua
464 1060 643 1106 excessit
665 1062 801 1106 Judas
825 1061 1049 1105 ambulare
1071 1061 1115 1105 in
1136 1060 1282 1105 locum
1305 1076 1448 1105 suum.
1477 1064 1532 1105 Et
1557 1061 1693 1106 dede·
1733 1067 1737 1070 ’

296 1151 317 1175 »
353 1143 456 1178 runt
489 1142 621 1177 sortes
655 1148 775 1188 suas,
809 1142 852 1177 et
885 1132 1044 1178 cecidit
1080 1149 1169 1177 sors
1198 1149 1328 1192 super
1364 1134 1612 1188 Matthiam‚
1649 1142 1694 1178 et

295 1222 317 1247 »
352 1204 484 1248 simul
514 1204 750 1264 deputatus
782 1212 846 1248 est
869 1219 971 1248 cum
994 1205 1198 1248 undecim
1233 1204 1452 1264 Apostolis
1478 1205 1691 1250 duodeci-

295 1294 316 1318 »
352 1278 491 1320 mus‘2.
511 1294 532 1316 »
554 1278 609 1320 Et
626 1291 726 1320 cum
743 1273 933 1334 legisset,
949 1274 1058 1318 dixit
1078 1293 1088 1319 ε
1114 1274 1373 1319 Audivimus
1393 1277 1490 1336 quis
1514 1276 1693 1321 ordina-

292 1357 363 1393 tus
378 1356 442 1392 est
455 1347 659 1392 inlocum
683 1347 812 1392 Judae
836 1346 1072 1400 traditoriS,
1092 1347 1212 1406 quod
1231 1347 1362 1406 paulo
1381 1358 1481 1391 ante
1497 1363 1693 1393 comme-

293 1419 475 1474 moravi,
493 1434 548 1464 ne
570 1420 801 1480 quisquam
823 1435 900 1478 per
918 1418 1117 1462 fraudem
1138 1419 1299 1478 irrepat
1320 1419 1364 1462 in
1383 1419 1693 1479 Apostolorum

293 1505 544 1544 numerum,
567 1499 609 1534 et
624 1490 802 1534 nomine
819 1489 1100 1548 Apostolatus
1118 1488 1242 1534 fallat
1258 1490 1446 1548 ignaros.

350 1563 404 1606 V.
433 1563 559 1606 Nunc
577 1560 800 1605 videamus
817 1560 936 1621 quod
959 1560 1251 1620 promisimus,
1273 1559 1693 1620 quomodoimpleta

292 1632 347 1677 sit
366 1631 527 1678 Christi
554 1631 780 1691 promissio
808 1632 862 1675 de
887 1632 1052 1691 Spiritu
1074 1641 1242 1676 sancto.
1278 1634 1334 1675 Et
1363 1647 1465 1676 cum
1487 1631 1688 1688 dixisset,

291 1703 397 1763 legit
416 1704 462 1748 in
483 1703 601 1749 loeo:
621 1723 641 1746 «
665 1706 879 1763 Tempore
903 1719 992 1764 quo
1014 1703 1242 1763 suppletus
1263 1712 1328 1747 est
1347 1702 1438 1748 dies
1458 1707 1694 1748 Pentecos—

295 1792 318 1818 ὐ
353 1784 432 1831 tes,
457 1774 640 1820 fuerunt
664 1791 814 1820 omnes
837 1775 966 1820 simul
989 1776 1035 1819 in
1068 1791 1173 1819 uno.
1201 1778 1258 1820 Et
1286 1775 1428 1819 factus
1461 1785 1523 1820 est
1550 1776 1696 1821 subito

296 1866 315 1889 »
350 1863 482 1892 sonus
504 1848 559 1892 de
576 1847 715 1902 coelo,
740 1847 865 1907 quasi
889 1846 1078 1892 ferretur
1102 1846 1234 1891 ssatus
1255 1848 1492 1891 vehemens
1508 1882 1518 1902 ,
1545 1857 1588 1891 et
1610 1847 1696 1891 im—

294 1936 316 1961 »
351 1919 485 1979 plevit
516 1928 654 1964 totam
677 1919 797 1963 illam
821 1918 1027 1974 domum,
1053 1919 1099 1963 in
1123 1935 1208 1979 qua
1232 1928 1357 1964 erant
1391 1919 1607 1963 sedentes.
1641 1921 1698 1964 Et

296 2008 318 2033 »
350 1991 452 2035 visae
473 1999 575 2035 sunt
596 1989 680 2034 illis
701 1989 866 2050 linguae
890 1990 1039 2035 divisae
1062 1990 1187 2051 quasi
1214 1991 1349 2049 ignis,
1371 1990 1448 2051 qui
1471 2000 1514 2035 et
1536 1990 1697 2036 insedit

295 2081 316 2105 »
350 2078 480 2123 super
509 2079 874 2124 unumquemque
908 2079 1075 2108 eorum.
1122 2066 1178 2107 Et
1213 2063 1382 2122 impleti
1411 2072 1514 2107 sunt
1546 2078 1697 2108 omnes

296 2152 317 2177 »
356 2135 518 2195 Spiritu
540 2145 714 2192 sancto,
740 2145 784 2180 et
802 2145 1034 2196 coeperunt
1063 2135 1185 2196 loqui
1209 2135 1335 2180 variis
1364 2134 1549 2194 linguis,
1581 2151 1696 2195 quo—

295 2224 317 2248 »
353 2206 485 2251 modo
503 2207 687 2267 Spiritus
704 2206 838 2252 dabat
853 2208 913 2252 eis
928 2207 1229 2266 pronuntiare.
1252 2206 1535 2264 Jerosolymis
1550 2215 1699 2250 autem

296 2295 319 2320 »
354 2275 535 2322 fuerunt
558 2279 826 2323 habitatores
854 2278 1023 2334 Judaei‚
1059 2278 1259 2323 homines
1291 2293 1345 2322 ex
1374 2278 1494 2323 omni
1520 2279 1698 2321 natione

299 2366 321 2390 »
355 2364 455 2408 quae
475 2358 538 2393 est
559 2350 641 2393 sub
664 2349 795 2394 coelo.
830 2352 887 2393 Et
907 2364 1009 2393 cum
1031 2346 1145 2393 faeta
1168 2357 1277 2392 esset
1295 2364 1377 2390 vox
1392 2380 1402 2400 ,
1428 2347 1610 2389 collecta
1634 2354 1698 2389 est

299 2436 321 2461 »
354 2417 482 2462 turba
511 2427 554 2462 et
583 2418 788 2471 confusa,
815 2420 1021 2476 quoniam
1046 2416 1252 2459 audiebat
1284 2416 1591 2476 unusquisque
1617 2432 1696 2461 suo

299 2506 323 2532 »
357 2503 556 2533 sermone
574 2496 618 2532 et
639 2487 727 2532 suis
745 2486 908 2545 linguis
926 2484 1157 2547 loquentes
1174 2501 1262 2532 eos.
1286 2488 1533 2547 Stupebant
1549 2496 1695 2533 autem

348 2581 357 2599 ¹
379 2574 462 2609 Psal.
483 2583 591 2615 uviri,
605 2573 662 2607 26.
676 2590 718 2599 -
731 2579 745 2597 ²
764 2575 838 2607 Act.
857 2583 881 2615 1,
906 2583 920 2607 1
939 2582 1042 2617 usque
1061 2571 1103 2606 ad
1118 2571 1226 2606 finem.
