1803 3250
302 236 354 262 DE
388 235 501 263 Αετιε
532 236 621 262 CUM
655 234 800 261 nmen
832 231 1080 273 MAmcHAEQ
1115 235 1198 262 nn.
1234 235 1282 262 11.
1397 224 1481 263 233

98 303 207 346 Nam
235 299 453 360 hodieque
481 298 617 343 libera
645 298 874 343 voluntate
896 298 1064 343 faciunt
1085 299 1283 344 homines
1299 314 1483 344 consue-

98 370 313 427 tudinem,
329 386 458 431 quam
473 385 573 414 cum
591 369 789 424 fecerint,
811 365 937 412 facile
954 384 1156 428 superare
1172 384 1261 414 non
1275 379 1480 430 possunt:

96 442 176 501 ipsi
198 457 301 501 ergo
322 442 402 485 sibi
424 441 479 485 de
499 455 544 484 se
565 439 663 498 ipsis
686 439 905 494 fecerunt,
931 439 1051 498 quod
1073 441 1289 485 contraria
1310 441 1378 485 lex
1400 442 1483 487 ha-

56 531 58 534 ·
96 513 206 558 bitet
224 513 270 556 in
289 511 494 556 membris
512 525 678 555 eorum.
698 510 781 556 Sed
802 511 878 572 qui
892 511 1149 571 concipiunt
1162 512 1365 557 timorem
1386 514 1481 570 Dei,

95 592 138 627 et
155 598 231 642 per
247 582 434 626 liberum
453 580 678 626 arbitrium
696 580 894 626 subdunt
913 597 957 625 se
975 580 1189 627 sanandos
1210 582 1374 642 optimo
1396 599 1484 628 me-

93 653 193 698 dico
207 689 218 709 ‚
246 662 289 698 et
311 653 423 698 sicut
445 652 563 698 bono
585 653 797 708 curatori,
836 652 895 697 ita
917 660 961 697 et
983 651 1254 697 misericordi
1282 655 1481 712 creatori,

91 740 169 786 per
186 724 475 771 humilitatem
495 724 775 770 confessionis
797 733 841 770 et
861 724 1136 785 poenitentiae
1159 733 1382 770 sanantur.
1406 728 1486 771 Su-

90 797 221 857 perbi¹
240 811 344 842 vero
371 795 564 841 dicentes
586 811 629 840 se
646 797 808 856 justos,
839 804 915 840 aut
938 794 1125 841 dicendo
1147 795 1250 856 quia
1272 811 1362 841 non
1384 812 1487 856 pec-

90 877 191 912 cant
218 867 314 927 ipsi,
352 867 428 912 sed
457 866 576 912 aliud
599 867 644 911 in
667 866 751 912 illis
774 877 942 928 peccat,
980 876 1025 911 et
1047 866 1129 911 alia
1148 875 1303 912 natura
1324 867 1379 912 de
1405 867 1487 914 illis

89 949 256 999 peccat,
279 954 356 999 per
378 938 515 999 ipsam
537 939 785 999 superbiam
805 954 924 983 suam
951 948 993 983 et
1015 938 1277 984 insanabiles
1294 940 1422 994 fiunt,
1443 949 1487 985 et

89 1011 372 1071 experiuntur
398 1011 566 1072 justum
592 1010 805 1071 judicium
838 1011 931 1063 Dei,
969 1010 1046 1070 qui
1079 1011 1277 1070 superbis
1311 1011 1482 1068 resistit,

88 1082 329 1127 humilibus
351 1093 498 1127 autem
523 1082 598 1127 dat
622 1084 845 1142 g1·atiam¹·
868 1085 966 1128 Non
984 1091 1047 1126 est
1065 1098 1168 1141 ergo
1190 1081 1420 1141 indignum
1437 1093 1487 1129 ut

87 1157 201 1198 Deus
234 1154 377 1199 dicat:
398 1172 417 1195 «
438 1155 503 1197 Ite
525 1154 570 1196 in
592 1154 736 1211 ignem
761 1163 995 1208 aeternum,
1018 1171 1037 1194 n
1065 1152 1124 1196 eis
1145 1152 1222 1212 qui
1242 1154 1333 1213 ejus
1356 1154 1485 1198 mise-

88 1224 322 1269 ricordiam
355 1239 433 1284 per
465 1223 654 1268 liberum
688 1224 915 1268 arbitrium
950 1232 1236 1284 respuerunt:
1263 1233 1305 1269 et
1336 1224 1482 1270 dicat:

91 1314 111 1338 «
147 1296 321 1350 Venite,
348 1292 568 1339 benedicti
592 1294 730 1339 Patris
753 1295 852 1350 mei,
877 1296 1086 1355 percipite
1107 1310 1291 1354 regnum
1302 1298 1335 1350 ²,
1374 1315 1392 1337 »
1429 1297 1487 1340 eis

88 1367 164 1427 qui
184 1382 258 1424 per
273 1366 459 1410 liberum
484 1365 713 1410 arbitrium
731 1365 863 1410 fidem
883 1367 974 1426 ejus
991 1375 1292 1426 susceperunt,
1310 1377 1486 1426 peccata

88 1454 164 1483 sua
178 1436 363 1483 confessi
380 1446 496 1492 sunt,
514 1438 820 1497 poenitentiam
842 1448 1043 1498 egerunt,
1068 1437 1386 1497 displicuerunt
1403 1439 1484 1483 sibi

87 1508 237 1569 quales
259 1508 439 1553 fuerunt
454 1543 465 1562 ,
498 1517 540 1552 et
562 1507 711 1568 quales
739 1523 816 1568 per
841 1524 940 1553 eum
973 1508 1076 1554 sacti
1098 1518 1199 1554 sunt
1221 1509 1284 1552 illi
1305 1509 1484 1569 placue-

87 1589 207 1625 runt.
231 1583 295 1624 Tu
314 1593 416 1638 ergo
435 1579 522 1639 jam
545 1578 601 1623 ad
619 1580 700 1623 hoc
724 1581 843 1640 quod
869 1580 1133 1638 interrogavi
1156 1580 1391 1640 responde:
1409 1579 1484 1625 sed

86 1652 315 1710 impetrem
339 1667 361 1694 a
385 1659 442 1705 te,
465 1664 519 1694 ne
542 1665 683 1694 moras
702 1650 943 1709 superfluas
967 1649 1202 1695 faciamus:
1230 1650 1272 1696 Si
1296 1654 1384 1696 Deo
1403 1667 1485 1696 no-

87 1737 184 1766 cere
201 1721 312 1765 nihil
330 1730 514 1780 poterat,
540 1736 675 1781 quare
695 1721 782 1766 huc
802 1737 880 1766 nos
901 1722 1043 1766 misit?
1064 1722 1098 1766 si
1116 1737 1273 1767 nocere
1293 1731 1481 1782 poterat,

87 1808 177 1838 non
194 1801 258 1836 est
275 1790 619 1850 incorruptibilis
638 1794 767 1836 Deus.

148 1864 226 1907 IX.
264 1865 369 1907 FEL.
396 1861 504 1907 dixit
528 1881 536 1908 :
565 1881 585 1904 «
613 1863 655 1907 Si
684 1865 775 1908 Deo
797 1877 954 1908 nocere
982 1862 1092 1907 nihil
1124 1871 1321 1923 poterat,
1346 1878 1483 1924 quare

87 1933 174 1978 huc
207 1931 368 1977 Filium
391 1948 517 1977 suum
539 1933 682 1977 misit?

148 2007 261 2049 Ano.
309 2002 419 2048 dixit
444 2023 453 2048 ε
480 2003 590 2048 Vide
624 2003 998 2064 quemadmodum
1034 2020 1204 2064 semper
1225 2005 1481 2063 interrogas,

90 2084 134 2120 et
167 2073 221 2119 ad
252 2075 517 2133 interrogata
558 2074 820 2135 respondere
842 2091 930 2120 non
952 2075 1028 2120 vis.
1063 2074 1179 2120 Audi
1203 2075 1324 2135 quod
1345 2076 1484 2120 inter-

90 2145 250 2204 rogasti
268 2180 279 2201 ,
317 2154 537 2189 memento
579 2154 726 2190 tamen
758 2154 802 2190 te
840 2146 894 2190 ad
926 2161 975 2190 ea
1004 2161 1103 2206 quae
1136 2145 1235 2191 dico
1272 2161 1361 2191 non
1395 2161 1484 2192 res-

90 2216 299 2276 pondere,
321 2230 389 2260 me
411 2224 556 2260 autem
580 2215 856 2277 respondere.
883 2220 973 2262 Deo
995 2232 1151 2262 nocere
1178 2215 1287 2261 nihil
1309 2226 1452 2277 potest
1470 2236 1480 2264 ε

91 2284 167 2330 sed
187 2285 348 2329 Filium
367 2300 496 2331 suum
511 2286 642 2342 misit,
662 2296 711 2331 ut
729 2303 859 2331 carne
876 2287 1150 2342 indueretur,
1173 2296 1216 2332 et
1232 2287 1483 2333 hominibus

92 2366 334 2417 appareret,
359 2366 607 2416 peccatores
630 2368 815 2414 sanaret,
842 2359 887 2403 in
908 2359 998 2420 ipsa
1020 2374 1150 2404 carne
1167 2368 1388 2419 pateretur
1404 2374 1483 2420 pro

93 2428 235 2483 nobis,
261 2442 393 2488 quarn
416 2430 599 2489 sumpsit
621 2444 672 2473 ex
693 2430 835 2474 nobis.
864 2433 916 2475 In
937 2446 1011 2475 sua
1033 2430 1196 2491 quippe
1217 2439 1372 2475 natura
1394 2430 1483 2490 pati

95 2498 205 2543 nihil
221 2507 414 2558 poterat3
434 2499 536 2560 quia
559 2518 575 2539 «
594 2502 645 2544 In
662 2500 877 2561 principio
894 2510 986 2547 erat
999 2501 1211 2554 Verbum,
1233 2510 1276 2546 et
1288 2502 1481 2547 Verbum

149 2589 156 2604 ¹
176 2582 289 2615 Jacob.
305 2593 352 2623 lv,
370 2583 402 2615 6.
420 2600 460 2606 -
473 2590 486 2606 ²
509 2584 628 2616 Matth.
650 2595 727 2626 xxv,
750 2584 801 2626 34.
