1803 3250
324 188 401 228 184
748 197 783 226 s.
819 196 1048 229 Aucusrmr
1080 200 1261 230 Ertscom

322 277 408 311 tam
431 274 598 310 certum
612 273 690 320 est,
715 281 845 326 quam
865 266 958 313 illas
982 267 1111 313 illius.
1130 268 1235 322 Quis
1249 276 1396 313 autem
1411 268 1704 314 Manichaeum

320 335 535 396 Apostolis
558 346 803 395 comparat,
828 337 911 382 nisi
932 339 1127 399 quisquis
1151 354 1194 383 se
1217 354 1240 382 a
1268 338 1441 384 Christo
1456 374 1466 394 ‚
1492 340 1569 399 qui
1592 340 1705 384 misit

318 405 574 466 Apost0108‚
600 410 801 467 separat?
824 411 912 454 Aut
935 409 1042 454 duas
1067 419 1242 454 naturas
1266 409 1439 454 sibimet
1461 419 1505 454 et
1526 424 1578 454 ex
1601 425 1705 469 pro-

319 478 418 537 priis
445 478 666 538 principiis
693 478 918 537 adversas,
960 483 1055 542 quis
1092 497 1286 542 unquam
1319 481 1461 541 sapuit
1484 481 1529 524 in
1565 481 1706 526 verbis

317 548 506 603 Christi,
532 549 613 593 nisi
646 551 720 610 qui
753 566 842 596 non
875 552 985 611 sapit
1014 553 1146 596 verba
1168 553 1360 597 Christi?
1384 550 1580 611 Apostoli
1603 565 1706 609 ergo

321 629 527 680 tanquam
550 621 749 681 discipuli
773 623 982 677 veritatis,
1005 624 1273 668 nativitatem
1293 624 1453 668 Christi
1468 623 1707 682 praedicant

318 693 648 753 passionemque
669 708 864 738 veracem
887 714 895 739 ε
922 695 1189 739 Manichacus
1211 703 1354 737 autem
1372 695 1507 754 jactat
1523 708 1566 736 se
1584 692 1706 737 indu-

317 779 414 808 cere
436 765 481 808 in
505 780 679 809 omnem
697 765 940 820 veritatem,
961 775 1003 810 et
1019 765 1114 810 vult
1133 764 1340 810 inducere
1357 765 1399 808 in
1418 765 1547 809 talem
1566 765 1709 809 Chris-

320 844 411 879 tum
429 870 439 888 ,
483 836 527 878 in
569 852 657 895 quo
694 836 826 894 ipsius
861 836 1070 894 passionis
1113 836 1319 896 praedicat
1359 834 1605 881 falsitatem.
1634 835 1708 878 Isti

317 906 540 950 Christum
569 907 613 949 in
649 921 805 960 carne,
831 921 963 965 quam
993 906 1047 950 de
1080 908 1267 951 Abrahae
1301 908 1488 966 suscepit
1520 906 1706 959 semine,

317 976 622 1019 circumcisum
648 995 656 1019 :
682 975 756 1019 ille
779 979 917 1020 Deum
941 977 985 1020 in
1008 978 1097 1036 ipsa
1120 993 1193 1021 sua
1218 987 1371 1021 natura
1390 991 1412 1020 a
1431 976 1709 1020 tenebrarum

319 1056 446 1103 gente
465 1047 701 1091 concisum.
731 1047 804 1091 Isti
828 1063 907 1106 pro
931 1063 1059 1092 carne
1077 1049 1237 1093 Christi
1251 1047 1419 1092 infante
1433 1048 1709 1101 sacrificium,

319 1118 440 1177 quod
464 1126 569 1161 tunc
589 1117 659 1177 pic
683 1117 830 1172 fiebat,
856 1107 1052 1162 oblatum
1081 1138 1088 1163 :
1116 1118 1187 1162 ille
1206 1135 1295 1163 non
1317 1119 1470 1173 carnis,
1492 1118 1563 1162 sed
1582 1118 1713 1176 ipsius

320 1189 480 1233 divinae
511 1189 764 1233 substantiae
794 1190 1040 1233 membrum
1057 1225 1067 1245 ‚
1105 1190 1308 1234 omnibus
1330 1190 1605 1234 daemonibus
1627 1189 1712 1232 im-

322 1260 595 1315 molandum,
621 1269 788 1304 naturae
811 1259 1002 1304 adversae
1026 1261 1163 1319 gentis
1185 1260 1369 1304 illatum.
1394 1260 1468 1304 Isti
1491 1260 1714 1305 Christum

321 1329 505 1390 exempli
520 1330 744 1389 praebendi
761 1346 888 1374 causa
903 1331 1167 1390 baptizatum
1183 1331 1226 1374 in
1241 1331 1430 1375 Jordane
1451 1350 1459 1375 :
1486 1330 1557 1374 ille
1576 1333 1713 1374 Deum

323 1403 465 1461 ipsum
488 1416 565 1460 per
587 1416 631 1445 se
653 1402 795 1460 ipsum
817 1402 863 1444 in
898 1402 1178 1445 tenebrarum
1211 1401 1584 1446 contaminatione
1607 1401 1714 1445 suh-

323 1487 512 1516 mersum
529 1508 539 1527 ‚
566 1488 646 1517 nec
672 1481 815 1516 totum
838 1487 1133 1527 emersurum,
1157 1471 1231 1516 sed
1255 1471 1376 1533 quod
1398 1474 1490 1533 ejus
1514 1471 1714 1516 mundari

323 1559 412 1588 non
434 1543 627 1603 potuerit
648 1552 811 1589 aeterna
834 1542 1114 1588 damnatione
1129 1543 1418 1603 puniendum.
1442 1544 1518 1587 Isti
1540 1558 1714 1588 carnem

324 1615 484 1659 Christi
507 1629 530 1658 a
554 1614 807 1658 daemonum
830 1613 942 1658 duce
966 1624 1174 1659 tentatam
1191 1636 1201 1671 3
1221 1613 1294 1658 ille
1311 1623 1477 1673 partem
1494 1614 1571 1657 Dei
1590 1630 1612 1658 a
1631 1614 1717 1658 dae-

327 1701 507 1730 monum
527 1695 655 1744 gente
673 1701 910 1745 possessam
932 1702 940 1727 z
963 1695 1006 1730 et
1020 1686 1088 1730 isti
1104 1685 1282 1746 quidem
1295 1684 1410 1729 illam
1423 1694 1650 1730 tentatam.
1670 1694 1717 1730 ut

323 1757 502 1801 doceret
522 1756 718 1801 resistere
741 1756 968 1815 tentatori3
994 1756 1066 1801 ille
1088 1757 1206 1801 illam
1237 1771 1472 1816 possessam
1489 1792 1500 1812 ‚
1535 1766 1584 1801 ut
1606 1757 1714 1816 patri

326 1843 415 1871 non
449 1828 582 1886 possit
612 1828 800 1882 restitui,
828 1842 907 1871 nec
934 1827 1102 1872 victori.
1146 1829 1343 1888 Denique
1372 1827 1640 1872 Manichacus
1667 1844 1717 1870 ex

326 1897 525 1942 doctrina
548 1898 866 1942 daemoniorum
891 1897 1010 1942 aliud
1033 1898 1280 1952 annuntiat,
1307 1907 1356 1942 ut
1377 1898 1498 1957 quasi
1519 1897 1716 1941 eminen-

328 1969 410 2012 tior
428 1970 480 2013 sit
503 1989 511 2014 :
535 1968 729 2028 Apostoli
744 1984 845 2014 vero
860 1984 910 2012 ex
927 1968 1125 2014 doctrina
1144 1970 1304 2014 Christi
1325 1969 1652 2020 commendant,
1669 1978 1715 2012 ut

326 2040 521 2100 quisquis
542 2039 661 2084 aliud
684 2040 1032 2096 annuntiaverit,
1059 2041 1288 2085 anathema
1312 2042 1364 2085 sit
1379 2042 1408 2084 ¹.

377 2144 382 2158 ¹
406 2137 473 2169 Gal.
490 2150 514 2178 ι,
531 2140 561 2171 8.
