<?xml version="1.0" encoding="UTF-8"?>
<!DOCTYPE html PUBLIC "-//W3C//DTD XHTML 1.0 Transitional//EN"
    "http://www.w3.org/TR/xhtml1/DTD/xhtml1-transitional.dtd">
<html xmlns="http://www.w3.org/1999/xhtml" xml:lang="en" lang="en">
 <head>
  <title>
</title>
<meta http-equiv="Content-Type" content="text/html;charset=utf-8" />
  <meta name='ocr-system' content='tesseract 3.04.00' />
  <meta name='ocr-capabilities' content='ocr_page ocr_carea ocr_par ocr_line ocrx_word'/>
</head>
<body>
  <div class='ocr_page' id='page_1' title='image "./operaomniaaccura29auguuoft/operaomniaaccura29auguuoft_0164.png"; bbox 0 0 1803 3250; ppageno 0'>
   <div class='ocr_carea' id='block_1_1' title="bbox 340 204 1290 244">
    <p class='ocr_par' dir='ltr' id='par_1_1' title="bbox 340 204 1290 244">
     <span class='ocr_line' id='line_1_1' title="bbox 340 204 1290 244; baseline -0.001 -1"><span class='ocrx_word' id='word_1_1' title='bbox 340 204 422 244; x_wconf 78' lang='lat'>154</span> <span class='ocrx_word' id='word_1_2' title='bbox 780 215 812 241; x_wconf 80' lang='lat' dir='ltr'>s.</span> <span class='ocrx_word' id='word_1_3' title='bbox 849 213 1078 241; x_wconf 59' lang='lat' dir='ltr'>aucusnm</span> <span class='ocrx_word' id='word_1_4' title='bbox 1111 214 1290 243; x_wconf 72' lang='lat' dir='ltr'>Emscom</span> 
     </span>
    </p>
   </div>
   <div class='ocr_carea' id='block_1_2' title="bbox 329 278 1738 2614">
    <p class='ocr_par' dir='ltr' id='par_1_2' title="bbox 329 278 1738 2614">
     <span class='ocr_line' id='line_1_2' title="bbox 336 278 1716 341; baseline 0.003 -16"><span class='ocrx_word' id='word_1_5' title='bbox 336 281 429 334; x_wconf 85' lang='lat' dir='ltr'>tari,</span> <span class='ocrx_word' id='word_1_6' title='bbox 455 288 497 323; x_wconf 92' lang='lat' dir='ltr'>et</span> <span class='ocrx_word' id='word_1_7' title='bbox 519 293 594 323; x_wconf 89' lang='lat' dir='ltr'>vos</span> <span class='ocrx_word' id='word_1_8' title='bbox 610 292 699 322; x_wconf 88' lang='lat' dir='ltr'>esse</span> <span class='ocrx_word' id='word_1_9' title='bbox 717 278 926 323; x_wconf 83' lang='lat' dir='ltr'>antistites</span> <span class='ocrx_word' id='word_1_10' title='bbox 943 278 1277 334; x_wconf 85' lang='lat' dir='ltr'>daemoniorum,</span> <span class='ocrx_word' id='word_1_11' title='bbox 1296 281 1373 341; x_wconf 91' lang='lat' dir='ltr'>qui</span> <span class='ocrx_word' id='word_1_12' title='bbox 1390 283 1587 328; x_wconf 88' lang='lat' dir='ltr'>certatim</span> <span class='ocrx_word' id='word_1_13' title='bbox 1607 299 1716 329; x_wconf 91' lang='lat' dir='ltr'>sem-</span> 
     </span>
     <span class='ocr_line' id='line_1_3' title="bbox 336 347 1716 410; baseline 0.004 -16"><span class='ocrx_word' id='word_1_14' title='bbox 336 366 410 410; x_wconf 81' lang='lat' dir='ltr'>per</span> <span class='ocrx_word' id='word_1_15' title='bbox 431 348 487 392; x_wconf 89' lang='lat' dir='ltr'>ad</span> <span class='ocrx_word' id='word_1_16' title='bbox 509 349 621 392; x_wconf 89' lang='lat' dir='ltr'>hanc</span> <span class='ocrx_word' id='word_1_17' title='bbox 637 362 707 392; x_wconf 89' lang='lat' dir='ltr'>eas</span> <span class='ocrx_word' id='word_1_18' title='bbox 725 347 908 393; x_wconf 87' lang='lat' dir='ltr'>incitetis</span> <span class='ocrx_word' id='word_1_19' title='bbox 925 348 1235 407; x_wconf 83' lang='lat' dir='ltr'>professionem</span> <span class='ocrx_word' id='word_1_20' title='bbox 1258 351 1530 397; x_wconf 83' lang='lat' dir='ltr'>suasionibus</span> <span class='ocrx_word' id='word_1_21' title='bbox 1547 354 1716 410; x_wconf 89' lang='lat' dir='ltr'>vestris,</span> 
     </span>
     <span class='ocr_line' id='line_1_4' title="bbox 333 419 1720 484; baseline 0.004 -20"><span class='ocrx_word' id='word_1_22' title='bbox 333 429 381 464; x_wconf 93' lang='lat' dir='ltr'>ut</span> <span class='ocrx_word' id='word_1_23' title='bbox 403 432 514 478; x_wconf 89' lang='lat' dir='ltr'>pene</span> <span class='ocrx_word' id='word_1_24' title='bbox 540 419 631 478; x_wconf 83' lang='lat' dir='ltr'>jam</span> <span class='ocrx_word' id='word_1_25' title='bbox 659 419 795 479; x_wconf 88' lang='lat' dir='ltr'>major</span> <span class='ocrx_word' id='word_1_26' title='bbox 821 419 867 463; x_wconf 91' lang='lat' dir='ltr'>in</span> <span class='ocrx_word' id='word_1_27' title='bbox 895 419 1098 464; x_wconf 84' lang='lat' dir='ltr'>Ecclesiis</span> <span class='ocrx_word' id='word_1_28' title='bbox 1126 420 1331 477; x_wconf 80' lang='lat' dir='ltr'>omnibus</span> <span class='ocrx_word' id='word_1_29' title='bbox 1360 422 1581 481; x_wconf 85' lang='lat' dir='ltr'>virginum</span> <span class='ocrx_word' id='word_1_30' title='bbox 1602 427 1720 484; x_wconf 93' lang='lat' dir='ltr'>apud</span> 
     </span>
     <span class='ocr_line' id='line_1_5' title="bbox 331 489 1721 556; baseline 0.004 -20"><span class='ocrx_word' id='word_1_31' title='bbox 331 505 407 536; x_wconf 86' lang='lat' dir='ltr'>vos</span> <span class='ocrx_word' id='word_1_32' title='bbox 424 525 437 546; x_wconf 95' lang='lat'>,</span> <span class='ocrx_word' id='word_1_33' title='bbox 461 505 595 551; x_wconf 91' lang='lat' dir='ltr'>quam</span> <span class='ocrx_word' id='word_1_34' title='bbox 616 489 850 535; x_wconf 87' lang='lat' dir='ltr'>mulierum</span> <span class='ocrx_word' id='word_1_35' title='bbox 873 491 1158 536; x_wconf 84' lang='lat' dir='ltr'>numerositas</span> <span class='ocrx_word' id='word_1_36' title='bbox 1181 491 1395 537; x_wconf 88' lang='lat' dir='ltr'>habeatur</span> <span class='ocrx_word' id='word_1_37' title='bbox 1418 495 1437 538; x_wconf 78' lang='lat' dir='ltr'>P</span> <span class='ocrx_word' id='word_1_38' title='bbox 1469 494 1588 548; x_wconf 90' lang='lat' dir='ltr'>Quid</span> <span class='ocrx_word' id='word_1_39' title='bbox 1615 510 1721 556; x_wconf 82' lang='lat' dir='ltr'>ergo</span> 
     </span>
     <span class='ocr_line' id='line_1_6' title="bbox 331 563 1720 624; baseline 0.003 -16"><span class='ocrx_word' id='word_1_40' title='bbox 331 578 421 609; x_wconf 91' lang='lat' dir='ltr'>non</span> <span class='ocrx_word' id='word_1_41' title='bbox 442 571 486 608; x_wconf 90' lang='lat' dir='ltr'>et</span> <span class='ocrx_word' id='word_1_42' title='bbox 501 578 577 608; x_wconf 91' lang='lat' dir='ltr'>vos</span> <span class='ocrx_word' id='word_1_43' title='bbox 592 563 685 623; x_wconf 87' lang='lat' dir='ltr'>jam</span> <span class='ocrx_word' id='word_1_44' title='bbox 699 563 902 608; x_wconf 89' lang='lat' dir='ltr'>desistitis</span> <span class='ocrx_word' id='word_1_45' title='bbox 921 579 945 608; x_wconf 92' lang='lat' dir='ltr'>a</span> <span class='ocrx_word' id='word_1_46' title='bbox 962 563 1124 609; x_wconf 89' lang='lat' dir='ltr'>talibus</span> <span class='ocrx_word' id='word_1_47' title='bbox 1144 564 1383 624; x_wconf 71' lang='lat' dir='ltr'>incoeptis?</span> <span class='ocrx_word' id='word_1_48' title='bbox 1403 565 1521 619; x_wconf 89' lang='lat' dir='ltr'>Quid</span> <span class='ocrx_word' id='word_1_49' title='bbox 1535 566 1583 610; x_wconf 90' lang='lat' dir='ltr'>in</span> <span class='ocrx_word' id='word_1_50' title='bbox 1598 565 1720 612; x_wconf 85' lang='lat' dir='ltr'>frau-</span> 
     </span>
     <span class='ocr_line' id='line_1_7' title="bbox 330 632 1723 690; baseline 0.003 -11"><span class='ocrx_word' id='word_1_51' title='bbox 330 634 432 679; x_wconf 90' lang='lat' dir='ltr'>dem</span> <span class='ocrx_word' id='word_1_52' title='bbox 454 634 629 678; x_wconf 89' lang='lat' dir='ltr'>miseras</span> <span class='ocrx_word' id='word_1_53' title='bbox 647 632 854 679; x_wconf 88' lang='lat' dir='ltr'>inducitis</span> <span class='ocrx_word' id='word_1_54' title='bbox 870 634 979 679; x_wconf 88' lang='lat' dir='ltr'>filias</span> <span class='ocrx_word' id='word_1_55' title='bbox 998 634 1244 690; x_wconf 90' lang='lat' dir='ltr'>hominum,</span> <span class='ocrx_word' id='word_1_56' title='bbox 1264 636 1298 679; x_wconf 92' lang='lat' dir='ltr'>si</span> <span class='ocrx_word' id='word_1_57' title='bbox 1315 634 1464 680; x_wconf 90' lang='lat' dir='ltr'>nonin</span> <span class='ocrx_word' id='word_1_58' title='bbox 1477 636 1538 681; x_wconf 92' lang='lat' dir='ltr'>eis</span> <span class='ocrx_word' id='word_1_59' title='bbox 1559 637 1723 684; x_wconf 89' lang='lat' dir='ltr'>Christi</span> 
     </span>
     <span class='ocr_line' id='line_1_8' title="bbox 329 705 1724 765; baseline 0.003 -15"><span class='ocrx_word' id='word_1_60' title='bbox 329 705 532 751; x_wconf 89' lang='lat' dir='ltr'>voluntas</span> <span class='ocrx_word' id='word_1_61' title='bbox 554 705 783 765; x_wconf 89' lang='lat' dir='ltr'>impletur,</span> <span class='ocrx_word' id='word_1_62' title='bbox 815 705 891 750; x_wconf 91' lang='lat' dir='ltr'>sed</span> <span class='ocrx_word' id='word_1_63' title='bbox 912 706 1264 751; x_wconf 78' lang='lat' dir='ltr'>daemoniorum‘?</span> <span class='ocrx_word' id='word_1_64' title='bbox 1288 708 1345 751; x_wconf 90' lang='lat' dir='ltr'>Et</span> <span class='ocrx_word' id='word_1_65' title='bbox 1366 715 1514 752; x_wconf 89' lang='lat' dir='ltr'>tamen</span> <span class='ocrx_word' id='word_1_66' title='bbox 1535 707 1620 753; x_wconf 90' lang='lat' dir='ltr'>hoc</span> <span class='ocrx_word' id='word_1_67' title='bbox 1639 723 1724 754; x_wconf 91' lang='lat' dir='ltr'>no—</span> 
     </span>
     <span class='ocr_line' id='line_1_9' title="bbox 332 776 1725 838; baseline 0.002 -15"><span class='ocrx_word' id='word_1_68' title='bbox 332 779 396 823; x_wconf 90' lang='lat' dir='ltr'>bis</span> <span class='ocrx_word' id='word_1_69' title='bbox 416 779 557 838; x_wconf 87' lang='lat' dir='ltr'>primo</span> <span class='ocrx_word' id='word_1_70' title='bbox 584 777 903 837; x_wconf 83' lang='lat' dir='ltr'>respondeatis,</span> <span class='ocrx_word' id='word_1_71' title='bbox 942 776 1102 831; x_wconf 90' lang='lat' dir='ltr'>velim,</span> <span class='ocrx_word' id='word_1_72' title='bbox 1146 786 1295 822; x_wconf 87' lang='lat' dir='ltr'>utrum</span> <span class='ocrx_word' id='word_1_73' title='bbox 1327 779 1508 824; x_wconf 92' lang='lat' dir='ltr'>omnino</span> <span class='ocrx_word' id='word_1_74' title='bbox 1537 779 1725 838; x_wconf 87' lang='lat' dir='ltr'>virgines</span> 
     </span>
     <span class='ocr_line' id='line_1_10' title="bbox 333 847 1726 909; baseline 0 -15"><span class='ocrx_word' id='word_1_75' title='bbox 333 851 496 904; x_wconf 74' lang='lat' dir='ltr'>tacere,</span> <span class='ocrx_word' id='word_1_76' title='bbox 519 848 719 892; x_wconf 88' lang='lat' dir='ltr'>doctrina</span> <span class='ocrx_word' id='word_1_77' title='bbox 742 848 796 891; x_wconf 89' lang='lat' dir='ltr'>sit</span> <span class='ocrx_word' id='word_1_78' title='bbox 815 847 1137 891; x_wconf 84' lang='lat' dir='ltr'>daemoniorum</span> <span class='ocrx_word' id='word_1_79' title='bbox 1153 881 1165 903; x_wconf 86' lang='lat'>,</span> <span class='ocrx_word' id='word_1_80' title='bbox 1190 863 1246 892; x_wconf 91' lang='lat' dir='ltr'>an</span> <span class='ocrx_word' id='word_1_81' title='bbox 1267 848 1411 894; x_wconf 93' lang='lat' dir='ltr'>solum</span> <span class='ocrx_word' id='word_1_82' title='bbox 1434 864 1512 908; x_wconf 92' lang='lat' dir='ltr'>per</span> <span class='ocrx_word' id='word_1_83' title='bbox 1528 850 1726 909; x_wconf 90' lang='lat' dir='ltr'>prohibi-</span> 
     </span>
     <span class='ocr_line' id='line_1_11' title="bbox 331 917 1726 978; baseline 0 -12"><span class='ocrx_word' id='word_1_84' title='bbox 331 921 494 966; x_wconf 89' lang='lat' dir='ltr'>tionem</span> <span class='ocrx_word' id='word_1_85' title='bbox 528 919 671 963; x_wconf 84' lang='lat' dir='ltr'>facere</span> <span class='ocrx_word' id='word_1_86' title='bbox 702 917 936 962; x_wconf 84' lang='lat' dir='ltr'>nubendi?</span> <span class='ocrx_word' id='word_1_87' title='bbox 960 918 1003 962; x_wconf 92' lang='lat' dir='ltr'>Si</span> <span class='ocrx_word' id='word_1_88' title='bbox 1030 933 1109 978; x_wconf 89' lang='lat' dir='ltr'>per</span> <span class='ocrx_word' id='word_1_89' title='bbox 1135 920 1479 978; x_wconf 90' lang='lat' dir='ltr'>prohibitionem</span> <span class='ocrx_word' id='word_1_90' title='bbox 1497 955 1508 976; x_wconf 93' lang='lat'>,</span> <span class='ocrx_word' id='word_1_91' title='bbox 1537 921 1649 966; x_wconf 92' lang='lat' dir='ltr'>nihil</span> <span class='ocrx_word' id='word_1_92' title='bbox 1671 923 1726 966; x_wconf 92' lang='lat' dir='ltr'>ad</span> 
     </span>
     <span class='ocr_line' id='line_1_12' title="bbox 332 986 1728 1048; baseline 0 -12"><span class='ocrx_word' id='word_1_93' title='bbox 332 1006 410 1036; x_wconf 85' lang='lat' dir='ltr'>nos</span> <span class='ocrx_word' id='word_1_94' title='bbox 437 1009 446 1035; x_wconf 74' lang='grc' dir='ltr'><strong><em>ι</em></strong></span> <span class='ocrx_word' id='word_1_95' title='bbox 472 1005 574 1034; x_wconf 89' lang='lat' dir='ltr'>nam</span> <span class='ocrx_word' id='word_1_96' title='bbox 596 997 640 1033; x_wconf 90' lang='lat' dir='ltr'>et</span> <span class='ocrx_word' id='word_1_97' title='bbox 661 988 743 1048; x_wconf 91' lang='lat' dir='ltr'>ipsi</span> <span class='ocrx_word' id='word_1_98' title='bbox 764 997 853 1032; x_wconf 90' lang='lat' dir='ltr'>tam</span> <span class='ocrx_word' id='word_1_99' title='bbox 876 986 1060 1032; x_wconf 86' lang='lat' dir='ltr'>stultum</span> <span class='ocrx_word' id='word_1_100' title='bbox 1076 988 1326 1048; x_wconf 84' lang='lat' dir='ltr'>judicamus</span> <span class='ocrx_word' id='word_1_101' title='bbox 1347 991 1547 1035; x_wconf 89' lang='lat' dir='ltr'>inhibere</span> <span class='ocrx_word' id='word_1_102' title='bbox 1573 991 1728 1036; x_wconf 89' lang='lat' dir='ltr'>volen-</span> 
     </span>
     <span class='ocr_line' id='line_1_13' title="bbox 332 1060 1727 1124; baseline 0 -16"><span class='ocrx_word' id='word_1_103' title='bbox 332 1073 421 1108; x_wconf 87' lang='lat' dir='ltr'>tem</span> <span class='ocrx_word' id='word_1_104' title='bbox 433 1098 444 1118; x_wconf 90' lang='lat'>,</span> <span class='ocrx_word' id='word_1_105' title='bbox 469 1076 603 1124; x_wconf 90' lang='lat' dir='ltr'>quam</span> <span class='ocrx_word' id='word_1_106' title='bbox 621 1060 744 1106; x_wconf 86' lang='lat' dir='ltr'>nefas</span> <span class='ocrx_word' id='word_1_107' title='bbox 759 1069 802 1105; x_wconf 93' lang='lat' dir='ltr'>et</span> <span class='ocrx_word' id='word_1_108' title='bbox 814 1060 999 1120; x_wconf 91' lang='lat' dir='ltr'>impium</span> <span class='ocrx_word' id='word_1_109' title='bbox 1021 1061 1122 1105; x_wconf 88' lang='lat' dir='ltr'>satis</span> <span class='ocrx_word' id='word_1_110' title='bbox 1137 1060 1362 1106; x_wconf 86' lang='lat' dir='ltr'>nolentem</span> <span class='ocrx_word' id='word_1_111' title='bbox 1376 1076 1545 1121; x_wconf 88' lang='lat' dir='ltr'>cogere.</span> <span class='ocrx_word' id='word_1_112' title='bbox 1566 1063 1609 1108; x_wconf 91' lang='lat' dir='ltr'>Si</span> <span class='ocrx_word' id='word_1_113' title='bbox 1623 1078 1727 1108; x_wconf 90' lang='lat' dir='ltr'>vero</span> 
     </span>
     <span class='ocr_line' id='line_1_14' title="bbox 336 1131 1728 1192; baseline 0 -14"><span class='ocrx_word' id='word_1_114' title='bbox 336 1133 480 1178; x_wconf 86' lang='lat' dir='ltr'>favere</span> <span class='ocrx_word' id='word_1_115' title='bbox 502 1132 606 1177; x_wconf 90' lang='lat' dir='ltr'>huic</span> <span class='ocrx_word' id='word_1_116' title='bbox 628 1146 808 1192; x_wconf 89' lang='lat' dir='ltr'>quoque</span> <span class='ocrx_word' id='word_1_117' title='bbox 824 1131 1049 1191; x_wconf 88' lang='lat' dir='ltr'>proposito</span> <span class='ocrx_word' id='word_1_118' title='bbox 1066 1140 1109 1175; x_wconf 92' lang='lat' dir='ltr'>et</span> <span class='ocrx_word' id='word_1_119' title='bbox 1130 1146 1221 1176; x_wconf 93' lang='lat' dir='ltr'>non</span> <span class='ocrx_word' id='word_1_120' title='bbox 1242 1131 1448 1177; x_wconf 89' lang='lat' dir='ltr'>reluctari</span> <span class='ocrx_word' id='word_1_121' title='bbox 1466 1132 1658 1189; x_wconf 85' lang='lat' dir='ltr'>volenti,</span> <span class='ocrx_word' id='word_1_122' title='bbox 1683 1132 1728 1178; x_wconf 92' lang='lat' dir='ltr'>id</span> 
     </span>
     <span class='ocr_line' id='line_1_15' title="bbox 332 1202 1728 1267; baseline 0 -17"><span class='ocrx_word' id='word_1_123' title='bbox 332 1220 512 1267; x_wconf 87' lang='lat' dir='ltr'>quoque</span> <span class='ocrx_word' id='word_1_124' title='bbox 530 1204 776 1250; x_wconf 87' lang='lat' dir='ltr'>doctrinam</span> <span class='ocrx_word' id='word_1_125' title='bbox 793 1203 957 1263; x_wconf 89' lang='lat' dir='ltr'>putatis</span> <span class='ocrx_word' id='word_1_126' title='bbox 978 1217 1067 1248; x_wconf 89' lang='lat' dir='ltr'>esse</span> <span class='ocrx_word' id='word_1_127' title='bbox 1089 1202 1410 1248; x_wconf 88' lang='lat' dir='ltr'>daemoniorum</span> <span class='ocrx_word' id='word_1_128' title='bbox 1427 1238 1438 1260; x_wconf 82' lang='grc'><strong>,</strong></span> <span class='ocrx_word' id='word_1_129' title='bbox 1463 1213 1587 1250; x_wconf 89' lang='lat' dir='ltr'>taceo</span> <span class='ocrx_word' id='word_1_130' title='bbox 1609 1220 1728 1250; x_wconf 89' lang='lat' dir='ltr'>nunc</span> 
     </span>
     <span class='ocr_line' id='line_1_16' title="bbox 333 1274 1729 1336; baseline -0.001 -13"><span class='ocrx_word' id='word_1_131' title='bbox 333 1287 526 1324; x_wconf 86' lang='lat' dir='ltr'>vestrum</span> <span class='ocrx_word' id='word_1_132' title='bbox 548 1275 818 1336; x_wconf 87' lang='lat' dir='ltr'>periculum,</span> <span class='ocrx_word' id='word_1_133' title='bbox 842 1275 923 1334; x_wconf 90' lang='lat' dir='ltr'>ipsi</span> <span class='ocrx_word' id='word_1_134' title='bbox 940 1275 1029 1334; x_wconf 87' lang='lat' dir='ltr'>jam</span> <span class='ocrx_word' id='word_1_135' title='bbox 1054 1274 1183 1319; x_wconf 87' lang='lat' dir='ltr'>timeo</span> <span class='ocrx_word' id='word_1_136' title='bbox 1206 1274 1417 1335; x_wconf 87' lang='lat' dir='ltr'>Apostolo</span> <span class='ocrx_word' id='word_1_137' title='bbox 1434 1310 1446 1331; x_wconf 88' lang='lat'>,</span> <span class='ocrx_word' id='word_1_138' title='bbox 1477 1290 1534 1320; x_wconf 91' lang='lat' dir='ltr'>ne</span> <span class='ocrx_word' id='word_1_139' title='bbox 1560 1276 1729 1321; x_wconf 85' lang='lat' dir='ltr'>daemo-</span> 
     </span>
     <span class='ocr_line' id='line_1_17' title="bbox 334 1344 1727 1402; baseline -0.001 -8"><span class='ocrx_word' id='word_1_140' title='bbox 334 1350 509 1394; x_wconf 87' lang='lat' dir='ltr'>niorum</span> <span class='ocrx_word' id='word_1_141' title='bbox 531 1347 775 1393; x_wconf 89' lang='lat' dir='ltr'>doctrinam</span> <span class='ocrx_word' id='word_1_142' title='bbox 795 1345 994 1391; x_wconf 87' lang='lat' dir='ltr'>intulisse</span> <span class='ocrx_word' id='word_1_143' title='bbox 1016 1354 1123 1390; x_wconf 90' lang='lat' dir='ltr'>tunc</span> <span class='ocrx_word' id='word_1_144' title='bbox 1145 1345 1345 1390; x_wconf 89' lang='lat' dir='ltr'>Iconium</span> <span class='ocrx_word' id='word_1_145' title='bbox 1365 1344 1567 1391; x_wconf 89' lang='lat' dir='ltr'>videatur</span> <span class='ocrx_word' id='word_1_146' title='bbox 1581 1380 1595 1402; x_wconf 93' lang='lat'>,</span> <span class='ocrx_word' id='word_1_147' title='bbox 1626 1362 1727 1392; x_wconf 91' lang='lat' dir='ltr'>cum</span> 
     </span>
     <span class='ocr_line' id='line_1_18' title="bbox 336 1416 1731 1480; baseline -0.003 -14"><span class='ocrx_word' id='word_1_148' title='bbox 336 1420 543 1466; x_wconf 88' lang='lat' dir='ltr'>Theclam</span> <span class='ocrx_word' id='word_1_149' title='bbox 564 1419 893 1480; x_wconf 82' lang='lat' dir='ltr'>oppigneratam</span> <span class='ocrx_word' id='word_1_150' title='bbox 905 1419 997 1476; x_wconf 89' lang='lat' dir='ltr'>jam</span> <span class='ocrx_word' id='word_1_151' title='bbox 1018 1416 1228 1472; x_wconf 86' lang='lat' dir='ltr'>thalamo,</span> <span class='ocrx_word' id='word_1_152' title='bbox 1248 1418 1295 1460; x_wconf 92' lang='lat' dir='ltr'>in</span> <span class='ocrx_word' id='word_1_153' title='bbox 1317 1432 1510 1462; x_wconf 89' lang='lat' dir='ltr'>amorem</span> <span class='ocrx_word' id='word_1_154' title='bbox 1529 1433 1731 1464; x_wconf 90' lang='lat' dir='ltr'>sermone</span> 
     </span>
     <span class='ocr_line' id='line_1_19' title="bbox 335 1486 1732 1551; baseline -0.002 -14"><span class='ocrx_word' id='word_1_155' title='bbox 335 1508 415 1537; x_wconf 90' lang='lat' dir='ltr'>suo</span> <span class='ocrx_word' id='word_1_156' title='bbox 436 1499 660 1551; x_wconf 75' lang='lat' dir='ltr'>perpetuae</span> <span class='ocrx_word' id='word_1_157' title='bbox 682 1488 940 1548; x_wconf 85' lang='lat' dir='ltr'>virginitatis</span> <span class='ocrx_word' id='word_1_158' title='bbox 961 1486 1170 1531; x_wconf 89' lang='lat' dir='ltr'>incendit.</span> <span class='ocrx_word' id='word_1_159' title='bbox 1193 1487 1307 1540; x_wconf 88' lang='lat' dir='ltr'>Quid</span> <span class='ocrx_word' id='word_1_160' title='bbox 1322 1503 1424 1533; x_wconf 89' lang='lat' dir='ltr'>vero</span> <span class='ocrx_word' id='word_1_161' title='bbox 1442 1490 1555 1533; x_wconf 91' lang='lat' dir='ltr'>etde</span> <span class='ocrx_word' id='word_1_162' title='bbox 1570 1490 1732 1549; x_wconf 86' lang='lat' dir='ltr'>magis—</span> 
     </span>
     <span class='ocr_line' id='line_1_20' title="bbox 337 1559 1732 1623; baseline -0.001 -15"><span class='ocrx_word' id='word_1_163' title='bbox 337 1573 404 1609; x_wconf 89' lang='lat' dir='ltr'>tro</span> <span class='ocrx_word' id='word_1_164' title='bbox 425 1563 519 1623; x_wconf 91' lang='lat' dir='ltr'>ipso</span> <span class='ocrx_word' id='word_1_165' title='bbox 542 1562 761 1616; x_wconf 81' lang='lat' dir='ltr'>dicemus,</span> <span class='ocrx_word' id='word_1_166' title='bbox 787 1575 837 1605; x_wconf 91' lang='lat' dir='ltr'>ac</span> <span class='ocrx_word' id='word_1_167' title='bbox 865 1559 1140 1604; x_wconf 88' lang='lat' dir='ltr'>sanctimonii</span> <span class='ocrx_word' id='word_1_168' title='bbox 1164 1559 1298 1604; x_wconf 90' lang='lat' dir='ltr'>totius</span> <span class='ocrx_word' id='word_1_169' title='bbox 1327 1568 1504 1605; x_wconf 87' lang='lat' dir='ltr'>auctore</span> <span class='ocrx_word' id='word_1_170' title='bbox 1537 1563 1663 1617; x_wconf 89' lang='lat' dir='ltr'>Jesu,</span> <span class='ocrx_word' id='word_1_171' title='bbox 1688 1571 1732 1607; x_wconf 91' lang='lat' dir='ltr'>et</span> 
     </span>
     <span class='ocr_line' id='line_1_21' title="bbox 335 1628 1731 1694; baseline -0.003 -14"><span class='ocrx_word' id='word_1_172' title='bbox 335 1636 467 1694; x_wconf 82' lang='lat' dir='ltr'>hujus</span> <span class='ocrx_word' id='word_1_173' title='bbox 483 1634 615 1693; x_wconf 89' lang='lat' dir='ltr'>ipsius</span> <span class='ocrx_word' id='word_1_174' title='bbox 637 1630 917 1692; x_wconf 89' lang='lat' dir='ltr'>professionis</span> <span class='ocrx_word' id='word_1_175' title='bbox 938 1629 1185 1689; x_wconf 87' lang='lat' dir='ltr'>puellarum</span> <span class='ocrx_word' id='word_1_176' title='bbox 1206 1628 1358 1674; x_wconf 86' lang='lat' dir='ltr'>caelibe</span> <span class='ocrx_word' id='word_1_177' title='bbox 1380 1645 1562 1691; x_wconf 92' lang='lat' dir='ltr'>sponso,</span> <span class='ocrx_word' id='word_1_178' title='bbox 1589 1633 1667 1692; x_wconf 89' lang='lat' dir='ltr'>qui</span> <span class='ocrx_word' id='word_1_179' title='bbox 1687 1633 1731 1677; x_wconf 92' lang='lat' dir='ltr'>in</span> 
     </span>
     <span class='ocr_line' id='line_1_22' title="bbox 337 1702 1729 1765; baseline -0.002 -14"><span class='ocrx_word' id='word_1_180' title='bbox 337 1705 576 1765; x_wconf 83' lang='lat' dir='ltr'>Evangelio</span> <span class='ocrx_word' id='word_1_181' title='bbox 597 1705 680 1749; x_wconf 90' lang='lat' dir='ltr'>tria</span> <span class='ocrx_word' id='word_1_182' title='bbox 702 1718 857 1763; x_wconf 86' lang='lat' dir='ltr'>genera</span> <span class='ocrx_word' id='word_1_183' title='bbox 883 1711 1033 1747; x_wconf 82' lang='lat' dir='ltr'>taxans</span> <span class='ocrx_word' id='word_1_184' title='bbox 1049 1702 1335 1762; x_wconf 86' lang='lat' dir='ltr'>spadonum1,</span> <span class='ocrx_word' id='word_1_185' title='bbox 1360 1717 1500 1747; x_wconf 92' lang='lat' dir='ltr'>unum</span> <span class='ocrx_word' id='word_1_186' title='bbox 1514 1704 1729 1760; x_wconf 83' lang='lat' dir='ltr'>nativum,</span> 
     </span>
     <span class='ocr_line' id='line_1_23' title="bbox 337 1772 1731 1835; baseline -0.002 -12"><span class='ocrx_word' id='word_1_187' title='bbox 337 1778 524 1823; x_wconf 87' lang='lat' dir='ltr'>alterum</span> <span class='ocrx_word' id='word_1_188' title='bbox 538 1776 771 1831; x_wconf 84' lang='lat' dir='ltr'>factitium,</span> <span class='ocrx_word' id='word_1_189' title='bbox 787 1774 967 1819; x_wconf 89' lang='lat' dir='ltr'>tertium</span> <span class='ocrx_word' id='word_1_190' title='bbox 977 1772 1292 1829; x_wconf 88' lang='lat' dir='ltr'>voluntarium,</span> <span class='ocrx_word' id='word_1_191' title='bbox 1309 1773 1368 1819; x_wconf 91' lang='lat' dir='ltr'>eis</span> <span class='ocrx_word' id='word_1_192' title='bbox 1379 1782 1529 1819; x_wconf 88' lang='lat' dir='ltr'>tamen</span> <span class='ocrx_word' id='word_1_193' title='bbox 1543 1774 1731 1835; x_wconf 88' lang='lat' dir='ltr'>palmam</span> 
     </span>
     <span class='ocr_line' id='line_1_24' title="bbox 338 1844 1734 1907; baseline -0.003 -13"><span class='ocrx_word' id='word_1_194' title='bbox 338 1848 541 1894; x_wconf 88' lang='lat' dir='ltr'>attribuit</span> <span class='ocrx_word' id='word_1_195' title='bbox 557 1882 568 1903; x_wconf 91' lang='lat'>,</span> <span class='ocrx_word' id='word_1_196' title='bbox 594 1847 673 1907; x_wconf 87' lang='lat' dir='ltr'>qui</span> <span class='ocrx_word' id='word_1_197' title='bbox 694 1861 739 1891; x_wconf 90' lang='lat' dir='ltr'>se</span> <span class='ocrx_word' id='word_1_198' title='bbox 760 1846 891 1906; x_wconf 89' lang='lat' dir='ltr'>ipsos,</span> <span class='ocrx_word' id='word_1_199' title='bbox 917 1844 1077 1905; x_wconf 88' lang='lat' dir='ltr'>inquit,</span> <span class='ocrx_word' id='word_1_200' title='bbox 1103 1844 1319 1903; x_wconf 86' lang='lat' dir='ltr'>spadones</span> <span class='ocrx_word' id='word_1_201' title='bbox 1340 1844 1541 1891; x_wconf 88' lang='lat' dir='ltr'>fecerunt</span> <span class='ocrx_word' id='word_1_202' title='bbox 1555 1855 1734 1906; x_wconf 90' lang='lat' dir='ltr'>propter</span> 
     </span>
     <span class='ocr_line' id='line_1_25' title="bbox 338 1915 1735 1979; baseline -0.001 -15"><span class='ocrx_word' id='word_1_203' title='bbox 338 1934 525 1979; x_wconf 85' lang='lat' dir='ltr'>regnum</span> <span class='ocrx_word' id='word_1_204' title='bbox 546 1917 763 1963; x_wconf 83' lang='lat' dir='ltr'>coelorum</span> <span class='ocrx_word' id='word_1_205' title='bbox 777 1952 789 1973; x_wconf 89' lang='lat'>,</span> <span class='ocrx_word' id='word_1_206' title='bbox 814 1916 1061 1975; x_wconf 85' lang='lat' dir='ltr'>significans</span> <span class='ocrx_word' id='word_1_207' title='bbox 1084 1915 1273 1975; x_wconf 84' lang='lat' dir='ltr'>virgines</span> <span class='ocrx_word' id='word_1_208' title='bbox 1293 1925 1337 1960; x_wconf 91' lang='lat' dir='ltr'>et</span> <span class='ocrx_word' id='word_1_209' title='bbox 1361 1931 1519 1976; x_wconf 90' lang='lat' dir='ltr'>pueros</span> <span class='ocrx_word' id='word_1_210' title='bbox 1551 1918 1628 1977; x_wconf 93' lang='lat' dir='ltr'>qui</span> <span class='ocrx_word' id='word_1_211' title='bbox 1649 1933 1735 1962; x_wconf 87' lang='lat' dir='ltr'>nu·</span> 
     </span>
     <span class='ocr_line' id='line_1_26' title="bbox 339 1984 1734 2050; baseline -0.001 -15"><span class='ocrx_word' id='word_1_212' title='bbox 339 1989 474 2035; x_wconf 89' lang='lat' dir='ltr'>bendi</span> <span class='ocrx_word' id='word_1_213' title='bbox 494 1990 585 2050; x_wconf 91' lang='lat' dir='ltr'>ipsa</span> <span class='ocrx_word' id='word_1_214' title='bbox 606 2005 630 2034; x_wconf 93' lang='lat' dir='ltr'>a</span> <span class='ocrx_word' id='word_1_215' title='bbox 657 1988 866 2034; x_wconf 89' lang='lat' dir='ltr'>cordibus</span> <span class='ocrx_word' id='word_1_216' title='bbox 888 1987 977 2032; x_wconf 91' lang='lat' dir='ltr'>suis</span> <span class='ocrx_word' id='word_1_217' title='bbox 1005 1994 1173 2031; x_wconf 86' lang='lat' dir='ltr'>exsecta</span> <span class='ocrx_word' id='word_1_218' title='bbox 1195 1984 1461 2046; x_wconf 87' lang='lat' dir='ltr'>cupiditate,</span> <span class='ocrx_word' id='word_1_219' title='bbox 1489 1987 1734 2048; x_wconf 90' lang='lat' dir='ltr'>spadonum</span> 
     </span>
     <span class='ocr_line' id='line_1_27' title="bbox 339 2057 1736 2121; baseline -0.001 -14"><span class='ocrx_word' id='word_1_220' title='bbox 339 2062 434 2107; x_wconf 90' lang='lat' dir='ltr'>vice</span> <span class='ocrx_word' id='word_1_221' title='bbox 450 2061 497 2106; x_wconf 92' lang='lat' dir='ltr'>in</span> <span class='ocrx_word' id='word_1_222' title='bbox 516 2061 608 2121; x_wconf 87' lang='lat' dir='ltr'>ejus</span> <span class='ocrx_word' id='word_1_223' title='bbox 629 2059 823 2105; x_wconf 89' lang='lat' dir='ltr'>Ecclesia</span> <span class='ocrx_word' id='word_1_224' title='bbox 851 2073 1037 2119; x_wconf 86' lang='lat' dir='ltr'>semper,</span> <span class='ocrx_word' id='word_1_225' title='bbox 1062 2068 1275 2119; x_wconf 91' lang='lat' dir='ltr'>tanquam</span> <span class='ocrx_word' id='word_1_226' title='bbox 1292 2059 1340 2103; x_wconf 93' lang='lat' dir='ltr'>in</span> <span class='ocrx_word' id='word_1_227' title='bbox 1356 2057 1491 2105; x_wconf 91' lang='lat' dir='ltr'>domo</span> <span class='ocrx_word' id='word_1_228' title='bbox 1508 2058 1624 2119; x_wconf 87' lang='lat' dir='ltr'>regia</span> <span class='ocrx_word' id='word_1_229' title='bbox 1635 2075 1736 2106; x_wconf 91' lang='lat' dir='ltr'>con-</span> 
     </span>
     <span class='ocr_line' id='line_1_28' title="bbox 338 2128 1737 2190; baseline -0.003 -12"><span class='ocrx_word' id='word_1_230' title='bbox 338 2140 582 2178; x_wconf 85' lang='lat' dir='ltr'>versentur.</span> <span class='ocrx_word' id='word_1_231' title='bbox 607 2131 725 2184; x_wconf 89' lang='lat' dir='ltr'>Quid</span> <span class='ocrx_word' id='word_1_232' title='bbox 747 2145 851 2190; x_wconf 85' lang='lat' dir='ltr'>ergo</span> <span class='ocrx_word' id='word_1_233' title='bbox 866 2164 878 2185; x_wconf 93' lang='lat'>,</span> <span class='ocrx_word' id='word_1_234' title='bbox 912 2138 956 2174; x_wconf 92' lang='lat' dir='ltr'>et</span> <span class='ocrx_word' id='word_1_235' title='bbox 978 2129 1063 2174; x_wconf 92' lang='lat' dir='ltr'>hoc</span> <span class='ocrx_word' id='word_1_236' title='bbox 1083 2129 1208 2174; x_wconf 92' lang='lat' dir='ltr'>vobis</span> <span class='ocrx_word' id='word_1_237' title='bbox 1230 2128 1429 2174; x_wconf 88' lang='lat' dir='ltr'>doctrina</span> <span class='ocrx_word' id='word_1_238' title='bbox 1452 2130 1626 2175; x_wconf 90' lang='lat' dir='ltr'>videtur</span> <span class='ocrx_word' id='word_1_239' title='bbox 1646 2146 1737 2176; x_wconf 90' lang='lat' dir='ltr'>esse</span> 
     </span>
     <span class='ocr_line' id='line_1_29' title="bbox 339 2199 1736 2262; baseline -0.001 -15"><span class='ocrx_word' id='word_1_240' title='bbox 339 2202 687 2258; x_wconf 86' lang='lat' dir='ltr'>daemoniorum,</span> <span class='ocrx_word' id='word_1_241' title='bbox 717 2210 762 2246; x_wconf 86' lang='lat' dir='ltr'>et</span> <span class='ocrx_word' id='word_1_242' title='bbox 793 2201 840 2245; x_wconf 89' lang='lat' dir='ltr'>in</span> <span class='ocrx_word' id='word_1_243' title='bbox 869 2200 1116 2246; x_wconf 90' lang='lat' dir='ltr'>seductorio</span> <span class='ocrx_word' id='word_1_244' title='bbox 1146 2200 1302 2260; x_wconf 91' lang='lat' dir='ltr'>spiritu</span> <span class='ocrx_word' id='word_1_245' title='bbox 1323 2199 1526 2246; x_wconf 77' lang='lat' dir='ltr'>dictum?</span> <span class='ocrx_word' id='word_1_246' title='bbox 1556 2203 1613 2246; x_wconf 90' lang='lat' dir='ltr'>Et</span> <span class='ocrx_word' id='word_1_247' title='bbox 1640 2202 1736 2262; x_wconf 86' lang='lat' dir='ltr'>quis</span> 
     </span>
     <span class='ocr_line' id='line_1_30' title="bbox 340 2271 1736 2333; baseline -0.001 -14"><span class='ocrx_word' id='word_1_248' title='bbox 340 2275 422 2319; x_wconf 88' lang='lat' dir='ltr'>erit</span> <span class='ocrx_word' id='word_1_249' title='bbox 443 2273 552 2319; x_wconf 89' lang='lat' dir='ltr'>alius</span> <span class='ocrx_word' id='word_1_250' title='bbox 573 2274 619 2318; x_wconf 90' lang='lat' dir='ltr'>in</span> <span class='ocrx_word' id='word_1_251' title='bbox 640 2276 731 2318; x_wconf 90' lang='lat' dir='ltr'>Deo</span> <span class='ocrx_word' id='word_1_252' title='bbox 750 2271 953 2333; x_wconf 89' lang='lat' dir='ltr'>loquens,</span> <span class='ocrx_word' id='word_1_253' title='bbox 978 2273 1013 2316; x_wconf 91' lang='lat' dir='ltr'>si</span> <span class='ocrx_word' id='word_1_254' title='bbox 1035 2271 1196 2317; x_wconf 89' lang='lat' dir='ltr'>Paulus</span> <span class='ocrx_word' id='word_1_255' title='bbox 1210 2281 1255 2317; x_wconf 91' lang='lat' dir='ltr'>et</span> <span class='ocrx_word' id='word_1_256' title='bbox 1270 2272 1471 2318; x_wconf 90' lang='lat' dir='ltr'>Christus</span> <span class='ocrx_word' id='word_1_257' title='bbox 1493 2273 1736 2318; x_wconf 83' lang='lat' dir='ltr'>daemonio—</span> 
     </span>
     <span class='ocr_line' id='line_1_31' title="bbox 340 2341 1738 2404; baseline -0.001 -15"><span class='ocrx_word' id='word_1_258' title='bbox 340 2360 439 2389; x_wconf 86' lang='lat' dir='ltr'>rum</span> <span class='ocrx_word' id='word_1_259' title='bbox 477 2345 723 2404; x_wconf 87' lang='lat' dir='ltr'>probantur</span> <span class='ocrx_word' id='word_1_260' title='bbox 759 2342 890 2388; x_wconf 78' lang='lat' dir='ltr'>fuisse</span> <span class='ocrx_word' id='word_1_261' title='bbox 921 2341 1163 2388; x_wconf 88' lang='lat' dir='ltr'>sacerdotes</span> <span class='ocrx_word' id='word_1_262' title='bbox 1187 2345 1205 2385; x_wconf 75' lang='lat'>‘3</span> <span class='ocrx_word' id='word_1_263' title='bbox 1238 2343 1369 2389; x_wconf 89' lang='lat' dir='ltr'>Mitto</span> <span class='ocrx_word' id='word_1_264' title='bbox 1404 2344 1522 2387; x_wconf 90' lang='lat' dir='ltr'>enim</span> <span class='ocrx_word' id='word_1_265' title='bbox 1558 2352 1738 2388; x_wconf 83' lang='lat' dir='ltr'>caeteros</span> 
     </span>
     <span class='ocr_line' id='line_1_32' title="bbox 342 2413 1735 2476; baseline -0.001 -15"><span class='ocrx_word' id='word_1_266' title='bbox 342 2415 536 2476; x_wconf 82' lang='lat' dir='ltr'>ejusdem</span> <span class='ocrx_word' id='word_1_267' title='bbox 559 2415 732 2460; x_wconf 91' lang='lat' dir='ltr'>Domini</span> <span class='ocrx_word' id='word_1_268' title='bbox 758 2414 895 2460; x_wconf 92' lang='lat' dir='ltr'>nostri</span> <span class='ocrx_word' id='word_1_269' title='bbox 922 2413 1175 2474; x_wconf 86' lang='lat' dir='ltr'>Apostolos,</span> <span class='ocrx_word' id='word_1_270' title='bbox 1215 2417 1394 2459; x_wconf 89' lang='lat' dir='ltr'>Petrum</span> <span class='ocrx_word' id='word_1_271' title='bbox 1423 2423 1469 2459; x_wconf 90' lang='lat' dir='ltr'>et</span> <span class='ocrx_word' id='word_1_272' title='bbox 1492 2414 1735 2471; x_wconf 82' lang='lat' dir='ltr'>Andream,</span> 
     </span>
     <span class='ocr_line' id='line_1_33' title="bbox 345 2486 1737 2546; baseline -0.001 -13"><span class='ocrx_word' id='word_1_273' title='bbox 345 2488 559 2533; x_wconf 90' lang='lat' dir='ltr'>Thomam</span> <span class='ocrx_word' id='word_1_274' title='bbox 585 2496 628 2532; x_wconf 89' lang='lat' dir='ltr'>et</span> <span class='ocrx_word' id='word_1_275' title='bbox 648 2486 775 2533; x_wconf 90' lang='lat' dir='ltr'>illum</span> <span class='ocrx_word' id='word_1_276' title='bbox 794 2487 1064 2546; x_wconf 86' lang='lat' dir='ltr'>inexpertem</span> <span class='ocrx_word' id='word_1_277' title='bbox 1089 2486 1267 2532; x_wconf 87' lang='lat' dir='ltr'>Veneris</span> <span class='ocrx_word' id='word_1_278' title='bbox 1293 2487 1405 2532; x_wconf 89' lang='lat' dir='ltr'>inter</span> <span class='ocrx_word' id='word_1_279' title='bbox 1433 2494 1609 2533; x_wconf 83' lang='lat' dir='ltr'>caeteros</span> <span class='ocrx_word' id='word_1_280' title='bbox 1631 2488 1737 2532; x_wconf 89' lang='lat' dir='ltr'>bea-</span> 
     </span>
     <span class='ocr_line' id='line_1_34' title="bbox 398 2573 697 2614; baseline -0.007 -7"><span class='ocrx_word' id='word_1_281' title='bbox 398 2581 406 2598; x_wconf 87' lang='lat'><em>¹</em></span> <span class='ocrx_word' id='word_1_282' title='bbox 424 2573 540 2607; x_wconf 87' lang='lat' dir='ltr'>Matth.</span> <span class='ocrx_word' id='word_1_283' title='bbox 556 2583 624 2614; x_wconf 80' lang='lat' dir='ltr'>xix,</span> <span class='ocrx_word' id='word_1_284' title='bbox 645 2581 697 2606; x_wconf 84' lang='lat'>12.</span> 
     </span>
    </p>
   </div>
  </div>
 </body>
</html>
