1803 3250
344 159 426 199 224
763 169 796 198 s.
833 168 1062 199 Auousnm
1096 173 1275 201 Emscom

398 241 510 281 Aue.
546 234 682 280 dixit:
707 238 837 281 Istam
853 238 1248 296 tergiversationem
1266 249 1388 286 tanto
1401 241 1570 288 dierum
1589 246 1729 305 spatio

337 306 601 365 excogitasti,
636 322 736 366 quae
770 316 812 352 te
845 309 889 353 in
923 324 1051 354 causa
1079 310 1246 369 perdita
1277 320 1320 356 et
1350 327 1495 358 errore
1522 316 1728 375 sacrilego

335 376 444 436 quid
484 378 744 437 respondeas
773 395 860 424 non
893 381 1128 425 habentem
1161 381 1366 442 adjuvare
1403 385 1512 429 nihil
1549 389 1720 446 poterit.

335 450 497 493 Notum
530 458 593 493 cst
625 449 740 494 enim
774 451 977 497 omnibus
1001 454 1076 512 qui
1099 453 1295 510 aderant,
1321 471 1430 516 quos
1455 457 1584 501 etiam
1608 474 1726 505 nunc

334 517 479 563 adesse
506 519 650 576 video,
687 531 729 566 te
759 522 928 566 dierum
952 532 1120 568 tantum
1145 524 1397 570 dilationem
1422 528 1622 586 petiisse:
1646 529 1726 574 de-

333 588 475 634 buisse
511 600 658 636 autem
697 602 843 652 petere
881 593 1010 638 etiam
1045 594 1230 648 codices,
1267 596 1444 656 quando
1469 598 1723 644 dilationem

331 662 513 722 petiisti,
533 664 567 708 si
582 664 648 708 his
675 673 715 709 te
737 665 921 724 putabas
941 667 1091 710 instrui
1113 683 1235 727 posse
1257 667 1311 712 ad
1336 670 1719 730 respondendum3

330 734 452 794 quod
474 751 562 780 non
582 736 732 781 fecisti.
755 738 862 781 Novi
894 748 933 781 tc
962 738 1130 796 petiisse
1148 739 1334 793 codices,
1357 756 1444 784 non
1467 741 1645 801 quidem
1669 744 1724 788 ad

330 806 660 853 instructionem
687 808 994 868 inspiciendOS,
1029 825 1179 853 verum
1209 811 1291 856 hoc
1325 810 1455 871 longe
1488 823 1723 875 antequam

328 888 494 938 peteres
513 879 791 925 dilationem:
815 895 915 925 cum
931 896 1033 925 vero
1051 880 1304 927 dilationem
1325 884 1499 942 petiisti,
1521 885 1725 931 codicum

327 949 406 994 tibi
421 949 743 994 reddendorum
758 950 1199 1009 etinspiciendorum,
1213 963 1261 998 ut
1275 969 1364 998 esse
1377 970 1522 1014 posses
1537 955 1723 1002 instruc-

326 1022 426 1078 tior,
448 1020 613 1067 nullam
633 1021 769 1068 fecisti
787 1024 1072 1069 mentionem.

387 1095 493 1138 Fax.
528 1094 636 1138 dixit
658 1111 670 1138 .·
694 1113 715 1136 «
738 1093 872 1140 Modo
899 1105 1000 1155 peto
1030 1094 1216 1150 codices,
1247 1095 1488 1140 reddantur
1518 1097 1642 1153 mihi,
1679 1108 1723 1144 et

325 1165 450 1210 venio
472 1165 528 1210 ad
550 1174 771 1210 certamen
795 1175 893 1226 post
918 1165 1121 1222 biduum,
1147 1176 1190 1211 et
1211 1167 1245 1212 si
1267 1167 1406 1213 victus
1428 1167 1571 1227 fuero,
1601 1170 1723 1229 quod

325 1235 649 1292 deliberaveris,
669 1237 821 1282 subeo.
839 1255 858 1279 »

385 1310 498 1353 Aue.
525 1307 657 1353 dixit:
686 1307 857 1352 Rudem
882 1317 923 1352 te
954 1308 999 1352 in
1022 1309 1102 1353 ista
1131 1309 1336 1354 scelerata
1371 1319 1485 1354 secta
1514 1325 1602 1354 non
1633 1326 1722 1356 esse

326 1389 450 1439 puto,
471 1380 593 1440 quod
610 1390 653 1425 et
673 1381 836 1425 fateris.
859 1383 956 1425 Non
981 1390 1022 1425 te
1044 1389 1188 1424 autem
1211 1381 1373 1425 habere
1395 1381 1515 1442 quod
1540 1398 1720 1442 respon-

324 1451 442 1507 deas,
469 1453 547 1496 etsi
578 1461 626 1496 tu
663 1468 752 1497 non
782 1450 967 1507 fatearis,
1004 1452 1144 1496 omnis
1176 1453 1307 1497 homo
1340 1454 1431 1513 jam
1462 1455 1593 1499 videt.
1637 1455 1723 1500 Sed

324 1524 424 1583 quia
448 1524 619 1568 codices
642 1533 740 1568 tuos
764 1524 935 1583 repetis,
969 1524 1045 1584 qui
1076 1523 1159 1568 sub
1188 1523 1330 1582 sigillo
1358 1525 1537 1584 publico
1572 1536 1722 1571 custo-

322 1594 523 1650 diuntur,
548 1595 708 1656 quibus
730 1595 932 1655 inspectis
952 1594 1059 1639 dicis
1083 1603 1124 1639 te
1145 1595 1409 1640 instructum
1433 1598 1581 1640 venire
1597 1613 1720 1656 posse

323 1676 421 1726 post
441 1667 651 1724 biduum,
676 1666 787 1711 illud
804 1666 924 1727 quod
943 1667 1032 1726 jam
1057 1676 1241 1722 constat,
1263 1666 1442 1726 objectis
1463 1668 1718 1728 quaestioni-

323 1737 406 1784 bus
428 1748 472 1783 te
495 1737 755 1799 respondere
768 1753 854 1783 non
873 1739 1063 1797 potuisse
1077 1738 1233 1783 recole.
1253 1738 1373 1784 Tolle
1387 1749 1531 1784 autem
1551 1739 1721 1785 codices

324 1818 437 1865 tuos,
458 1819 502 1855 et
515 1810 585 1855 dic
602 1809 711 1871 quid
729 1809 831 1854 inde
853 1809 958 1853 velis
974 1809 1055 1853 tibi
1076 1808 1276 1869 proferri,
1295 1809 1416 1870 quod
1434 1811 1566 1856 modo
1581 1812 1719 1871 inspi-

322 1881 426 1935 cias,
448 1891 491 1926 et
507 1879 784 1940 respondeas.

382 1956 487 1998 Fu.
514 1953 622 1998 dixit
641 1972 650 1998 :
671 1972 688 1994 «
707 1953 868 1997 Omnes
891 1953 1125 2011 scripturas
1146 1968 1245 2012 quae
1263 1953 1371 1996 mihi
1393 1953 1576 1997 sublatae
1596 1963 1713 1998 sunt.

326 2028 410 2070 Ista
432 2025 549 2070 enim
570 2023 750 2085 epistola
770 2022 1067 2068 Fundamenti
1090 2033 1168 2077 est,
1195 2024 1317 2084 quod
1337 2033 1378 2068 et
1397 2025 1607 2069 Sanctitas
1627 2028 1719 2070 Tua

322 2098 436 2142 bene
469 2098 564 2151 scit,
603 2095 724 2156 quod
753 2105 795 2140 et
825 2110 904 2153 ego
926 2095 1029 2150 dixi,
1060 2096 1164 2154 quia
1192 2096 1282 2155 ipsa
1305 2097 1502 2141 continet
1523 2097 1714 2153 initium,

323 2168 518 2214 medium
540 2178 584 2214 et
605 2169 752 2213 finem.
782 2171 877 2227 Ipsa
898 2166 1082 2225 legatur,
1111 2177 1154 2212 et
1175 2167 1391 2229 quidquid
1415 2169 1579 2212 malum
1602 2168 1718 2229 obji-

321 2242 434 2285 citur
449 2240 533 2300 legi
548 2255 673 2295 meae,
694 2239 905 2300 probetur
922 2257 931 2283 2
952 2247 995 2282 et
1012 2254 1124 2297 nego
1144 2237 1280 2294 illam,
1302 2239 1336 2282 si
1354 2238 1536 2297 probata
1553 2239 1718 2285 fuerint

322 2310 393 2355 illa
413 2312 609 2365 crimina,
629 2325 730 2371 quae
746 2309 1017 2370 objiciuntur
1034 2307 1118 2367 legi
1133 2324 1257 2353 meae.
1278 2328 1297 2350 »

381 2387 494 2429 Am.
531 2382 663 2428 dixit:
689 2381 905 2436 Quoniam
938 2378 1081 2424 fateris
1107 2379 1218 2423 banc
1249 2395 1339 2424 esse
1367 2379 1610 2436 epistolam,
1642 2381 1717 2426 ubi

321 2454 531 2500 doctrinae
553 2464 706 2499 vestrae
730 2453 919 2506 initium,
944 2452 1135 2495 medium
1161 2460 1203 2496 et
1225 2451 1321 2496 sinis
1341 2452 1605 2506 continetur,
1632 2453 1714 2498 hoc

322 2525 495 2572 initium
520 2541 654 2586 quam
681 2528 736 2571 sit
762 2522 1045 2583 sacrilegum,
1071 2523 1148 2567 ubi
1174 2526 1312 2568 Deum
1335 2523 1474 2568 dicitis
1499 2540 1712 2584 pugnasse
