1803 3250
432 224 591 254 CONTRA
626 223 841 262 FAUSTUM,
877 225 963 252 Llss.
1001 226 1110 251 xxii.
1386 213 1469 251 109

81 291 295 350 objiciunt
317 291 435 351 quod
454 291 568 336 bella
597 290 797 350 gesserit,
818 290 863 334 in
885 291 1045 350 quibus
1066 305 1234 349 semper
1256 304 1356 334 cum
1382 290 1470 335 suis

80 361 283 406 omnibus
305 362 443 408 victor
477 363 532 406 de
553 361 753 406 hostibus
775 360 1084 420 triumphavit,
1116 360 1189 421 qui
1215 360 1374 420 captivi
1399 359 1470 404 vel

80 429 263 491 c'aptivae
284 435 434 490 Moyse
456 431 761 489 belligerante,
782 431 836 475 de
858 430 1023 490 populo
1047 429 1178 474 lsrael
1192 430 1291 475 duci
1313 439 1471 490 potue-

80 511 183 546 runt
208 522 216 546 ;
247 504 364 563 quod
389 512 432 547 et
458 503 565 547 deus
596 512 737 548 vester
769 504 803 547 si
832 502 1066 561 potuisset,
1099 501 1252 560 utique
1283 500 1466 547 fecisset.

78 575 172 617 Hoc
187 588 289 632 ergo
310 588 400 618 non
418 582 481 617 est
503 572 639 617 malos
656 587 836 631 arguere
850 607 861 628 ‚
879 571 955 616 sed
977 571 1241 617 felicioribus
1257 572 1465 617 invidere.

77 644 187 696 Quae
221 652 366 687 autem
400 642 632 687 crudelitas
667 643 834 701 Moysi,
874 643 996 702 quod
1034 643 1079 686 in
1115 641 1328 702 populum
1350 678 1361 698 ,
1392 643 1470 703 qui

78 714 264 771 graviter
296 714 342 757 in
385 717 523 758 Deum
561 723 837 774 peccaverat,
863 713 1007 773 gladio
1038 713 1306 759 vindicavit?
1337 715 1472 774 Cujus

83 792 227 828 tamen
247 785 415 844 peccati
434 785 629 841 veniam,
654 801 698 830 se
719 801 799 845 pro
818 783 902 829 illis
931 785 1061 829 etiam
1085 784 1245 830 divinae
1267 784 1472 829 vindictae

80 855 267 898 offerens
282 890 292 910 ‚
318 854 575 914 deprecatus
603 866 681 901 est.
704 859 1018 900 Verumtamen
1041 856 1075 900 si
1097 865 1140 900 et
1161 856 1246 900 hoc
1277 871 1366 900 non
1388 855 1472 899 mi—

76 924 350 970 sericorditer
365 961 375 981 ‚
403 925 479 971 sed
501 926 738 971 crudeliter
760 926 959 981 fecisset,
981 926 1111 971 etiam
1141 927 1201 971 sic
1219 925 1370 970 melior
1388 925 1478 970 decr

77 1004 220 1040 vestro
233 1006 357 1041 esset.
377 999 529 1057 Neque
547 998 664 1041 enim
686 1013 955 1057 quemquam
972 1013 1151 1042 suorum
1170 997 1474 1042 innocentium

76 1074 120 1110 et
143 1066 442 1110 obedientium
457 1101 468 1120 ,
487 1068 520 1110 si
544 1067 598 1110 ad
616 1067 749 1112 hostis
771 1083 963 1112 cuneum
980 1067 1346 1127 disrumpendum
1368 1067 1476 1112 mis«

77 1151 148 1180 sus
166 1136 315 1180 fuisset
329 1145 372 1180 et
383 1136 641 1195 captivatus,
657 1136 749 1181 ullo
768 1139 901 1182 modo
923 1153 1023 1181 eum
1049 1147 1213 1197 postea,
1231 1138 1265 1182 si
1284 1138 1471 1192 vicisset,

76 1209 168 1266 ipse
191 1207 421 1252 damnaret
446 1226 455 1251 ;
476 1207 598 1267 quod
621 1206 815 1252 facturus
838 1217 902 1253 est
924 1208 1032 1253 deus
1053 1208 1133 1253 iste
1156 1209 1211 1252 de
1234 1224 1310 1252 sua
1333 1217 1472 1267 parte,

76 1293 208 1338 quarn
228 1278 419 1337 configet
455 1279 501 1322 in
539 1278 670 1337 globo
686 1314 696 1334 ,
735 1280 838 1339 quia
867 1279 1062 1324 obedivit
1079 1280 1275 1339 jubenti,
1301 1280 1404 1339 quia
1429 1281 1475 1324 in

78 1350 255 1395 hostiles
278 1365 440 1395 cuneos
462 1366 541 1410 pro
562 1350 701 1395 salute
730 1351 852 1410 regni
879 1352 970 1411 ejus
992 1351 1215 1410 proposita
1237 1366 1310 1395 sua
1334 1360 1474 1395 morte

76 1421 299 1481 processit.
328 1421 412 1466 Sed
434 1422 479 1465 in
506 1422 587 1466 hac
603 1456 614 1476 ,
635 1421 800 1482 inquit,
831 1422 942 1465 serie
959 1420 1222 1467 saeculorum
1236 1423 1326 1481 jam
1350 1421 1475 1466 malis

77 1483 287 1551 permonita
328 1501 460 1552 atque
497 1500 699 1536 concreta
744 1507 834 1536 non
868 1492 1186 1552 obtemperavit
1227 1493 1472 1552 praeceptis.

77 1567 359 1618 Quaeramus,
386 1578 536 1622 quare.
576 1563 618 1607 Si
640 1563 817 1622 propria
849 1562 1099 1619 voluntate,
1136 1579 1236 1609 vera
1270 1562 1399 1623 culpa
1432 1572 1484 1608 et·-

72 1634 189 1694 justa
203 1650 335 1695 poena
358 1653 367 1679 :
394 1634 468 1678 sed
485 1635 577 1694 jam
593 1634 627 1677 si
648 1634 851 1679 voluntas
868 1643 933 1679 est
947 1650 1041 1689 rea,
1068 1634 1189 1679 nulla
1208 1633 1343 1679 estad
1369 1649 1480 1694 pec-=r

77 1706 269 1750 candum
307 1714 463 1750 natura
497 1705 737 1759 contraria,
764 1714 807 1749 et
834 1704 934 1749 ideo
956 1706 1302 1750 Manichaeorum
1335 1704 1479 1748 omnis-

78 1776 275 1821 convicta
300 1785 364 1820 est
385 1784 428 1820 et
446 1790 589 1821 eversa
613 1775 799 1819 fallacia.
823 1775 867 1820 Si
886 1785 1031 1820 autem
1052 1775 1108 1819 ab
1131 1776 1253 1819 hoste
1272 1789 1477 1834 oppressa

80 1862 170 1907 quo
198 1846 322 1891 missa
346 1855 431 1901 est,
463 1846 496 1890 si
530 1845 672 1890 alieno
695 1844 811 1890 malo
844 1854 1046 1905 superata
1069 1846 1140 1890 cui
1162 1845 1358 1889 resistere
1385 1859 1477 1890 non

80 1917 295 1973 valuerat,
318 1917 468 1978 iniqua
486 1932 617 1976 poena
636 1924 680 1961 et
700 1931 858 1975 magna
876 1915 1127 1961 crudelitas.
1155 1916 1241 1960 Sed
1263 1915 1320 1960 ad
1342 1931 1477 1960 excu-

82 1988 268 2033 sandum
290 1987 511 2048 profertur
525 1987 602 2032 Dei
620 1987 866 2032 necessitas,
891 1986 1041 2031 Talem
1062 1985 1210 2031 colant
1223 1985 1378 2042 deum,
1400 1986 1478 2047 qui

83 2059 241 2104 nolunt
262 2058 404 2104 colere
429 2062 584 2103 Deum.
614 2061 724 2103 Sane
741 2059 864 2119 quod
880 2057 1109 2102 fatendum
1132 2067 1217 2113 est,
1243 2058 1374 2102 etiarn
1396 2058 1479 2117 ipsi¹

82 2130 271 2175 cultores
293 2131 384 2191 ejus
401 2130 633 2190 ,quamvis
658 2129 789 2174 talem
811 2130 944 2174 deum
967 2127 1154 2174 colendo
1176 2130 1263 2173 sint
1284 2129 1477 2189 pessimi,-

83 2200 281 2244 meliores
310 2210 455 2245 tamen
486 2199 561 2244 illo
584 2209 710 2254 sunt,
741 2200 844 2260 quia
872 2199 1025 2244 saltem
1056 2208 1160 2244 sunt
1195 2218 1203 2244 :
1229 2198 1302 2244 ille
1329 2208 1478 2244 autem

83 2270 193 2315 nihil
212 2280 274 2316 est
290 2306 300 2325 ‚
321 2271 402 2314 nisi
420 2271 523 2315 ficto
545 2269 742 2314 falsitatis
762 2280 806 2315 et
820 2270 1026 2329 cogitatio
1049 2269 1263 2315 vanitatis.
1287 2270 1372 2316 Sed
1385 2271 1477 2331 jam

85 2352 240 2388 caetera
263 2342 410 2387 Fausti
427 2351 580 2401 arguta
608 2341 898 2387 deliramenta
918 2341 1158 2388 videamus.
