<?xml version="1.0" encoding="UTF-8"?>
<!DOCTYPE html PUBLIC "-//W3C//DTD XHTML 1.0 Transitional//EN"
    "http://www.w3.org/TR/xhtml1/DTD/xhtml1-transitional.dtd">
<html xmlns="http://www.w3.org/1999/xhtml" xml:lang="en" lang="en">
 <head>
  <title>
</title>
<meta http-equiv="Content-Type" content="text/html;charset=utf-8" />
  <meta name='ocr-system' content='tesseract 3.04.00' />
  <meta name='ocr-capabilities' content='ocr_page ocr_carea ocr_par ocr_line ocrx_word'/>
</head>
<body>
  <div class='ocr_page' id='page_1' title='image "./operaomniaaccura29auguuoft/operaomniaaccura29auguuoft_0487.png"; bbox 0 0 1803 3250; ppageno 0'>
   <div class='ocr_carea' id='block_1_1' title="bbox 387 221 1439 258">
    <p class='ocr_par' dir='ltr' id='par_1_1' title="bbox 387 221 1439 258">
     <span class='ocr_line' id='line_1_1' title="bbox 387 221 1439 258; baseline -0.002 -1"><span class='ocrx_word' id='word_1_1' title='bbox 387 229 550 258; x_wconf 66' lang='lat' dir='ltr'><strong>CONTRA</strong></span> <span class='ocrx_word' id='word_1_2' title='bbox 582 232 814 258; x_wconf 65' lang='lat' dir='ltr'><strong>seimonau</strong></span> <span class='ocrx_word' id='word_1_3' title='bbox 849 229 1116 258; x_wconf 54' lang='lat' dir='ltr'><strong>musmonem.</strong></span> <span class='ocrx_word' id='word_1_4' title='bbox 1388 221 1439 255; x_wconf 81' lang='lat'><strong>77</strong></span> 
     </span>
    </p>
   </div>
   <div class='ocr_carea' id='block_1_2' title="bbox 12 294 1473 2543">
    <p class='ocr_par' dir='ltr' id='par_1_2' title="bbox 12 294 1469 2119">
     <span class='ocr_line' id='line_1_2' title="bbox 57 294 1443 356; baseline 0 -17"><span class='ocrx_word' id='word_1_5' title='bbox 57 295 263 356; x_wconf 88' lang='lat' dir='ltr'><strong>jussione,</strong></span> <span class='ocrx_word' id='word_1_6' title='bbox 287 310 377 339; x_wconf 88' lang='lat' dir='ltr'><strong>non</strong></span> <span class='ocrx_word' id='word_1_7' title='bbox 405 297 532 339; x_wconf 90' lang='lat' dir='ltr'><strong>etiam</strong></span> <span class='ocrx_word' id='word_1_8' title='bbox 559 311 634 340; x_wconf 90' lang='lat' dir='ltr'><strong>sua</strong></span> <span class='ocrx_word' id='word_1_9' title='bbox 657 295 701 339; x_wconf 89' lang='lat' dir='ltr'><strong>id</strong></span> <span class='ocrx_word' id='word_1_10' title='bbox 724 294 872 338; x_wconf 87' lang='lat' dir='ltr'><strong>fecerit</strong></span> <span class='ocrx_word' id='word_1_11' title='bbox 894 304 1120 354; x_wconf 84' lang='lat' dir='ltr'><strong>potestate.</strong></span> <span class='ocrx_word' id='word_1_12' title='bbox 1150 298 1242 339; x_wconf 84' lang='lat' dir='ltr'><strong>Hoc</strong></span> <span class='ocrx_word' id='word_1_13' title='bbox 1263 296 1443 355; x_wconf 87' lang='lat' dir='ltr'><strong>quidem</strong></span> 
     </span>
     <span class='ocr_line' id='line_1_3' title="bbox 63 364 1444 425; baseline -0.001 -15"><span class='ocrx_word' id='word_1_14' title='bbox 63 367 145 410; x_wconf 83' lang='lat' dir='ltr'><strong>nisi</strong></span> <span class='ocrx_word' id='word_1_15' title='bbox 167 364 414 425; x_wconf 82' lang='lat' dir='ltr'><strong>spiritaliter</strong></span> <span class='ocrx_word' id='word_1_16' title='bbox 434 375 659 425; x_wconf 91' lang='lat' dir='ltr'><strong>acceptum</strong></span> <span class='ocrx_word' id='word_1_17' title='bbox 688 364 836 419; x_wconf 77' lang='lat' dir='ltr'><strong>fuerit,</strong></span> <span class='ocrx_word' id='word_1_18' title='bbox 864 367 972 411; x_wconf 88' lang='lat' dir='ltr'><strong>Filio</strong></span> <span class='ocrx_word' id='word_1_19' title='bbox 999 370 1124 410; x_wconf 88' lang='lat' dir='ltr'><strong>Pater</strong></span> <span class='ocrx_word' id='word_1_20' title='bbox 1148 365 1202 410; x_wconf 91' lang='lat' dir='ltr'><strong>ad</strong></span> <span class='ocrx_word' id='word_1_21' title='bbox 1231 368 1444 412; x_wconf 82' lang='lat' dir='ltr'><strong>sinistram</strong></span> 
     </span>
     <span class='ocr_line' id='line_1_4' title="bbox 64 434 1447 492; baseline 0.001 -12"><span class='ocrx_word' id='word_1_22' title='bbox 64 437 159 481; x_wconf 91' lang='lat' dir='ltr'><strong>erit.</strong></span> <span class='ocrx_word' id='word_1_23' title='bbox 185 434 303 489; x_wconf 90' lang='lat' dir='ltr'><strong>Quid</strong></span> <span class='ocrx_word' id='word_1_24' title='bbox 323 445 386 480; x_wconf 88' lang='lat' dir='ltr'><strong>est</strong></span> <span class='ocrx_word' id='word_1_25' title='bbox 409 446 554 480; x_wconf 90' lang='lat' dir='ltr'><strong>autem</strong></span> <span class='ocrx_word' id='word_1_26' title='bbox 581 437 717 481; x_wconf 90' lang='lat' dir='ltr'><strong>Patris</strong></span> <span class='ocrx_word' id='word_1_27' title='bbox 737 437 911 482; x_wconf 78' lang='lat' dir='ltr'><strong>dextera</strong></span> <span class='ocrx_word' id='word_1_28' title='bbox 929 473 939 492; x_wconf 79' lang='grc'><strong>,</strong></span> <span class='ocrx_word' id='word_1_29' title='bbox 965 438 1045 480; x_wconf 89' lang='lat' dir='ltr'><strong>nisi</strong></span> <span class='ocrx_word' id='word_1_30' title='bbox 1068 445 1227 481; x_wconf 85' lang='lat' dir='ltr'><strong>aeterna</strong></span> <span class='ocrx_word' id='word_1_31' title='bbox 1244 438 1316 482; x_wconf 87' lang='lat' dir='ltr'><strong>illa</strong></span> <span class='ocrx_word' id='word_1_32' title='bbox 1339 436 1447 481; x_wconf 88' lang='lat' dir='ltr'><strong>inef-</strong></span> 
     </span>
     <span class='ocr_line' id='line_1_5' title="bbox 63 505 1445 566; baseline 0 -15"><span class='ocrx_word' id='word_1_33' title='bbox 63 505 293 566; x_wconf 83' lang='lat' dir='ltr'><strong>fabilisque</strong></span> <span class='ocrx_word' id='word_1_34' title='bbox 327 505 533 562; x_wconf 81' lang='lat' dir='ltr'><strong>felicitas,</strong></span> <span class='ocrx_word' id='word_1_35' title='bbox 576 523 664 566; x_wconf 87' lang='lat' dir='ltr'><strong>quo</strong></span> <span class='ocrx_word' id='word_1_36' title='bbox 701 508 899 565; x_wconf 90' lang='lat' dir='ltr'><strong>pervenit</strong></span> <span class='ocrx_word' id='word_1_37' title='bbox 933 506 1067 551; x_wconf 90' lang='lat' dir='ltr'><strong>Filius</strong></span> <span class='ocrx_word' id='word_1_38' title='bbox 1100 508 1285 552; x_wconf 85' lang='lat' dir='ltr'><strong>hominis</strong></span> <span class='ocrx_word' id='word_1_39' title='bbox 1319 509 1445 551; x_wconf 84' lang='lat' dir='ltr'><strong>etiam</strong></span> 
     </span>
     <span class='ocr_line' id='line_1_6' title="bbox 64 576 1447 636; baseline -0.001 -15"><span class='ocrx_word' id='word_1_40' title='bbox 64 577 203 621; x_wconf 90' lang='lat' dir='ltr'><strong>carnis</strong></span> <span class='ocrx_word' id='word_1_41' title='bbox 223 576 548 621; x_wconf 76' lang='lat' dir='ltr'><strong>immortalitate</strong></span> <span class='ocrx_word' id='word_1_42' title='bbox 575 578 809 636; x_wconf 80' lang='lat' dir='ltr'><strong>percepta?</strong></span> <span class='ocrx_word' id='word_1_43' title='bbox 832 579 939 621; x_wconf 91' lang='lat' dir='ltr'><strong>Nam</strong></span> <span class='ocrx_word' id='word_1_44' title='bbox 964 578 997 621; x_wconf 90' lang='lat' dir='ltr'><strong>si</strong></span> <span class='ocrx_word' id='word_1_45' title='bbox 1019 578 1078 620; x_wconf 86' lang='lat' dir='ltr'><strong>ita</strong></span> <span class='ocrx_word' id='word_1_46' title='bbox 1101 587 1150 621; x_wconf 90' lang='lat' dir='ltr'><strong>ut</strong></span> <span class='ocrx_word' id='word_1_47' title='bbox 1171 593 1347 621; x_wconf 90' lang='lat' dir='ltr'><strong>manum</strong></span> <span class='ocrx_word' id='word_1_48' title='bbox 1373 578 1447 620; x_wconf 88' lang='lat' dir='ltr'><strong>Dei</strong></span> 
     </span>
     <span class='ocr_line' id='line_1_7' title="bbox 68 646 1451 707; baseline -0.001 -16"><span class='ocrx_word' id='word_1_49' title='bbox 68 646 233 702; x_wconf 90' lang='lat' dir='ltr'><strong>Patris,</strong></span> <span class='ocrx_word' id='word_1_50' title='bbox 265 661 357 691; x_wconf 90' lang='lat' dir='ltr'><strong>non</strong></span> <span class='ocrx_word' id='word_1_51' title='bbox 387 646 630 691; x_wconf 90' lang='lat' dir='ltr'><strong>secundum</strong></span> <span class='ocrx_word' id='word_1_52' title='bbox 651 646 912 690; x_wconf 88' lang='lat' dir='ltr'><strong>lineamenta</strong></span> <span class='ocrx_word' id='word_1_53' title='bbox 941 647 1132 705; x_wconf 90' lang='lat' dir='ltr'><strong>corporis</strong></span> <span class='ocrx_word' id='word_1_54' title='bbox 1161 663 1259 707; x_wconf 83' lang='lat' dir='ltr'><strong>quae</strong></span> <span class='ocrx_word' id='word_1_55' title='bbox 1286 648 1331 691; x_wconf 91' lang='lat' dir='ltr'><strong>in</strong></span> <span class='ocrx_word' id='word_1_56' title='bbox 1366 650 1451 690; x_wconf 91' lang='lat' dir='ltr'><strong>Deo</strong></span> 
     </span>
     <span class='ocr_line' id='line_1_8' title="bbox 65 717 1454 776; baseline -0.001 -15"><span class='ocrx_word' id='word_1_57' title='bbox 65 733 154 763; x_wconf 92' lang='lat' dir='ltr'><strong>non</strong></span> <span class='ocrx_word' id='word_1_58' title='bbox 175 727 294 773; x_wconf 90' lang='lat' dir='ltr'><strong>sunt,</strong></span> <span class='ocrx_word' id='word_1_59' title='bbox 319 717 395 763; x_wconf 90' lang='lat' dir='ltr'><strong>sed</strong></span> <span class='ocrx_word' id='word_1_60' title='bbox 416 718 659 763; x_wconf 87' lang='lat' dir='ltr'><strong>seeundum</strong></span> <span class='ocrx_word' id='word_1_61' title='bbox 684 718 927 762; x_wconf 85' lang='lat' dir='ltr'><strong>effectivam</strong></span> <span class='ocrx_word' id='word_1_62' title='bbox 950 719 1157 761; x_wconf 85' lang='lat' dir='ltr'><strong>virtutem</strong></span> <span class='ocrx_word' id='word_1_63' title='bbox 1179 719 1393 776; x_wconf 83' lang='lat' dir='ltr'><strong>sapienter</strong></span> <span class='ocrx_word' id='word_1_64' title='bbox 1411 727 1454 759; x_wconf 86' lang='lat' dir='ltr'><strong>et</strong></span> 
     </span>
     <span class='ocr_line' id='line_1_9' title="bbox 73 788 1454 848; baseline -0.001 -16"><span class='ocrx_word' id='word_1_65' title='bbox 73 788 259 833; x_wconf 85' lang='lat' dir='ltr'><strong>fideliter</strong></span> <span class='ocrx_word' id='word_1_66' title='bbox 275 789 516 848; x_wconf 85' lang='lat' dir='ltr'><strong>cogitemus</strong></span> <span class='ocrx_word' id='word_1_67' title='bbox 530 824 540 844; x_wconf 95' lang='lat'><strong>,</strong></span> <span class='ocrx_word' id='word_1_68' title='bbox 561 789 671 848; x_wconf 91' lang='lat' dir='ltr'><strong>quid</strong></span> <span class='ocrx_word' id='word_1_69' title='bbox 696 788 986 846; x_wconf 86' lang='lat' dir='ltr'><strong>intelligemus</strong></span> <span class='ocrx_word' id='word_1_70' title='bbox 1002 823 1012 843; x_wconf 93' lang='lat'><strong>,</strong></span> <span class='ocrx_word' id='word_1_71' title='bbox 1033 789 1113 832; x_wconf 91' lang='lat' dir='ltr'><strong>nisi</strong></span> <span class='ocrx_word' id='word_1_72' title='bbox 1135 789 1274 847; x_wconf 90' lang='lat' dir='ltr'><strong>ipsum</strong></span> <span class='ocrx_word' id='word_1_73' title='bbox 1296 789 1454 844; x_wconf 80' lang='lat' dir='ltr'><strong>Unige-</strong></span> 
     </span>
     <span class='ocr_line' id='line_1_10' title="bbox 74 859 1455 920; baseline -0.001 -17"><span class='ocrx_word' id='word_1_74' title='bbox 74 861 215 904; x_wconf 90' lang='lat' dir='ltr'><strong>nitum</strong></span> <span class='ocrx_word' id='word_1_75' title='bbox 233 875 310 919; x_wconf 90' lang='lat' dir='ltr'><strong>per</strong></span> <span class='ocrx_word' id='word_1_76' title='bbox 327 875 456 920; x_wconf 92' lang='lat' dir='ltr'><strong>quem</strong></span> <span class='ocrx_word' id='word_1_77' title='bbox 475 859 587 904; x_wconf 87' lang='lat' dir='ltr'><strong>facta</strong></span> <span class='ocrx_word' id='word_1_78' title='bbox 606 868 707 904; x_wconf 87' lang='lat' dir='ltr'><strong>sunt</strong></span> <span class='ocrx_word' id='word_1_79' title='bbox 724 860 896 904; x_wconf 78' lang='lat' dir='ltr'><strong>omnia?</strong></span> <span class='ocrx_word' id='word_1_80' title='bbox 910 862 969 903; x_wconf 89' lang='lat' dir='ltr'><strong>De</strong></span> <span class='ocrx_word' id='word_1_81' title='bbox 986 875 1075 919; x_wconf 90' lang='lat' dir='ltr'><strong>quo</strong></span> <span class='ocrx_word' id='word_1_82' title='bbox 1092 859 1221 902; x_wconf 87' lang='lat' dir='ltr'><strong>etiam</strong></span> <span class='ocrx_word' id='word_1_83' title='bbox 1241 859 1455 916; x_wconf 84' lang='lat' dir='ltr'><strong>Propheta</strong></span> 
     </span>
     <span class='ocr_line' id='line_1_11' title="bbox 77 930 1453 976; baseline -0.003 -2"><span class='ocrx_word' id='word_1_84' title='bbox 77 931 184 975; x_wconf 82' lang='lat' dir='ltr'><strong>dixit</strong></span> <span class='ocrx_word' id='word_1_85' title='bbox 221 951 230 975; x_wconf 77' lang='grc' dir='ltr'>ε</span> <span class='ocrx_word' id='word_1_86' title='bbox 276 951 293 971; x_wconf 85' lang='grc'>«</span> <span class='ocrx_word' id='word_1_87' title='bbox 330 934 388 975; x_wconf 94' lang='lat' dir='ltr'><strong>Et</strong></span> <span class='ocrx_word' id='word_1_88' title='bbox 419 932 647 976; x_wconf 83' lang='lat' dir='ltr'><strong>brachium</strong></span> <span class='ocrx_word' id='word_1_89' title='bbox 685 931 856 975; x_wconf 87' lang='lat' dir='ltr'><strong>Domini</strong></span> <span class='ocrx_word' id='word_1_90' title='bbox 885 931 955 974; x_wconf 89' lang='lat' dir='ltr'><strong>eui</strong></span> <span class='ocrx_word' id='word_1_91' title='bbox 987 930 1225 974; x_wconf 84' lang='lat' dir='ltr'><strong>revelatum</strong></span> <span class='ocrx_word' id='word_1_92' title='bbox 1256 939 1319 974; x_wconf 89' lang='lat' dir='ltr'><strong>est</strong></span> <span class='ocrx_word' id='word_1_93' title='bbox 1360 932 1402 970; x_wconf 70' lang='lat'><strong>¹⁶?</strong></span> <span class='ocrx_word' id='word_1_94' title='bbox 1435 948 1453 969; x_wconf 89' lang='lat'>»</span> 
     </span>
     <span class='ocr_line' id='line_1_12' title="bbox 68 999 1458 1060; baseline -0.003 -15"><span class='ocrx_word' id='word_1_95' title='bbox 68 1000 301 1054; x_wconf 87' lang='lat' dir='ltr'><strong>Quomodo</strong></span> <span class='ocrx_word' id='word_1_96' title='bbox 323 1011 470 1046; x_wconf 89' lang='lat' dir='ltr'><strong>autem</strong></span> <span class='ocrx_word' id='word_1_97' title='bbox 493 1000 629 1045; x_wconf 89' lang='lat' dir='ltr'><strong>Filius</strong></span> <span class='ocrx_word' id='word_1_98' title='bbox 649 1000 771 1045; x_wconf 90' lang='lat' dir='ltr'><strong>audit</strong></span> <span class='ocrx_word' id='word_1_99' title='bbox 794 1004 983 1055; x_wconf 87' lang='lat' dir='ltr'><strong>Patrem,</strong></span> <span class='ocrx_word' id='word_1_100' title='bbox 1004 999 1229 1060; x_wconf 90' lang='lat' dir='ltr'><strong>quomodo</strong></span> <span class='ocrx_word' id='word_1_101' title='bbox 1251 999 1458 1044; x_wconf 84' lang='lat' dir='ltr'><strong>dicuntur</strong></span> 
     </span>
     <span class='ocr_line' id='line_1_13' title="bbox 77 1069 1459 1129; baseline -0.003 -13"><span class='ocrx_word' id='word_1_102' title='bbox 77 1087 101 1115; x_wconf 90' lang='lat' dir='ltr'><strong>a</strong></span> <span class='ocrx_word' id='word_1_103' title='bbox 123 1075 249 1115; x_wconf 88' lang='lat' dir='ltr'><strong>Patre</strong></span> <span class='ocrx_word' id='word_1_104' title='bbox 272 1072 409 1116; x_wconf 91' lang='lat' dir='ltr'><strong>multa</strong></span> <span class='ocrx_word' id='word_1_105' title='bbox 430 1072 561 1116; x_wconf 89' lang='lat' dir='ltr'><strong>verba</strong></span> <span class='ocrx_word' id='word_1_106' title='bbox 591 1072 722 1115; x_wconf 89' lang='lat' dir='ltr'><strong>unico</strong></span> <span class='ocrx_word' id='word_1_107' title='bbox 744 1071 912 1125; x_wconf 89' lang='lat' dir='ltr'><strong>Verbo,</strong></span> <span class='ocrx_word' id='word_1_108' title='bbox 938 1069 1159 1129; x_wconf 90' lang='lat' dir='ltr'><strong>quomodo</strong></span> <span class='ocrx_word' id='word_1_109' title='bbox 1188 1079 1459 1113; x_wconf 82' lang='lat' dir='ltr'><strong>transeunter</strong></span> 
     </span>
     <span class='ocr_line' id='line_1_14' title="bbox 69 1137 1457 1201; baseline -0.002 -16"><span class='ocrx_word' id='word_1_110' title='bbox 69 1141 265 1201; x_wconf 89' lang='lat' dir='ltr'><strong>loquitur</strong></span> <span class='ocrx_word' id='word_1_111' title='bbox 294 1142 332 1185; x_wconf 92' lang='lat' dir='ltr'><strong>ei</strong></span> <span class='ocrx_word' id='word_1_112' title='bbox 364 1157 496 1201; x_wconf 89' lang='lat' dir='ltr'><strong>quem</strong></span> <span class='ocrx_word' id='word_1_113' title='bbox 528 1140 738 1186; x_wconf 82' lang='lat' dir='ltr'><strong>stabiliter</strong></span> <span class='ocrx_word' id='word_1_114' title='bbox 778 1140 1000 1200; x_wconf 87' lang='lat' dir='ltr'><strong>loquitur,</strong></span> <span class='ocrx_word' id='word_1_115' title='bbox 1037 1138 1261 1199; x_wconf 87' lang='lat' dir='ltr'><strong>quomodo</strong></span> <span class='ocrx_word' id='word_1_116' title='bbox 1294 1137 1457 1198; x_wconf 85' lang='lat' dir='ltr'><strong>aliquid</strong></span> 
     </span>
     <span class='ocr_line' id='line_1_15' title="bbox 71 1211 1460 1271; baseline -0.002 -16"><span class='ocrx_word' id='word_1_117' title='bbox 71 1212 368 1271; x_wconf 86' lang='lat' dir='ltr'><strong>temporaliter</strong></span> <span class='ocrx_word' id='word_1_118' title='bbox 389 1214 427 1256; x_wconf 89' lang='lat' dir='ltr'><strong>ei</strong></span> <span class='ocrx_word' id='word_1_119' title='bbox 449 1212 554 1256; x_wconf 89' lang='lat' dir='ltr'><strong>dicit</strong></span> <span class='ocrx_word' id='word_1_120' title='bbox 577 1213 623 1255; x_wconf 91' lang='lat' dir='ltr'><strong>in</strong></span> <span class='ocrx_word' id='word_1_121' title='bbox 646 1227 734 1271; x_wconf 87' lang='lat' dir='ltr'><strong>quo</strong></span> <span class='ocrx_word' id='word_1_122' title='bbox 758 1211 840 1255; x_wconf 93' lang='lat' dir='ltr'><strong>sibi</strong></span> <span class='ocrx_word' id='word_1_123' title='bbox 865 1220 1082 1256; x_wconf 70' lang='lat' dir='ltr'><strong>coaeterno</strong></span> <span class='ocrx_word' id='word_1_124' title='bbox 1100 1213 1190 1271; x_wconf 86' lang='lat' dir='ltr'><strong>jam</strong></span> <span class='ocrx_word' id='word_1_125' title='bbox 1220 1220 1342 1253; x_wconf 90' lang='lat' dir='ltr'><strong>erant</strong></span> <span class='ocrx_word' id='word_1_126' title='bbox 1367 1225 1460 1253; x_wconf 87' lang='lat' dir='ltr'><strong>om-</strong></span> 
     </span>
     <span class='ocr_line' id='line_1_16' title="bbox 72 1281 1462 1343; baseline -0.002 -16"><span class='ocrx_word' id='word_1_127' title='bbox 72 1284 143 1327; x_wconf 89' lang='lat' dir='ltr'><strong>nia</strong></span> <span class='ocrx_word' id='word_1_128' title='bbox 165 1299 264 1343; x_wconf 85' lang='lat' dir='ltr'><strong>quae</strong></span> <span class='ocrx_word' id='word_1_129' title='bbox 288 1284 490 1340; x_wconf 87' lang='lat' dir='ltr'><strong>congruis</strong></span> <span class='ocrx_word' id='word_1_130' title='bbox 525 1283 773 1342; x_wconf 86' lang='lat' dir='ltr'><strong>quibusque</strong></span> <span class='ocrx_word' id='word_1_131' title='bbox 804 1282 1073 1340; x_wconf 86' lang='lat' dir='ltr'><strong>temporibus</strong></span> <span class='ocrx_word' id='word_1_132' title='bbox 1096 1281 1224 1335; x_wconf 89' lang='lat' dir='ltr'><strong>dicit,</strong></span> <span class='ocrx_word' id='word_1_133' title='bbox 1252 1281 1348 1340; x_wconf 89' lang='lat' dir='ltr'><strong>quis</strong></span> <span class='ocrx_word' id='word_1_134' title='bbox 1370 1281 1462 1324; x_wconf 75' lang='lat' dir='ltr'><strong>haee</strong></span> 
     </span>
     <span class='ocr_line' id='line_1_17' title="bbox 12 1350 1462 1413; baseline -0.005 -14"><span class='ocrx_word' id='word_1_135' title='bbox 12 1406 20 1410; x_wconf 32' lang='lat'>⁵</span> <span class='ocrx_word' id='word_1_136' title='bbox 74 1353 232 1400; x_wconf 89' lang='lat' dir='ltr'><strong>audeat</strong></span> <span class='ocrx_word' id='word_1_137' title='bbox 253 1368 471 1413; x_wconf 85' lang='lat' dir='ltr'><strong>quaerere,</strong></span> <span class='ocrx_word' id='word_1_138' title='bbox 492 1353 590 1412; x_wconf 87' lang='lat' dir='ltr'><strong>quis</strong></span> <span class='ocrx_word' id='word_1_139' title='bbox 612 1352 753 1395; x_wconf 88' lang='lat' dir='ltr'><strong>valeat</strong></span> <span class='ocrx_word' id='word_1_140' title='bbox 775 1352 997 1395; x_wconf 71' lang='lat' dir='ltr'><strong>invenire?</strong></span> <span class='ocrx_word' id='word_1_141' title='bbox 1018 1354 1075 1394; x_wconf 90' lang='lat' dir='ltr'><strong>Et</strong></span> <span class='ocrx_word' id='word_1_142' title='bbox 1095 1360 1240 1395; x_wconf 89' lang='lat' dir='ltr'><strong>tamen</strong></span> <span class='ocrx_word' id='word_1_143' title='bbox 1257 1385 1267 1405; x_wconf 92' lang='lat'><strong>,</strong></span> <span class='ocrx_word' id='word_1_144' title='bbox 1299 1369 1318 1391; x_wconf 88' lang='lat'>«</span> <span class='ocrx_word' id='word_1_145' title='bbox 1351 1350 1462 1393; x_wconf 85' lang='lat' dir='ltr'><strong>Dixit</strong></span> 
     </span>
     <span class='ocr_line' id='line_1_18' title="bbox 77 1421 1463 1469; baseline -0.004 -1"><span class='ocrx_word' id='word_1_146' title='bbox 77 1443 96 1466; x_wconf 75' lang='lat' dir='ltr'>n</span> <span class='ocrx_word' id='word_1_147' title='bbox 123 1425 333 1469; x_wconf 88' lang='lat' dir='ltr'><strong>Dominus</strong></span> <span class='ocrx_word' id='word_1_148' title='bbox 354 1424 539 1468; x_wconf 91' lang='lat' dir='ltr'><strong>Domino</strong></span> <span class='ocrx_word' id='word_1_149' title='bbox 557 1438 654 1466; x_wconf 90' lang='lat' dir='ltr'><strong>meo</strong></span> <span class='ocrx_word' id='word_1_150' title='bbox 671 1422 805 1467; x_wconf 90' lang='lat' dir='ltr'><strong>:Sede</strong></span> <span class='ocrx_word' id='word_1_151' title='bbox 828 1422 883 1466; x_wconf 88' lang='lat' dir='ltr'><strong>ad</strong></span> <span class='ocrx_word' id='word_1_152' title='bbox 896 1421 1117 1465; x_wconf 80' lang='lat' dir='ltr'><strong>dexteram</strong></span> <span class='ocrx_word' id='word_1_153' title='bbox 1134 1436 1274 1464; x_wconf 89' lang='lat' dir='ltr'><strong>meam</strong></span> <span class='ocrx_word' id='word_1_154' title='bbox 1293 1425 1309 1446; x_wconf 71' lang='lat'><strong>²</strong></span> <span class='ocrx_word' id='word_1_155' title='bbox 1330 1437 1339 1463; x_wconf 85' lang='grc'><strong>,-</strong></span> <span class='ocrx_word' id='word_1_156' title='bbox 1372 1440 1388 1460; x_wconf 73' lang='lat' dir='ltr'>n</span> <span class='ocrx_word' id='word_1_157' title='bbox 1410 1423 1463 1463; x_wconf 81' lang='lat' dir='ltr'><strong>Et</strong></span> 
     </span>
     <span class='ocr_line' id='line_1_19' title="bbox 73 1489 1464 1555; baseline -0.006 -16"><span class='ocrx_word' id='word_1_158' title='bbox 73 1495 176 1555; x_wconf 90' lang='lat' dir='ltr'><strong>quia</strong></span> <span class='ocrx_word' id='word_1_159' title='bbox 201 1493 369 1539; x_wconf 91' lang='lat' dir='ltr'><strong>dictum</strong></span> <span class='ocrx_word' id='word_1_160' title='bbox 392 1502 478 1548; x_wconf 89' lang='lat' dir='ltr'><strong>est,</strong></span> <span class='ocrx_word' id='word_1_161' title='bbox 511 1491 608 1536; x_wconf 91' lang='lat' dir='ltr'><strong>ideo</strong></span> <span class='ocrx_word' id='word_1_162' title='bbox 638 1491 804 1536; x_wconf 87' lang='lat' dir='ltr'><strong>factum</strong></span> <span class='ocrx_word' id='word_1_163' title='bbox 828 1501 907 1535; x_wconf 88' lang='lat' dir='ltr'><strong>est.</strong></span> <span class='ocrx_word' id='word_1_164' title='bbox 939 1494 1030 1535; x_wconf 88' lang='lat' dir='ltr'><strong>Hoc</strong></span> <span class='ocrx_word' id='word_1_165' title='bbox 1061 1507 1164 1548; x_wconf 88' lang='lat' dir='ltr'><strong>ergo</strong></span> <span class='ocrx_word' id='word_1_166' title='bbox 1185 1492 1274 1549; x_wconf 82' lang='lat' dir='ltr'><strong>jam</strong></span> <span class='ocrx_word' id='word_1_167' title='bbox 1302 1500 1392 1532; x_wconf 89' lang='lat' dir='ltr'><strong>erat</strong></span> <span class='ocrx_word' id='word_1_168' title='bbox 1421 1489 1464 1532; x_wconf 81' lang='lat' dir='ltr'><strong>in</strong></span> 
     </span>
     <span class='ocr_line' id='line_1_20' title="bbox 74 1561 1466 1626; baseline -0.005 -16"><span class='ocrx_word' id='word_1_169' title='bbox 74 1567 239 1621; x_wconf 86' lang='lat' dir='ltr'><strong>Verbo,</strong></span> <span class='ocrx_word' id='word_1_170' title='bbox 261 1565 384 1626; x_wconf 87' lang='lat' dir='ltr'><strong>quod</strong></span> <span class='ocrx_word' id='word_1_171' title='bbox 405 1564 602 1609; x_wconf 87' lang='lat' dir='ltr'><strong>Verbum</strong></span> <span class='ocrx_word' id='word_1_172' title='bbox 621 1579 721 1608; x_wconf 88' lang='lat' dir='ltr'><strong>caro</strong></span> <span class='ocrx_word' id='word_1_173' title='bbox 739 1564 905 1607; x_wconf 84' lang='lat' dir='ltr'><strong>factum</strong></span> <span class='ocrx_word' id='word_1_174' title='bbox 924 1572 987 1606; x_wconf 85' lang='lat' dir='ltr'><strong>est</strong></span> <span class='ocrx_word' id='word_1_175' title='bbox 1011 1564 1042 1605; x_wconf 81' lang='lat'><strong>³.</strong></span> <span class='ocrx_word' id='word_1_176' title='bbox 1064 1565 1120 1606; x_wconf 92' lang='lat' dir='ltr'><strong>Et</strong></span> <span class='ocrx_word' id='word_1_177' title='bbox 1135 1562 1236 1621; x_wconf 89' lang='lat' dir='ltr'><strong>quia</strong></span> <span class='ocrx_word' id='word_1_178' title='bbox 1259 1562 1303 1604; x_wconf 92' lang='lat' dir='ltr'><strong>in</strong></span> <span class='ocrx_word' id='word_1_179' title='bbox 1321 1561 1466 1603; x_wconf 77' lang='lat' dir='ltr'><strong>Verbo</strong></span> 
     </span>
     <span class='ocr_line' id='line_1_21' title="bbox 75 1631 1464 1696; baseline -0.006 -15"><span class='ocrx_word' id='word_1_180' title='bbox 75 1646 174 1681; x_wconf 90' lang='lat' dir='ltr'><strong>ante</strong></span> <span class='ocrx_word' id='word_1_181' title='bbox 192 1651 367 1681; x_wconf 91' lang='lat' dir='ltr'><strong>carnem</strong></span> <span class='ocrx_word' id='word_1_182' title='bbox 384 1637 474 1696; x_wconf 87' lang='lat' dir='ltr'><strong>jam</strong></span> <span class='ocrx_word' id='word_1_183' title='bbox 497 1644 589 1679; x_wconf 88' lang='lat' dir='ltr'><strong>erat</strong></span> <span class='ocrx_word' id='word_1_184' title='bbox 611 1634 836 1688; x_wconf 89' lang='lat' dir='ltr'><strong>veraciter,</strong></span> <span class='ocrx_word' id='word_1_185' title='bbox 862 1633 959 1676; x_wconf 90' lang='lat' dir='ltr'><strong>ideo</strong></span> <span class='ocrx_word' id='word_1_186' title='bbox 983 1634 1026 1676; x_wconf 92' lang='lat' dir='ltr'><strong>in</strong></span> <span class='ocrx_word' id='word_1_187' title='bbox 1050 1647 1178 1677; x_wconf 90' lang='lat' dir='ltr'><strong>carne</strong></span> <span class='ocrx_word' id='word_1_188' title='bbox 1198 1631 1464 1690; x_wconf 88' lang='lat' dir='ltr'><strong>completum</strong></span> 
     </span>
     <span class='ocr_line' id='line_1_22' title="bbox 75 1701 1468 1765; baseline -0.006 -13"><span class='ocrx_word' id='word_1_189' title='bbox 75 1717 138 1752; x_wconf 87' lang='lat' dir='ltr'><strong>est</strong></span> <span class='ocrx_word' id='word_1_190' title='bbox 155 1708 393 1751; x_wconf 83' lang='lat' dir='ltr'><strong>efficaciter</strong></span> <span class='ocrx_word' id='word_1_191' title='bbox 422 1725 430 1750; x_wconf 75' lang='grc' dir='ltr'>ε</span> <span class='ocrx_word' id='word_1_192' title='bbox 453 1707 555 1765; x_wconf 90' lang='lat' dir='ltr'><strong>quia</strong></span> <span class='ocrx_word' id='word_1_193' title='bbox 573 1706 618 1749; x_wconf 92' lang='lat' dir='ltr'><strong>in</strong></span> <span class='ocrx_word' id='word_1_194' title='bbox 633 1705 880 1764; x_wconf 82' lang='lat' dir='ltr'><strong>Verbojam</strong></span> <span class='ocrx_word' id='word_1_195' title='bbox 905 1712 996 1747; x_wconf 83' lang='lat' dir='ltr'><strong>erat</strong></span> <span class='ocrx_word' id='word_1_196' title='bbox 1019 1703 1110 1746; x_wconf 88' lang='lat' dir='ltr'><strong>sine</strong></span> <span class='ocrx_word' id='word_1_197' title='bbox 1133 1712 1343 1761; x_wconf 85' lang='lat' dir='ltr'><strong>tempore,</strong></span> <span class='ocrx_word' id='word_1_198' title='bbox 1369 1701 1468 1744; x_wconf 83' lang='lat' dir='ltr'><strong>ideo</strong></span> 
     </span>
     <span class='ocr_line' id='line_1_23' title="bbox 75 1777 1468 1837; baseline -0.006 -14"><span class='ocrx_word' id='word_1_199' title='bbox 75 1780 120 1823; x_wconf 87' lang='lat' dir='ltr'><strong>in</strong></span> <span class='ocrx_word' id='word_1_200' title='bbox 152 1794 280 1823; x_wconf 85' lang='lat' dir='ltr'><strong>carne</strong></span> <span class='ocrx_word' id='word_1_201' title='bbox 312 1777 581 1837; x_wconf 89' lang='lat' dir='ltr'><strong>completum</strong></span> <span class='ocrx_word' id='word_1_202' title='bbox 604 1786 668 1821; x_wconf 88' lang='lat' dir='ltr'><strong>est</strong></span> <span class='ocrx_word' id='word_1_203' title='bbox 699 1792 777 1820; x_wconf 89' lang='lat' dir='ltr'><strong>suo</strong></span> <span class='ocrx_word' id='word_1_204' title='bbox 811 1785 1021 1834; x_wconf 87' lang='lat' dir='ltr'><strong>tempore.</strong></span> <span class='ocrx_word' id='word_1_205' title='bbox 1059 1777 1110 1817; x_wconf 88' lang='lat' dir='ltr'><strong>In</strong></span> <span class='ocrx_word' id='word_1_206' title='bbox 1133 1790 1218 1833; x_wconf 88' lang='lat' dir='ltr'><strong>qua</strong></span> <span class='ocrx_word' id='word_1_207' title='bbox 1241 1789 1369 1817; x_wconf 86' lang='lat' dir='ltr'><strong>carne</strong></span> <span class='ocrx_word' id='word_1_208' title='bbox 1403 1787 1468 1816; x_wconf 84' lang='lat' dir='ltr'><strong>as-</strong></span> 
     </span>
     <span class='ocr_line' id='line_1_24' title="bbox 80 1843 1468 1907; baseline -0.006 -13"><span class='ocrx_word' id='word_1_209' title='bbox 80 1848 226 1894; x_wconf 87' lang='lat' dir='ltr'><strong>cendit</strong></span> <span class='ocrx_word' id='word_1_210' title='bbox 242 1850 288 1893; x_wconf 87' lang='lat' dir='ltr'><strong>in</strong></span> <span class='ocrx_word' id='word_1_211' title='bbox 309 1848 489 1902; x_wconf 86' lang='lat' dir='ltr'><strong>coelum,</strong></span> <span class='ocrx_word' id='word_1_212' title='bbox 516 1848 662 1907; x_wconf 89' lang='lat' dir='ltr'><strong>quide</strong></span> <span class='ocrx_word' id='word_1_213' title='bbox 679 1847 793 1891; x_wconf 87' lang='lat' dir='ltr'><strong>coelo</strong></span> <span class='ocrx_word' id='word_1_214' title='bbox 810 1861 899 1890; x_wconf 91' lang='lat' dir='ltr'><strong>non</strong></span> <span class='ocrx_word' id='word_1_215' title='bbox 917 1845 1089 1888; x_wconf 84' lang='lat' dir='ltr'><strong>recessit</strong></span> <span class='ocrx_word' id='word_1_216' title='bbox 1103 1844 1230 1887; x_wconf 89' lang='lat' dir='ltr'><strong>etiam</strong></span> <span class='ocrx_word' id='word_1_217' title='bbox 1249 1859 1347 1887; x_wconf 89' lang='lat' dir='ltr'><strong>cum</strong></span> <span class='ocrx_word' id='word_1_218' title='bbox 1367 1843 1468 1886; x_wconf 86' lang='lat' dir='ltr'><strong>inde</strong></span> 
     </span>
     <span class='ocr_line' id='line_1_25' title="bbox 80 1914 1467 1978; baseline -0.006 -15"><span class='ocrx_word' id='word_1_219' title='bbox 80 1919 330 1977; x_wconf 70' lang='lat' dir='ltr'><strong>descendit,</strong></span> <span class='ocrx_word' id='word_1_220' title='bbox 349 1928 392 1963; x_wconf 91' lang='lat' dir='ltr'><strong>et</strong></span> <span class='ocrx_word' id='word_1_221' title='bbox 424 1920 470 1961; x_wconf 92' lang='lat' dir='ltr'><strong>in</strong></span> <span class='ocrx_word' id='word_1_222' title='bbox 494 1932 581 1978; x_wconf 89' lang='lat' dir='ltr'><strong>qua</strong></span> <span class='ocrx_word' id='word_1_223' title='bbox 609 1916 730 1960; x_wconf 89' lang='lat' dir='ltr'><strong>sedet</strong></span> <span class='ocrx_word' id='word_1_224' title='bbox 759 1915 815 1959; x_wconf 91' lang='lat' dir='ltr'><strong>ad</strong></span> <span class='ocrx_word' id='word_1_225' title='bbox 837 1915 1056 1958; x_wconf 84' lang='lat' dir='ltr'><strong>dexteram</strong></span> <span class='ocrx_word' id='word_1_226' title='bbox 1081 1914 1217 1957; x_wconf 88' lang='lat' dir='ltr'><strong>Patris</strong></span> <span class='ocrx_word' id='word_1_227' title='bbox 1244 1914 1467 1956; x_wconf 86' lang='lat' dir='ltr'><strong>brachium</strong></span> 
     </span>
     <span class='ocr_line' id='line_1_26' title="bbox 85 1983 1469 2048; baseline -0.007 -14"><span class='ocrx_word' id='word_1_228' title='bbox 85 1991 248 2047; x_wconf 70' lang='lat' dir='ltr'><strong>Patris,</strong></span> <span class='ocrx_word' id='word_1_229' title='bbox 283 1998 326 2034; x_wconf 91' lang='lat' dir='ltr'><strong>et</strong></span> <span class='ocrx_word' id='word_1_230' title='bbox 365 1991 411 2032; x_wconf 91' lang='lat' dir='ltr'><strong>in</strong></span> <span class='ocrx_word' id='word_1_231' title='bbox 444 2004 531 2048; x_wconf 90' lang='lat' dir='ltr'><strong>qua</strong></span> <span class='ocrx_word' id='word_1_232' title='bbox 565 1988 849 2031; x_wconf 87' lang='lat' dir='ltr'><strong>descensurus</strong></span> <span class='ocrx_word' id='word_1_233' title='bbox 883 1994 945 2028; x_wconf 88' lang='lat' dir='ltr'><strong>est</strong></span> <span class='ocrx_word' id='word_1_234' title='bbox 978 1983 1033 2028; x_wconf 88' lang='lat' dir='ltr'><strong>ad</strong></span> <span class='ocrx_word' id='word_1_235' title='bbox 1062 1983 1277 2043; x_wconf 84' lang='lat' dir='ltr'><strong>judicium</strong></span> <span class='ocrx_word' id='word_1_236' title='bbox 1302 2018 1312 2036; x_wconf 94' lang='lat'><strong>,</strong></span> <span class='ocrx_word' id='word_1_237' title='bbox 1358 2005 1376 2024; x_wconf 70' lang='lat' dir='ltr'><strong>u</strong></span> <span class='ocrx_word' id='word_1_238' title='bbox 1418 1986 1469 2026; x_wconf 87' lang='lat' dir='ltr'><strong>ln</strong></span> 
     </span>
     <span class='ocr_line' id='line_1_27' title="bbox 86 2053 1224 2119; baseline -0.005 -18"><span class='ocrx_word' id='word_1_239' title='bbox 86 2079 104 2101; x_wconf 89' lang='lat'>»</span> <span class='ocrx_word' id='word_1_240' title='bbox 128 2062 266 2119; x_wconf 84' lang='lat' dir='ltr'><strong>jussu,</strong></span> <span class='ocrx_word' id='word_1_241' title='bbox 287 2060 334 2103; x_wconf 91' lang='lat' dir='ltr'><strong>in</strong></span> <span class='ocrx_word' id='word_1_242' title='bbox 354 2073 461 2103; x_wconf 89' lang='lat' dir='ltr'><strong>voce</strong></span> <span class='ocrx_word' id='word_1_243' title='bbox 482 2055 759 2115; x_wconf 84' lang='lat' dir='ltr'><strong>Archangeli,</strong></span> <span class='ocrx_word' id='word_1_244' title='bbox 787 2064 830 2098; x_wconf 89' lang='lat' dir='ltr'><strong>et</strong></span> <span class='ocrx_word' id='word_1_245' title='bbox 850 2055 894 2098; x_wconf 92' lang='lat' dir='ltr'><strong>in</strong></span> <span class='ocrx_word' id='word_1_246' title='bbox 916 2054 1022 2098; x_wconf 87' lang='lat' dir='ltr'><strong>tuba</strong></span> <span class='ocrx_word' id='word_1_247' title='bbox 1046 2053 1123 2097; x_wconf 91' lang='lat' dir='ltr'><strong>Dei</strong></span> <span class='ocrx_word' id='word_1_248' title='bbox 1143 2055 1174 2096; x_wconf 81' lang='lat'><strong>4.</strong></span> <span class='ocrx_word' id='word_1_249' title='bbox 1206 2072 1224 2094; x_wconf 87' lang='lat'>»</span> 
     </span>
    </p>

    <p class='ocr_par' dir='ltr' id='par_1_3' title="bbox 46 2123 1473 2543">
     <span class='ocr_line' id='line_1_28' title="bbox 145 2123 1470 2182; baseline -0.007 -9"><span class='ocrx_word' id='word_1_250' title='bbox 145 2130 230 2174; x_wconf 80' lang='lat' dir='ltr'><strong>Ubi</strong></span> <span class='ocrx_word' id='word_1_251' title='bbox 261 2128 324 2173; x_wconf 90' lang='lat' dir='ltr'><strong>illi</strong></span> <span class='ocrx_word' id='word_1_252' title='bbox 348 2129 561 2172; x_wconf 90' lang='lat' dir='ltr'><strong>minorem</strong></span> <span class='ocrx_word' id='word_1_253' title='bbox 590 2125 746 2171; x_wconf 89' lang='lat' dir='ltr'><strong>volunt</strong></span> <span class='ocrx_word' id='word_1_254' title='bbox 766 2125 904 2169; x_wconf 86' lang='lat' dir='ltr'><strong>videri</strong></span> <span class='ocrx_word' id='word_1_255' title='bbox 935 2123 1032 2167; x_wconf 89' lang='lat' dir='ltr'><strong>Filii</strong></span> <span class='ocrx_word' id='word_1_256' title='bbox 1056 2132 1311 2182; x_wconf 84' lang='lat' dir='ltr'><strong>potestatem</strong></span> <span class='ocrx_word' id='word_1_257' title='bbox 1332 2158 1340 2176; x_wconf 95' lang='lat'><strong>,</strong></span> <span class='ocrx_word' id='word_1_258' title='bbox 1368 2123 1470 2180; x_wconf 84' lang='lat' dir='ltr'><strong>quia</strong></span> 
     </span>
     <span class='ocr_line' id='line_1_29' title="bbox 46 2192 1470 2260; baseline -0.007 -15"><span class='ocrx_word' id='word_1_259' title='bbox 46 2227 49 2229; x_wconf 94' lang='lat'>·</span> <span class='ocrx_word' id='word_1_260' title='bbox 79 2201 125 2244; x_wconf 91' lang='lat' dir='ltr'><strong>in</strong></span> <span class='ocrx_word' id='word_1_261' title='bbox 151 2201 274 2260; x_wconf 85' lang='lat' dir='ltr'><strong>jussu</strong></span> <span class='ocrx_word' id='word_1_262' title='bbox 298 2200 440 2244; x_wconf 90' lang='lat' dir='ltr'><strong>dictus</strong></span> <span class='ocrx_word' id='word_1_263' title='bbox 470 2207 532 2242; x_wconf 87' lang='lat' dir='ltr'><strong>est</strong></span> <span class='ocrx_word' id='word_1_264' title='bbox 560 2198 862 2241; x_wconf 88' lang='lat' dir='ltr'><strong>descensurus.</strong></span> <span class='ocrx_word' id='word_1_265' title='bbox 901 2192 983 2238; x_wconf 89' lang='lat' dir='ltr'><strong>Sed</strong></span> <span class='ocrx_word' id='word_1_266' title='bbox 1012 2194 1298 2253; x_wconf 86' lang='lat' dir='ltr'><strong>quaerendum</strong></span> <span class='ocrx_word' id='word_1_267' title='bbox 1321 2202 1383 2236; x_wconf 85' lang='lat' dir='ltr'><strong>est</strong></span> <span class='ocrx_word' id='word_1_268' title='bbox 1416 2193 1470 2236; x_wconf 83' lang='lat' dir='ltr'><strong>ab</strong></span> 
     </span>
     <span class='ocr_line' id='line_1_30' title="bbox 81 2264 1471 2330; baseline -0.007 -15"><span class='ocrx_word' id='word_1_269' title='bbox 81 2271 162 2325; x_wconf 89' lang='lat' dir='ltr'><strong>eis,</strong></span> <span class='ocrx_word' id='word_1_270' title='bbox 182 2273 306 2330; x_wconf 85' lang='lat' dir='ltr'><strong>jussu</strong></span> <span class='ocrx_word' id='word_1_271' title='bbox 324 2271 463 2329; x_wconf 86' lang='lat' dir='ltr'><strong>cujus.</strong></span> <span class='ocrx_word' id='word_1_272' title='bbox 489 2270 532 2314; x_wconf 93' lang='lat' dir='ltr'><strong>Si</strong></span> <span class='ocrx_word' id='word_1_273' title='bbox 552 2268 686 2312; x_wconf 88' lang='lat' dir='ltr'><strong>Patris</strong></span> <span class='ocrx_word' id='word_1_274' title='bbox 701 2301 712 2322; x_wconf 91' lang='lat'><strong>,</strong></span> <span class='ocrx_word' id='word_1_275' title='bbox 733 2264 1028 2322; x_wconf 85' lang='lat' dir='ltr'><strong>interrogandi</strong></span> <span class='ocrx_word' id='word_1_276' title='bbox 1052 2274 1153 2309; x_wconf 90' lang='lat' dir='ltr'><strong>sunt</strong></span> <span class='ocrx_word' id='word_1_277' title='bbox 1172 2265 1326 2308; x_wconf 90' lang='lat' dir='ltr'><strong>iterum</strong></span> <span class='ocrx_word' id='word_1_278' title='bbox 1340 2299 1350 2317; x_wconf 90' lang='lat'><strong>,</strong></span> <span class='ocrx_word' id='word_1_279' title='bbox 1371 2264 1471 2323; x_wconf 87' lang='lat' dir='ltr'><strong>qui-</strong></span> 
     </span>
     <span class='ocr_line' id='line_1_31' title="bbox 84 2334 1472 2401; baseline -0.007 -15"><span class='ocrx_word' id='word_1_280' title='bbox 84 2341 164 2385; x_wconf 87' lang='lat' dir='ltr'><strong>bus</strong></span> <span class='ocrx_word' id='word_1_281' title='bbox 189 2340 501 2401; x_wconf 83' lang='lat' dir='ltr'><strong>temporalibus</strong></span> <span class='ocrx_word' id='word_1_282' title='bbox 526 2338 668 2382; x_wconf 84' lang='lat' dir='ltr'><strong>verbis</strong></span> <span class='ocrx_word' id='word_1_283' title='bbox 691 2338 846 2398; x_wconf 85' lang='lat' dir='ltr'><strong>jubeat</strong></span> <span class='ocrx_word' id='word_1_284' title='bbox 868 2339 993 2379; x_wconf 86' lang='lat' dir='ltr'><strong>Pater</strong></span> <span class='ocrx_word' id='word_1_285' title='bbox 1020 2344 1183 2378; x_wconf 87' lang='lat' dir='ltr'><strong>aeterno</strong></span> <span class='ocrx_word' id='word_1_286' title='bbox 1214 2349 1293 2378; x_wconf 87' lang='lat' dir='ltr'><strong>suo</strong></span> <span class='ocrx_word' id='word_1_287' title='bbox 1328 2334 1472 2377; x_wconf 87' lang='lat' dir='ltr'><strong>Verbo</strong></span> 
     </span>
     <span class='ocr_line' id='line_1_32' title="bbox 83 2404 1473 2467; baseline -0.007 -11"><span class='ocrx_word' id='word_1_288' title='bbox 83 2420 133 2456; x_wconf 89' lang='lat' dir='ltr'><strong>ut</strong></span> <span class='ocrx_word' id='word_1_289' title='bbox 154 2410 390 2456; x_wconf 85' lang='lat' dir='ltr'><strong>descendat</strong></span> <span class='ocrx_word' id='word_1_290' title='bbox 414 2409 469 2452; x_wconf 88' lang='lat' dir='ltr'><strong>de</strong></span> <span class='ocrx_word' id='word_1_291' title='bbox 497 2407 624 2453; x_wconf 84' lang='lat' dir='ltr'><strong>coelo.</strong></span> <span class='ocrx_word' id='word_1_292' title='bbox 654 2406 877 2467; x_wconf 91' lang='lat' dir='ltr'><strong>Siquidem</strong></span> <span class='ocrx_word' id='word_1_293' title='bbox 900 2406 990 2464; x_wconf 87' lang='lat' dir='ltr'><strong>ipsa</strong></span> <span class='ocrx_word' id='word_1_294' title='bbox 1025 2406 1100 2448; x_wconf 92' lang='lat' dir='ltr'><strong>Dei</strong></span> <span class='ocrx_word' id='word_1_295' title='bbox 1120 2405 1254 2464; x_wconf 86' lang='lat' dir='ltr'><strong>jussio</strong></span> <span class='ocrx_word' id='word_1_296' title='bbox 1276 2419 1375 2464; x_wconf 82' lang='lat' dir='ltr'><strong>quae</strong></span> <span class='ocrx_word' id='word_1_297' title='bbox 1399 2404 1473 2446; x_wconf 86' lang='lat' dir='ltr'><strong>fiet</strong></span> 
     </span>
     <span class='ocr_line' id='line_1_33' title="bbox 85 2476 1473 2543; baseline -0.006 -17"><span class='ocrx_word' id='word_1_298' title='bbox 85 2484 130 2528; x_wconf 91' lang='lat' dir='ltr'><strong>in</strong></span> <span class='ocrx_word' id='word_1_299' title='bbox 148 2493 344 2543; x_wconf 88' lang='lat' dir='ltr'><strong>tempore</strong></span> <span class='ocrx_word' id='word_1_300' title='bbox 366 2497 468 2537; x_wconf 89' lang='lat' dir='ltr'><strong>suo,</strong></span> <span class='ocrx_word' id='word_1_301' title='bbox 485 2482 575 2540; x_wconf 85' lang='lat' dir='ltr'><strong>jam</strong></span> <span class='ocrx_word' id='word_1_302' title='bbox 593 2488 686 2524; x_wconf 86' lang='lat' dir='ltr'><strong>erat</strong></span> <span class='ocrx_word' id='word_1_303' title='bbox 708 2488 808 2524; x_wconf 87' lang='lat' dir='ltr'><strong>ante</strong></span> <span class='ocrx_word' id='word_1_304' title='bbox 829 2477 972 2522; x_wconf 90' lang='lat' dir='ltr'><strong>omnia</strong></span> <span class='ocrx_word' id='word_1_305' title='bbox 996 2485 1190 2536; x_wconf 89' lang='lat' dir='ltr'><strong>tempora</strong></span> <span class='ocrx_word' id='word_1_306' title='bbox 1213 2477 1259 2519; x_wconf 89' lang='lat' dir='ltr'><strong>in</strong></span> <span class='ocrx_word' id='word_1_307' title='bbox 1284 2476 1377 2535; x_wconf 90' lang='lat' dir='ltr'><strong>ipso</strong></span> <span class='ocrx_word' id='word_1_308' title='bbox 1399 2476 1473 2519; x_wconf 91' lang='lat' dir='ltr'><strong>Dei</strong></span> 
     </span>
    </p>
   </div>
   <div class='ocr_carea' id='block_1_3' title="bbox 135 2558 1471 2609">
    <p class='ocr_par' dir='ltr' id='par_1_4' title="bbox 135 2558 1471 2609">
     <span class='ocr_line' id='line_1_34' title="bbox 135 2558 1471 2609; baseline -0.007 -8"><span class='ocrx_word' id='word_1_309' title='bbox 135 2575 142 2592; x_wconf 90' lang='lat'><strong>¹</strong></span> <span class='ocrx_word' id='word_1_310' title='bbox 168 2569 240 2601; x_wconf 79' lang='lat' dir='ltr'><strong>lsai.</strong></span> <span class='ocrx_word' id='word_1_311' title='bbox 261 2577 374 2609; x_wconf 78' lang='lat' dir='ltr'><strong>xxxin,</strong></span> <span class='ocrx_word' id='word_1_312' title='bbox 397 2577 425 2599; x_wconf 87' lang='lat'><strong>1.</strong></span> <span class='ocrx_word' id='word_1_313' title='bbox 440 2572 505 2589; x_wconf 76' lang='lat'><strong>-2</strong></span> <span class='ocrx_word' id='word_1_314' title='bbox 525 2564 604 2597; x_wconf 88' lang='lat' dir='ltr'><strong>Psal.</strong></span> <span class='ocrx_word' id='word_1_315' title='bbox 634 2575 697 2606; x_wconf 71' lang='grc' dir='ltr'><strong>ουτ,</strong></span> <span class='ocrx_word' id='word_1_316' title='bbox 720 2574 749 2596; x_wconf 82' lang='grc' dir='ltr'><strong>ι.</strong></span> <span class='ocrx_word' id='word_1_317' title='bbox 766 2561 834 2587; x_wconf 85' lang='lat'><strong>..3</strong></span> <span class='ocrx_word' id='word_1_318' title='bbox 853 2564 947 2595; x_wconf 73' lang='lat' dir='ltr'><strong>Joan‚</strong></span> <span class='ocrx_word' id='word_1_319' title='bbox 967 2573 990 2603; x_wconf 87' lang='lat'><strong>1,</strong></span> <span class='ocrx_word' id='word_1_320' title='bbox 1013 2560 1064 2602; x_wconf 71' lang='lat'><strong>14.</strong></span> <span class='ocrx_word' id='word_1_321' title='bbox 1080 2559 1150 2590; x_wconf 81' lang='grc'><strong>-4</strong></span> <span class='ocrx_word' id='word_1_322' title='bbox 1179 2572 1189 2592; x_wconf 84' lang='lat'><em>1</em></span> <span class='ocrx_word' id='word_1_323' title='bbox 1220 2558 1326 2592; x_wconf 84' lang='lat' dir='ltr'><strong>Thess.</strong></span> <span class='ocrx_word' id='word_1_324' title='bbox 1351 2571 1398 2597; x_wconf 83' lang='lat' dir='ltr'><strong>iv,</strong></span> <span class='ocrx_word' id='word_1_325' title='bbox 1421 2560 1471 2591; x_wconf 85' lang='lat'><strong>15.</strong></span> 
     </span>
    </p>
   </div>
  </div>
 </body>
</html>
