1803 3250
308 214 365 243 AD
395 215 583 243 oRoanM
614 213 778 244 CONTRA
810 215 1009 243 PRISCILL·
1046 216 1098 243 ΕΤ
1128 216 1303 244 OMGEN.
1430 206 1507 245 451

132 280 396 325 Pharisaeum
415 280 601 340 justitias
623 295 720 324 suas
748 288 1160 324 commemorantem
1191 290 1321 341 atque
1342 282 1514 340 jactan-

130 359 237 406 tem,
257 348 404 396 divina
424 364 531 395 voce
556 350 758 394 firmavit.
785 351 873 395 Nec
895 360 1143 395 succenseat
1170 351 1249 396 iste
1280 366 1428 396 recens
1459 351 1518 395 il-

127 419 367 465 luminatus
394 420 458 464 in
490 434 619 464 carne
645 455 657 475 ‚
688 419 810 479 quod
844 434 942 464 eum
979 422 1164 465 diximus
1197 423 1242 465 in
1277 437 1366 466 suae
1401 421 1513 466 fidei

127 491 365 548 tyrocinio,
396 490 574 551 quando
607 490 750 535 adhuc
782 490 878 550 quis
911 500 1021 535 esset
1048 493 1124 551 qui
1157 507 1255 536 eum
1283 502 1508 538 sanaverat

126 563 353 618 neciebat,
388 562 534 608 minus
565 563 921 620 circumspectam
955 563 1181 621 protulisse
1213 565 1474 608 sententiam
1495 600 1506 620 ,

132 650 153 676 «
172 634 551 693 Quia'peccatores
569 635 683 678 Deus
702 647 792 676 non
813 632 986 676 exaudit
1019 652 1028 677 2
1053 651 1071 674 »
1093 649 1195 677 cum
1211 635 1290 694 ipsi
1312 635 1507 694 Apostoli

128 703 320 760 Domini,
339 719 430 764 prae
443 703 608 749 caeteris
625 702 752 748 electi
766 711 809 747 et
822 702 1033 748 lateribus
1046 704 1314 749 cohaerentes
1335 707 1514 766 ejusque

129 789 204 819 ore
238 773 502 835 pendentes,
540 772 678 819 multa
711 774 981 834 reperiantur
1018 775 1307 834 improbanda
1338 775 1513 830 dixisse,

129 860 232 905 quae
253 860 595 891 commemorare
615 845 835 905 prolixum
857 854 921 890 est
934 880 946 901 ,
968 844 1027 889 ita
1045 853 1094 888 ut
1116 845 1267 890 heatus
1290 849 1440 890 Petrus
1462 846 1518 890 de

129 916 397 977 quibusdam
419 918 561 963 verbis
581 918 685 973 suis,
710 933 800 962 non
818 917 958 962 solum
982 916 1265 976 reprehendi,
1289 917 1365 962 sed
1387 919 1517 962 etiam

132 989 311 1034 Satanas
331 989 542 1050 appellari
564 988 774 1034 meruerit
806 991 837 1033 ¹.

180 1061 316 1106 XIII.
339 1063 602 1121 Quanquam
624 1060 672 1105 in
692 1062 1016 1120 comparatione
1041 1059 1220 1119 justitiae
1248 1061 1352 1115 Dei,
1381 1062 1414 1105 si
1439 1076 1517 1105 nec

129 1132 267 1177 sancti
281 1131 329 1176 in
340 1131 463 1177 coelis
478 1132 634 1191 Angeli
644 1132 752 1192 justi
768 1147 859 1176 esse
878 1131 1097 1185 dicantur,
1121 1147 1209 1176 non
1223 1132 1330 1176 mihi
1346 1131 1518 1176 videtur

128 1202 382 1262 importuna
408 1203 624 1247 sententia
654 1222 664 1248 ι
689 1218 778 1247 non
801 1203 904 1263 quia
935 1213 985 1246 ut
1008 1203 1091 1247 hoc
1120 1212 1284 1258 essent,
1310 1219 1333 1247 a
1353 1203 1518 1263 justitia

129 1271 243 1333 lapsi
262 1283 393 1331 sunt,
412 1273 490 1318 sed
502 1274 606 1334 quia
627 1273 730 1318 facti
751 1285 869 1327 sunt,
896 1284 937 1318 et.
962 1277 1074 1318 Deus
1088 1290 1176 1319 non
1186 1284 1291 1318 sunt
1303 1309 1314 1329 ,
1332 1284 1520 1319 tantum-

130 1359 218 1404 que
239 1344 441 1404 spiritalis
457 1344 635 1389 luminis
652 1345 814 1389 habere
833 1360 923 1389 non
939 1354 1136 1404 possunt,
1157 1355 1371 1405 quantum
1387 1347 1520 1390 habet

129 1412 205 1458 ille
225 1430 251 1459 a
271 1430 361 1475 quo
382 1413 486 1460 facti
508 1423 626 1459 sunt.
646 1415 714 1459 lbi
735 1416 850 1459 enim
874 1430 1044 1459 summa
1059 1415 1243 1474 justitia,
1260 1415 1335 1459 ubi
1352 1430 1521 1459 summa

77 1514 80 1517 -
130 1485 343 1544 sapientia
368 1504 378 1530 ε
402 1494 447 1530 et
468 1486 552 1531 hoc
575 1489 690 1530 Deus
713 1495 777 1529 est
792 1521 802 1539 ,
827 1485 882 1528 de
904 1500 992 1545 quo
1008 1485 1273 1539 dictumest,
1302 1505 1321 1527 ιι
1346 1486 1433 1530 Soli
1450 1501 1520 1530 sa-

131 1572 153 1597 »
177 1556 318 1615 pienti
328 1558 467 1602 De02.
492 1574 512 1599 »
535 1556 620 1602 Sed
637 1556 719 1601 alia
733 1557 918 1615 quaestio
930 1564 994 1600 est
1008 1590 1018 1611 ,
1034 1565 1247 1615 quantum
1254 1556 1433 1616 justitiae
1451 1558 1520 1616 ip-

129 1625 218 1672 sius
234 1627 410 1687 capiant
422 1627 594 1686 Angeli,
615 1637 919 1687 quantumque
938 1642 1028 1670 non
1042 1628 1230 1686 capiant.
1252 1629 1386 1688 Cujus
1403 1628 1518 1672 enim

130 1697 463 1758 participatione
475 1698 583 1758 justi
598 1708 717 1751 sunt,
736 1699 828 1757 ejus
845 1699 1170 1757 comparatione
1186 1713 1266 1742 nec
1279 1699 1384 1758 justi
1399 1708 1515 1742 sunt.

192 1770 314 1813 XIV.
343 1767 428 1814 Sed
451 1766 534 1812 alia
555 1776 635 1821 est,
660 1777 710 1811 ut
732 1768 838 1821 dixi,
862 1769 939 1812 ista
961 1769 1162 1827 quaestio,
1188 1768 1270 1812 alia
1291 1768 1345 1812 de
1368 1768 1519 1812 sideri-

131 1837 232 1894 bus,
247 1847 292 1882 et
307 1837 413 1893 sole,
438 1846 482 1882 et
501 1836 623 1892 luna,
647 1832 795 1882 utrum
810 1838 880 1882 vel
897 1838 1128 1883 rationales
1144 1839 1336 1883 habeant
1345 1839 1520 1898 spiritus

132 1909 178 1955 in
195 1910 262 1955 his
273 1910 522 1969 ⁴conspicuis
534 1909 789 1968 corporibus
801 1909 957 1954 lucidis
980 1929 989 1954 ε
1009 1926 1107 1969 quae
1129 1926 1309 1969 corpora
1333 1926 1422 1954 esse
1444 1912 1519 1969 qui

132 1979 322 2035 dubitat,
347 1978 457 2039 quid
477 1980 532 2024 sit
553 1979 730 2024 omnino
745 1994 906 2039 corpus
928 1981 1115 2038 ignorat.
1136 1983 1287 2040 Neque
1303 1980 1382 2025 ista
1405 1981 1520 2024 mul-

132 2058 228 2094 tum
247 2050 303 2095 ad
323 2065 403 2095 nos
422 2049 660 2108 pertinent,
685 2059 734 2093 ut
755 2065 804 2093 ea
821 2065 994 2094 summo
1011 2050 1156 2095 studio
1172 2052 1379 2108 indagare
1395 2067 1521 2095 cure-

130 2134 249 2175 mus,
273 2135 376 2181 quae
397 2128 564 2165 remota
591 2129 695 2164 sunt
715 2135 739 2163 a
759 2120 955 2164 sensibus
979 2122 1134 2164 nostris
1155 2129 1198 2164 et
1216 2120 1272 2164 ab
1293 2120 1519 2166 intellectu

131 2190 396 2237 infirmitatis
415 2192 642 2246 humanae,
663 2206 744 2236 nec
769 2191 813 2235 in
836 2191 937 2249 ipsis
963 2191 1193 2250 Scripturis
1209 2192 1267 2236 ita
1289 2193 1447 2251 posita,
1470 2201 1520 2236 ut

133 2262 260 2309 nobis
279 2277 433 2307 eorum
457 2262 512 2306 sit
532 2261 736 2306 mandata
756 2261 962 2321 cognitio.
990 2264 1085 2306 Imo
1104 2277 1207 2306 vero
1230 2278 1285 2306 ne
1308 2263 1518 2323 praecipiti

132 2333 377 2393 suspicione
400 2333 445 2377 in
476 2332 648 2377 fabulas
668 2333 895 2392 sacrilegas
923 2333 1137 2376 irruamus
1153 2368 1163 2387 ‚
1193 2331 1351 2377 clamat
1375 2334 1517 2394 Scrip-

128 2399 230 2449 tura
258 2403 405 2448 divina
429 2422 438 2449 ε
469 2422 490 2445 «
521 2403 685 2448 Altiora
711 2413 755 2448 te
781 2419 836 2448 ne
857 2403 1074 2463 quaesieris
1091 2438 1101 2458 ,
1127 2412 1170 2447 et
1191 2403 1369 2449 fortiora
1397 2413 1440 2449 te
1462 2420 1517 2449 ne

135 2494 154 2517 »
183 2483 399 2520 scrutatus
429 2474 590 2533 fueris,
622 2476 696 2519 sed
719 2490 819 2535 quae
840 2475 920 2519 tibi
948 2475 1155 2534 praecepit
1180 2476 1410 2529 Dominus,
1444 2475 1516 2520 illa

180 2565 192 2582 ¹
218 2559 342 2592 Matth.
362 2570 432 2601 xvi,
447 2559 502 2592 25.
518 2577 559 2583 —
575 2565 588 2582 2
607 2562 700 2592 Rom.
716 2568 786 2601 xvi,
806 2569 859 2599 2⁶5.

1262 2615 1327 2651 ἐξ).
1353 2619 1355 2621 ’
