1803 3250
436 213 600 244 corz-rm
633 213 847 252 unsrun,
882 214 965 242 Lm.
1002 215 1112 243 xxn.
1412 208 1465 246 55

83 279 191 342 quid
223 278 345 325 aliud
377 279 621 336 adamavit,
659 279 740 324 nisi
773 278 1016 324 doctrinam
1050 280 1299 340 sapientiae?
1326 285 1467 336 Quam

84 351 280 412 plerique
301 366 346 396 se
377 350 608 410 adepturos
631 358 676 395 et
700 359 981 410 percepturos
1010 360 1166 409 putant
1190 353 1333 396 statim
1355 363 1404 398 ut
1426 370 1469 399 se

84 423 128 467 in
151 431 315 482 septem
333 422 557 481 praeceptis
572 421 677 481 legis
699 421 997 475 exercuerint,
1023 437 1122 480 quae
1143 432 1244 467 sunt
1265 423 1320 468 de
1343 424 1470 470 dilec-

85 493 203 539 tione
223 492 437 553 proximi,
480 507 537 537 ne
573 494 780 553 cuiquam
824 491 990 536 homini
1022 501 1262 547 noceatur,
1308 495 1353 538 id
1374 506 1466 542 est:

88 582 109 606 «
135 565 311 609 Honora
332 571 499 623 patrem
523 572 567 608 et
588 572 771 608 matrem
791 581 800 608 :
821 564 920 609 Non
935 562 1226 606 moechaberis
1248 581 1258 608 ε
1276 565 1373 609 Non
1394 581 1470 610 oc-

90 656 108 677 »
133 633 249 680 cides
272 653 283 681 ε
306 637 404 681 Non
426 633 638 679 furaberis
664 654 673 680 :
699 636 797 679 Non
824 632 985 679 falsum
1008 633 1304 678 testimonium
1326 634 1468 682 dices:

86 723 108 747 »
132 707 229 751 Non
245 706 522 765 concupisces
538 720 715 750 uxorem
735 705 918 765 proximi
938 706 1066 751 :Non
1079 706 1358 764 concupisces
1380 722 1469 751 rem

88 798 108 819 »
133 775 319 835 proximi
339 778 352 801 ¹
376 795 386 822 :
413 795 433 818 »
457 777 619 837 quibus
641 786 855 837 quantum
873 776 1067 837 potuerit
1087 777 1322 822 observatis
1339 813 1350 833 ,
1374 794 1474 838 pos-

83 856 287 908 teaquam
321 847 489 892 homini
526 863 606 907 pro
643 848 877 908 concupita
905 857 950 893 et
979 857 1149 907 sperata
1181 847 1474 907 pulcherrima

83 917 372 963 delectatione
395 918 607 963 doctrinae
626 954 636 974 ,
671 934 748 979 per
780 920 1041 964 tentationes
1062 919 1198 962 varias
1218 953 1229 974 ‚
1254 920 1377 980 quasi
1398 935 1475 980 per

84 989 216 1050 hujus
237 989 386 1033 saeculi
405 998 580 1034 noctem
600 1025 612 1046 ,
637 989 868 1035 tolerantia
888 988 1047 1034 laboris
1064 989 1294 1034 adhaeserit
1313 1026 1324 1046 ,
1354 991 1475 1036 velut

83 1076 163 1121 pro
184 1059 350 1105 Rachel
377 1062 454 1105 Lia
476 1062 699 1120 inopinata
720 1062 956 1121 conjuncta
978 1061 1061 1118 sit3
1086 1070 1129 1104 et
1158 1062 1271 1105 hanc
1293 1062 1476 1106 sustinet

84 1141 135 1177 ut
163 1131 217 1177 ad
250 1131 370 1176 illam
392 1132 618 1191 perveniat
636 1166 646 1186 ‚
685 1132 719 1176 si
758 1139 1083 1190 perseveranter
1110 1140 1255 1185 amat,
1292 1134 1476 1192 acceptis

83 1202 177 1248 aliis
197 1211 363 1262 septem
394 1203 620 1262 praeceptis
647 1220 657 1247 ε
685 1217 735 1246 ac
756 1201 791 1246 si
811 1201 982 1246 dicatur
1003 1201 1040 1245 ei
1067 1220 1076 1246 :
1104 1202 1225 1246 Servi
1248 1201 1352 1247 alios
1378 1218 1476 1262 sep-

82 1282 173 1318 tem
193 1288 331 1317 annos
352 1287 431 1332 pro
454 1271 645 1327 Rachel,
672 1281 722 1316 ut
744 1272 800 1316 sit
821 1286 989 1331 pauper
1010 1272 1164 1331 spiritu
1185 1306 1196 1327 ,
1221 1273 1336 1318 mitis
1355 1308 1367 1328 ‚
1405 1273 1475 1317 lu-

82 1359 187 1404 gens
203 1378 215 1396 ,
252 1343 443 1388 esuriens
464 1343 701 1402 sitiensque
719 1342 933 1403 justitiam
950 1376 962 1396 ‚
994 1341 1232 1387 misericors
1248 1378 1258 1398 ‚
1296 1343 1474 1388 mundi-

82 1430 179 1460 cors
195 1449 207 1471 ,
230 1415 438 1475 pacificus
459 1417 491 1458 ².
522 1413 666 1459 Vellet
687 1415 802 1458 enim
824 1414 957 1458 homo
974 1448 984 1467 ‚
1017 1414 1051 1458 si
1071 1414 1164 1458 fieri
1186 1424 1330 1474 posset
1348 1451 1359 1470 ‚
1384 1416 1475 1460 sine

83 1484 172 1530 ulla
198 1485 428 1530 tolerantia
455 1484 616 1530 laboris
635 1521 646 1541 ‚
680 1501 781 1545 quae
805 1485 850 1529 in
873 1484 1043 1544 agendo
1064 1485 1360 1546 patiendoque
1383 1502 1476 1530 am-

83 1556 314 1617 plectenda
331 1565 420 1612 est,
443 1556 586 1601 statim
618 1556 673 1601 ad
699 1556 898 1616 pulchrae
921 1565 1051 1616 atque
1074 1555 1277 1615 perfectae
1304 1559 1475 1617 sapien-

82 1629 154 1673 tiae
185 1627 360 1674 delicias
391 1628 616 1688 pervenire
644 1647 653 1673 :
679 1627 755 1672 sed
774 1628 858 1672 hoc
888 1643 977 1672 non
1001 1637 1144 1687 potest
1174 1628 1218 1672 in
1242 1638 1354 1674 terra
1377 1644 1475 1674 mo-

83 1700 306 1744 rientium.
333 1702 427 1744 Hoc
455 1701 571 1743 enim
593 1699 769 1745 videtur
789 1699 1031 1758 significare
1045 1735 1056 1754 ‚
1082 1700 1204 1760 quod
1226 1700 1394 1746 dictum
1415 1712 1479 1746 est

83 1769 139 1816 ad
160 1769 298 1815 Jacob
319 1789 329 1816 :
354 1788 375 1812 «
396 1772 493 1816 Non
511 1779 574 1814 est
594 1770 726 1814 moris
743 1770 789 1814 in
805 1769 903 1815 loco
919 1779 1090 1826 nostro,
1112 1781 1160 1816 ut
1178 1772 1322 1817 minor
1339 1773 1476 1817 nubat

87 1862 106 1885 »
134 1841 389 1902 priusquam
411 1843 548 1903 major
566 1843 597 1885 9.
627 1860 647 1883 »
673 1843 786 1895 Quia
809 1857 900 1886 non
923 1842 1112 1887 absurde
1130 1845 1269 1903 major
1290 1844 1477 1904 appella-

82 1923 156 1959 tur
170 1949 182 1970 ‚
215 1929 316 1975 quae
337 1923 531 1971 tempore
552 1914 671 1973 prior
693 1923 771 1959 est.
800 1914 923 1960 Prior
944 1923 1008 1959 est
1027 1924 1172 1959 autem
1196 1916 1241 1959 in
1264 1926 1381 1961 recta
1395 1917 1477 1962 ho—

83 1985 212 2030 minis
248 1985 494 2030 eruditione
527 1983 653 2030 labor
687 1984 900 2044 operandi
934 2001 1034 2045 quae
1052 1987 1168 2047 justa
1190 1997 1319 2040 sunt,
1345 2003 1474 2047 quam

83 2057 285 2117 voluptas
302 2055 575 2116 intelligendi
596 2072 696 2117 quae
717 2071 819 2102 vera
841 2066 957 2102 sunt.

143 2126 214 2172 Ad
233 2128 318 2172 hoc
338 2126 453 2172 valet
474 2127 596 2188 quod
618 2129 827 2187 scriptum
856 2137 944 2173 est:
968 2147 989 2170 «
1013 2129 1266 2187 Concupisti
1302 2129 1474 2188 sapien-

87 2217 108 2241 »
143 2199 266 2253 tiam,
287 2213 408 2243 serva
426 2198 646 2254 mandata,
667 2209 710 2243 et
726 2200 936 2244 Dominus
954 2200 1145 2259 praebet4
1166 2199 1285 2244 illam
1311 2200 1429 2245 tibi5.
1452 2220 1471 2242 »

84 2267 291 2314 Mandata
305 2269 459 2328 utique
475 2269 531 2313 ad
543 2270 755 2329 justitiam
774 2270 1034 2330 pertinentia
1051 2289 1060 2315 ε
1080 2270 1290 2330 justitiam
1308 2280 1471 2327 autem,

83 2355 184 2401 quae
205 2354 259 2383 ex
278 2338 366 2383 fide
387 2348 478 2397 est3
502 2356 602 2400 quae
623 2341 736 2385 inter
755 2342 1049 2386 tentationum
1075 2341 1238 2385 incerta
1263 2352 1471 2397 versatur,

84 2419 136 2454 ut
151 2410 220 2469 pie
236 2409 456 2455 credendo
470 2411 590 2471 quod
606 2412 804 2455 nondum
826 2411 1046 2470 intelligit,
1073 2413 1201 2456 etiam
1224 2412 1473 2470 intelligen-

136 2516 147 2533 ¹
163 2511 266 2544 Exod.
283 2521 339 2553 xx,
361 2520 478 2551 12-17.
496 2529 537 2535 —
554 2519 566 2534 ²
585 2513 704 2544 Matth.
725 2524 759 2547 v,
784 2514 815 2554 3,
837 2518 902 2545 etc.
920 2512 985 2536 ——3
1003 2516 1082 2546 Gen.
1100 2524 1186 2555 xxix,
1206 2515 1259 2547 26.
1278 2532 1318 2538 -—
1332 2515 1346 2543 4
1366 2515 1470 2546 Forte

83 2568 254 2613 praebebit.
268 2583 310 2592 --
324 2566 338 2591 ⁵
361 2569 458 2601 Eccli.
479 2580 505 2609 1,
534 2569 585 2601 33.
