1803 3250
371 183 449 218 1232
802 189 833 214 s.
873 187 1097 214 Auernum
1136 187 1315 212 uriscori

363 255 550 312 redigitis
573 253 626 295 ad
645 260 858 294 naturam.
881 254 1154 311 Quapropter
1169 250 1200 293 si
1216 249 1323 308 quid
1339 258 1502 293 naturae
1517 250 1745 308 proprium

360 328 414 370 sit
435 323 670 384 quaeritur,
696 321 768 366 illa
790 321 967 382 quidem
992 337 1071 367 nec
1094 319 1382 365 immortalem
1400 320 1508 365 mori
1532 319 1644 374 vult,
1669 333 1749 362 nec

360 411 449 440 non
471 394 581 439 mori
604 392 846 438 mortalem.
875 394 916 439 Si
940 409 1042 439 vero
1063 401 1320 452 potestatem
1342 393 1388 437 in
1410 395 1501 437 Deo
1519 401 1650 452 atque
1668 390 1748 434 ho-

357 466 475 510 mine
496 464 551 509 ad
572 464 799 510 efficienda
822 480 922 525 quae
941 465 1078 509 velint
1100 465 1337 524 quaerimus
1353 499 1364 520 ‚
1388 462 1523 522 magis
1544 471 1654 521 puto
1675 462 1750 504 Je-

358 551 454 582 sum
475 536 585 581 mori
607 535 798 596 potuisse
816 570 827 591 ,
853 551 986 596 quam
1013 551 1101 581 non
1129 534 1241 579 mori
1268 533 1410 579 Eliam
1435 552 1444 578 ε
1469 533 1605 593 major
1634 531 1750 576 enim

359 617 548 669 potestas
570 608 616 652 in
644 611 747 652 Jesu
776 623 908 668 quam
935 608 981 652 in
1010 607 1121 652 Elia.
1162 609 1220 652 Et
1243 607 1277 651 si
1311 615 1360 650 tu
1396 604 1748 664 impotentiorem

357 690 510 727 contra
535 688 703 724 naturae
731 679 952 723 licentiam
984 678 1101 723 levas
1133 679 1179 722 in
1208 677 1402 732 coelum,
1436 689 1750 734 consecrasque

358 751 667 812 perpetuitati,
692 759 860 794 naturae
881 758 925 795 et
952 749 1213 794 conditionis
1242 749 1333 808 ejus
1355 745 1516 792 oblitus
1538 768 1549 805 3
1572 761 1651 805 ego
1674 748 1749 790 Je-

356 839 454 868 sum
470 858 482 878 ‚
508 821 699 882 potuisse
721 821 859 877 mori,
884 820 918 864 si
939 819 1106 874 voluit,
1131 833 1208 863 cur
1227 834 1318 863 non
1335 817 1592 872 concedam,
1618 816 1750 860 etiam

356 895 391 938 si
413 908 514 938 vere
535 901 722 937 mortem
744 891 862 935 illam
887 889 1019 934 fuisse
1035 925 1046 944 ‚
1078 898 1122 934 et
1147 905 1236 934 non
1261 890 1409 934 mortis
1431 889 1618 946 figuram
1643 901 1751 930 con-

355 964 538 1007 sentiam
560 964 578 1006 ?
603 965 658 1006 Ut
679 962 795 1006 enim
824 961 879 1004 ab
906 960 1031 1005 initio
1054 969 1228 1020 sumpta
1250 959 1438 1004 hominis
1459 957 1749 1003 similitudine

354 1049 505 1079 omnes
520 1034 727 1078 humanae
747 1032 1009 1077 conditionis
1038 1031 1257 1076 simulavit
1284 1031 1490 1086 affectus,
1527 1030 1586 1074 sie
1619 1029 1674 1073 ab
1706 1043 1751 1072 re

355 1122 446 1152 non
463 1115 582 1161 erat,
608 1106 643 1150 si
664 1105 710 1149 in
725 1106 811 1150 fine
833 1120 1012 1165 quoque
1034 1102 1345 1163 consignandae
1367 1101 1627 1147 oeconomiae
1647 1115 1750 1160 gra-

355 1178 416 1222 tia
436 1177 590 1222 fuisset
607 1177 721 1221 visus
738 1185 782 1221 et
802 1177 928 1220 mori.
950 1193 969 1217 »

415 1250 474 1292 II.
503 1267 524 1290 «
547 1251 761 1292 Praeterea
782 1245 894 1291 illud
916 1260 1094 1306 quoque
1111 1242 1571 1297 commemorandum,
1593 1242 1696 1302 quia.
1718 1242 1752 1286 si

353 1318 463 1380 quid
480 1319 639 1378 cuique
661 1334 738 1378 per
758 1327 960 1362 naturam
981 1316 1110 1362 liceat
1131 1317 1365 1377 quaeritur,
1397 1316 1510 1360 circa
1538 1314 1684 1359 omnia
1706 1313 1751 1358 id

352 1390 492 1451 quaeri
513 1389 694 1434 deberet
715 1404 815 1448 quae
838 1391 962 1432 Jesus
987 1388 1116 1446 gessit
1133 1421 1144 1441 ,
1178 1403 1268 1431 non
1295 1388 1409 1432 circa
1439 1395 1627 1431 mortem
1649 1394 1750 1430 tan-

354 1460 584 1506 tummodo
602 1461 750 1520 ipsius.
774 1462 884 1506 Nam
902 1467 945 1502 et
967 1473 1134 1502 caecum
1149 1472 1173 1500 a
1188 1457 1413 1501 nativitate
1434 1456 1585 1501 lumen
1602 1456 1750 1501 videre

353 1541 510 1577 natura
531 1546 622 1576 non
644 1531 747 1575 sinit
761 1565 772 1585 ‚
797 1529 919 1591 quod
940 1538 1086 1573 tamen
1101 1531 1226 1572 Jesus
1246 1537 1449 1587 potenter
1467 1536 1671 1587 operatus
1688 1528 1748 1571 vi-

352 1603 482 1648 detur
513 1617 613 1660 erga
647 1603 778 1662 hujus
812 1600 981 1659 generis
1003 1614 1140 1643 caecos
1163 1634 1174 1653 ‚
1211 1598 1320 1643 adeo
1351 1610 1402 1643 ut
1434 1597 1579 1643 Judaei
1601 1607 1647 1643 et
1667 1598 1749 1658 ipsi

352 1673 645 1718 exclamarent
661 1707 672 1728 ,
700 1671 755 1715 ab
778 1671 904 1715 initio
922 1669 1070 1715 saeculi
1091 1684 1321 1730 nunquam
1344 1669 1476 1714 fuisse
1497 1669 1639 1714 visum
1653 1703 1664 1723 ‚
1698 1678 1749 1714 ut

349 1745 505 1804 aliquis
517 1743 755 1804 aperuisset
767 1741 916 1788 oculos
930 1741 1032 1787 caeci
1045 1741 1135 1786 nati
1151 1762 1162 1799 3
1183 1756 1364 1785 manum
1376 1741 1542 1786 aridam
1558 1756 1742 1797 sanasse,

348 1830 502 1862 vocem
527 1831 576 1860 ac
603 1815 788 1861 verbum
820 1813 997 1873 privatis
1024 1812 1090 1856 his
1122 1827 1199 1871 per
1226 1821 1428 1857 naturam
1446 1848 1457 1868 ‚
1483 1813 1741 1865 redonasse,

348 1888 532 1933 mortuis
560 1895 604 1931 et
635 1886 682 1930 in
715 1885 858 1929 tabem
881 1885 972 1945 jam
1006 1884 1204 1928 resolutis
1241 1885 1497 1944 corporibus
1531 1899 1743 1943 compage

347 1958 518 2004 reddita
539 1957 717 2002 vitalem
734 1955 1050 2016 redintegrasse
1071 1955 1288 2015 spiritum,
1312 1971 1444 2015 quem
1467 1970 1557 2000 non
1580 1955 1636 2000 ad
1651 1964 1745 1999 stu-

346 2045 499 2091 porem
520 2028 710 2074 adducat
725 2064 736 2084 ,
768 2038 812 2073 et
834 2037 963 2087 cogat
985 2026 1178 2088 quodam
1201 2026 1334 2072 modo
1362 2026 1543 2072 minime
1565 2025 1744 2071 credere

347 2102 612 2161 cogitantem
635 2099 744 2162 quid
765 2100 894 2146 liceat
913 2135 923 2156 ,
953 2098 1115 2160 quidve
1138 2115 1227 2145 non
1247 2099 1376 2144 liceat
1400 2114 1478 2160 per
1509 2101 1744 2144 naturam?

345 2179 451 2228 Quae
472 2183 619 2218 tamen
638 2172 786 2218 omnia
801 2187 880 2218 nos
897 2171 1188 2217 communiter
1210 2170 1324 2217 facta
1351 2171 1405 2216 ab
1428 2170 1584 2216 eodem
1605 2169 1742 2215 credi-

346 2259 444 2289 mus
465 2244 728 2299 Christiani,
753 2258 844 2289 non
872 2242 1216 2288 consideratione
1228 2244 1317 2302 jam
1341 2250 1511 2287 naturae
1528 2276 1539 2298 ,
1565 2240 1641 2286 sed
1659 2256 1743 2301 po-

351 2318 513 2362 testatis
534 2325 708 2361 tantum
725 2324 769 2360 et
792 2314 964 2361 virtutis
985 2314 1079 2358 Dei.
1109 2314 1289 2372 Legitur
1312 2314 1359 2358 id
1379 2328 1556 2374 quoque
1573 2348 1585 2369 ‚
1617 2312 1740 2373 quod

347 2385 402 2431 de
424 2387 655 2447 supercilio
681 2385 842 2432 montis
879 2386 1065 2446 jactatus
1099 2383 1335 2444 aliquando
1364 2401 1387 2429 a
1409 2383 1599 2440 Judaeis,
1626 2383 1741 2428 illae-

347 2475 418 2504 sus
460 2459 653 2504 abierit¹.
690 2459 772 2513 Qui
813 2472 916 2516 ergo
953 2455 1009 2501 de
1034 2454 1208 2501 sublimi
1237 2466 1386 2501 montc
1409 2456 1736 2516 praecipitatus,

395 2552 402 2566 ¹
426 2547 499 2577 Luc.
521 2556 564 2586 iv,
583 2553 635 2587 29.
