1803 3250
1031 152 1053 164 O

315 243 395 282 428
755 250 788 278 s.
826 251 1056 281 Aucus-nm
1093 254 1272 282 Emscom

313 328 481 364 vorent:
497 320 583 361 Deo
602 326 746 362 tamen
768 332 948 364 munera
963 320 1187 364 offerenda
1208 335 1298 364 esse
1319 321 1577 366 monstravit
1592 356 1603 377 ,
1627 324 1704 383 qui

315 389 475 434 nullius
498 387 680 447 indiget,
707 398 750 433 et
768 403 949 434 munera
970 391 1184 436 sumendo
1199 391 1296 450 plus
1314 391 1499 436 confert.
1526 395 1623 452 Ipse
1640 403 1703 438 est

310 460 423 504 onim
448 469 491 503 et
516 459 829 518 Prophetarum
850 463 963 506 Deus
979 497 989 516 ,
1014 462 1090 522 qui
1114 474 1152 505 et
1176 477 1359 507 munera
1385 479 1484 508 suos
1509 465 1704 523 accipere

310 540 424 576 votat
444 566 454 584 ‚
485 531 646 591 quibus
680 542 952 577 excaecantur
974 533 1089 578 oculi
1109 532 1429 593 judicantium,
1456 545 1499 580 et
1521 551 1704 580 munera

309 605 410 661 ipse,
430 603 628 663 quamvis
646 619 735 648 non
748 614 888 663 egeat,
903 605 1075 665 accipit,
1093 615 1144 650 ut
1157 607 1316 666 pietate
1330 607 1705 667 saciatopulentas

309 677 470 720 animas
487 675 783 720 offerentium.
800 677 882 729 Qui
899 677 1088 721 sabbatis
1106 679 1331 723 hominem
1348 680 1532 734 curavit,
1554 688 1703 724 osten-

306 748 411 791 dens
429 749 520 807 jam
544 762 632 791 esse
654 757 848 807 tempus,
882 757 932 792 ut
957 749 1201 792 secundum
1225 750 1502 809 prophetiam
1533 751 1704 795 Cantici

304 819 573 863 canticorum
599 819 807 877 aspiraret
825 817 915 861 dies
932 820 962 872 ¹,
991 827 1033 862 et
1050 829 1381 864 removerentur
1399 821 1582 865 umbrae.
1607 824 1704 881 Ipse

303 901 365 934 est
387 891 502 933 enim
520 899 562 933 et
580 889 898 946 Prophetarum
918 892 1055 945 Deus,
1077 890 1153 950 qui
1170 891 1395 936 hominem
1413 892 1528 950 ligna
1547 894 1701 937 sabba-

305 962 355 1005 tis
377 959 681 1019 colligentem,
718 960 823 1020 quia
850 960 1050 1004 nondum
1090 961 1281 1006 duorum
1323 965 1703 1008 Testamentorum

305 1042 499 1092 tempora
522 1032 817 1091 distinguebat
833 1070 843 1087 ,
870 1032 944 1076 sed
969 1036 1128 1092 Legem
1147 1035 1223 1077 Dei
1241 1036 1490 1079 contumaci
1506 1044 1548 1079 et
1570 1037 1703 1095 impia

303 1113 449 1147 mente
472 1113 816 1163 contempserat,
841 1103 1129 1163 lapidandum
1148 1120 1238 1148 esse
1253 1105 1502 1163 mandavit,
1523 1107 1704 1167 ejusque

303 1175 516 1236 corporali
540 1186 680 1220 morte
701 1180 866 1235 (quam
890 1186 987 1236 post
1020 1176 1251 1236 paululum
1276 1177 1396 1222 omni
1419 1178 1585 1222 homini
1608 1180 1704 1238 quis

303 1248 477 1292 dubitet
509 1246 816 1303 affuturamt)
848 1247 987 1291 sanxit
1016 1248 1174 1292 timore
1209 1248 1504 1294 obedientiam
1537 1250 1705 1295 ceeteris

304 1317 596 1379 profuturam.
632 1319 718 1372 Qui
753 1328 931 1378 propter
959 1318 1187 1364 salvandos
1222 1321 1420 1364 homines
1458 1336 1502 1364 se
1539 1322 1706 1366 venisse

303 1390 425 1434 dixit.
454 1393 551 1449 Ipse
573 1399 636 1434 est
653 1391 769 1433 enim
789 1399 832 1434 et
850 1390 1168 1449 Prophetarum
1190 1393 1326 1445 Deus,
1347 1390 1424 1450 qui
1442 1392 1561 1451 justo
1581 1391 1703 1451 judi-

303 1463 370 1507 cio
407 1477 517 1521 quos
545 1460 640 1504 vult
674 1461 865 1505 obdurat
902 1481 910 1505 :
942 1462 1051 1505 sicut
1083 1461 1129 1504 in
1151 1460 1419 1521 Evangelio,
1460 1463 1630 1507 «Venit
1659 1464 1702 1508 in

307 1553 325 1573 u
348 1533 565 1593 judicium
583 1569 594 1588 ,
631 1548 718 1577 non
749 1532 890 1577 solum
915 1542 965 1576 ut
993 1533 1069 1593 qui
1098 1549 1187 1577 non
1218 1532 1370 1578 vident
1397 1535 1599 1591 videant,
1630 1535 1705 1581 sed

311 1627 326 1645 »
345 1605 474 1648 ctiam
499 1614 549 1648 ut
582 1604 658 1664 qui
692 1603 869 1659 vident,
908 1604 1011 1648 caeci
1034 1604 1141 1648 fiant
1157 1605 1188 1647 ².
1214 1623 1234 1646 »
1262 1604 1348 1658 Qui
1378 1605 1581 1650 mandata
1603 1607 1705 1651 vitae

303 1686 526 1738 perpetuae
544 1676 670 1721 nobis
689 1675 824 1721 dedit.
849 1679 946 1736 Ipse
969 1686 1033 1721 est
1050 1676 1167 1720 enim
1180 1686 1223 1721 et
1236 1678 1557 1736 Prophetarum
1572 1681 1701 1735 Deus,

302 1750 378 1810 qui
403 1748 606 1793 mandata
628 1758 775 1793 sancta
799 1758 842 1793 et
858 1749 976 1810 justa
998 1757 1042 1793 et
1060 1747 1193 1805 bona,
1213 1749 1414 1809 superbis
1428 1760 1592 1806 tamen,
1616 1768 1705 1797 non

302 1821 356 1866 de
380 1821 510 1882 ipsius
526 1822 679 1881 gratia,
700 1821 776 1866 sed
790 1820 845 1865 de
865 1837 942 1866 sua
967 1822 1131 1865 virtute
1152 1821 1409 1877 fidentibus,
1436 1838 1526 1867 non
1543 1823 1705 1883 quibus

303 1893 518 1949 viverent,
534 1893 610 1938 sed
625 1893 786 1954 quibus
803 1902 1094 1948 morerentur,
1117 1902 1167 1937 ut
1186 1894 1551 1938 convincerentur
1564 1895 1700 1941 dedit.

305 1965 425 2010 Sicut
444 1964 664 2026 Apostoli,
683 1964 856 2009 dicente
870 1980 960 2009 uno
977 1964 1187 2024 ipsorum,
1218 1984 1238 2006 «
1256 1967 1404 2010 Bonus
1422 1965 1532 2010 odor
1544 1967 1705 2012 Christi

307 2056 325 2077 »
350 2046 492 2092 erant,
519 2038 629 2082 etin
660 2037 725 2082 his
759 2037 836 2097 qui
869 2036 974 2081 salvi
1001 2036 1191 2091 fiebant,
1229 2045 1273 2080 et
1300 2036 1345 2080 in
1379 2037 1446 2081 his
1478 2039 1554 2098 qui
1587 2040 1703 2098 peri-

308 2130 325 2148 »
357 2109 487 2165 bant,
513 2108 604 2153 aliis
626 2107 805 2170 quidem
825 2107 934 2153 odor
952 2106 1054 2152 vitae
1076 2108 1122 2152 in
1144 2107 1296 2163 vitam,
1316 2108 1409 2152 aliis
1425 2107 1535 2153 odor
1552 2112 1703 2155 mortis

307 2199 324 2220 ι)
351 2181 396 2224 in
420 2183 652 2225 mortemss,
679 2200 698 2222 »
725 2181 811 2234 Qui
833 2180 1087 2225 vitiatorum
1109 2178 1224 2224 salus
1247 2181 1468 2240 apparuit,
1506 2181 1613 2227 dans
1639 2183 1703 2227 in-

302 2264 467 2296 cessum
490 2252 657 2298 claudis
673 2289 684 2308 ,
709 2252 906 2312 linguam
935 2252 1066 2296 mutis
1083 2288 1094 2308 ,
1131 2250 1331 2297 auditum
1359 2252 1524 2308 surdis,
1550 2253 1700 2299 lumen

303 2323 442 2367 eaecis.
472 2327 568 2384 Ipse
591 2333 655 2369 est
672 2324 788 2369 enim
811 2333 855 2368 et
879 2324 1196 2384 Prophetarum
1219 2326 1351 2379 Deus,
1377 2324 1454 2384 qui
1474 2324 1626 2369 eadem
1643 2327 1702 2371 vi-

308 2393 363 2437 tia
388 2409 474 2439 non
496 2394 636 2440 solum
659 2395 1058 2440 misericordissime
1075 2403 1197 2439 sanat
1213 2430 1224 2450 ,
1249 2396 1536 2440 verumetiam
1554 2397 1702 2457 justis-

304 2465 411 2508 sime
441 2467 662 2525 importat.
700 2470 853 2529 Neque
889 2467 1003 2511 enim
1040 2467 1172 2511 debet
1206 2482 1306 2511 eum
1343 2468 1575 2529 quisquam
1613 2485 1703 2514 non

308 2536 450 2580 minus
474 2536 604 2596 impia
624 2539 817 2584 vanitate
837 2539 1011 2585 Christo
1025 2547 1180 2598 putare
1197 2539 1485 2595 contrarium,
1511 2549 1554 2584 et
1571 2540 1700 2585 istum

356 2630 366 2645 ¹
386 2624 481 2656 Cant.
499 2634 538 2666 11,
570 2635 622 2667 17.
638 2641 678 2648 -
694 2630 707 2647 ²
725 2626 818 2660 Joan.
839 2638 885 2668 ix,
904 2628 959 2671 39.
975 2645 1017 2653 --
1034 2625 1048 2651 3
1069 2637 1088 2661 2
1105 2630 1178 2661 Cor.
1196 2638 1232 2669 u,
1257 2626 1307 2660 15Ε
