1803 3250
319 218 405 260 458
792 229 930 257 sumo
962 227 1236 259 Ammonia.

318 297 499 342 transire
517 330 530 350 ,
554 295 613 339 ita
636 304 679 340 et
697 310 825 340 nemo
848 304 988 355 potest
1011 296 1102 340 sine
1128 296 1291 356 Spiritu
1310 307 1461 344 sancto
1484 299 1644 347 Filium
1664 304 1710 349 in

316 369 497 412 veritate
525 366 705 411 adorare
738 385 746 410 :
785 368 902 426 Ergo
942 367 988 412 in
1019 367 1184 427 Spiritu
1216 377 1364 414 sancto
1404 371 1611 417 adoratur
1631 374 1709 419 Fi-

315 439 414 483 lius.
436 456 456 480 »

372 509 536 552 XXIX.
577 526 598 550 «
614 510 694 552 Per
710 507 868 552 Filium
886 507 1152 569 glorificatur
1170 512 1310 555 Pater.
1333 529 1352 552 »

375 581 517 624 XXX.
544 598 561 620 «
579 580 764 639 Spiritus
779 581 915 626 sancti
930 597 1040 642 opus
1052 591 1095 626 et
1106 580 1330 641 diligentia
1345 592 1408 628 est
1425 585 1709 644 sanctificare,

316 661 359 697 et
378 660 548 696 sanctos
562 650 798 708 custodire,
822 662 868 697 et
889 668 980 697 non
991 652 1134 698 solum
1152 654 1445 708 rationabilia,
1466 665 1517 700 ut
1531 657 1712 717 quidam

316 733 490 784 putant,
510 723 586 769 sed
609 733 654 768 et
674 724 986 769 irrationabilia
1004 724 1129 782 plura
1153 726 1422 770 sanctificare
1446 746 1455 771 ι
1481 737 1525 771 et
1541 742 1615 773 eos
1635 730 1713 790 qui
1745 757 1748 760 Δ

316 795 566 841 ceciderunt
588 805 767 856 propter
788 811 911 840 suam
934 794 1259 854 negligentiam,
1289 795 1344 841 ad
1370 798 1602 856 pristinum
1623 809 1713 845 sta—

318 877 410 912 tum
429 882 644 926 reparare,
666 867 917 925 ignorantes
934 865 1109 922 docere,
1129 866 1433 914 obliviscentes
1447 868 1683 916 admonere
1699 907 1711 929 ‚

315 948 545 999 peccantes
563 953 760 998 arguere,
779 938 924 998 pigros
944 938 1108 983 hortari
1125 938 1180 982 de
1202 939 1341 984 salute
1363 956 1439 985 sua
1462 943 1654 1000 cogitare
1671 951 1715 987 et

313 1010 496 1055 sollicite
518 1024 664 1068 agere,
689 1018 881 1054 errantes
903 1009 958 1054 ad
972 1010 1086 1054 viam
1105 1010 1297 1055 veritatis
1319 1011 1560 1068 deducere,
1592 1013 1714 1058 infir—

319 1098 409 1126 mos
424 1097 592 1137 curare,
611 1090 654 1125 et
676 1080 954 1139 fragilitatem
972 1081 1164 1140 corporis
1176 1097 1253 1141 per
1270 1081 1537 1127 alacritatem
1557 1084 1713 1128 animae

316 1154 555 1202 continere,
581 1162 624 1197 et
645 1153 699 1197 ad
722 1168 913 1197 amorem
942 1152 1111 1211 pietatis
1134 1162 1177 1197 et
1193 1154 1399 1198 castitatis
1425 1155 1684 1199 confirmare
1700 1190 1712 1210 ,

317 1235 359 1269 et
388 1240 538 1269 omnes
570 1224 841 1281 illuminare,
879 1240 1008 1284 super
1041 1225 1186 1269 omnia
1224 1225 1354 1269 fidem
1386 1235 1429 1270 et
1457 1226 1715 1271 charitatem

317 1297 514 1356 praebere
529 1296 709 1355 singulis
721 1332 731 1351 ,
756 1312 834 1355 pro
857 1297 1001 1341 studio
1020 1312 1198 1356 quoque
1218 1306 1260 1340 et
1277 1296 1517 1355 diligentia,
1534 1313 1614 1357 pro
1629 1299 1713 1343 sin-

316 1370 495 1414 ceritate
512 1378 555 1413 et
574 1368 846 1428 simplicitate
867 1370 1039 1423 mentis,
1059 1384 1137 1428 pro
1155 1384 1358 1413 mensura
1376 1369 1479 1412 fidei
1496 1378 1539 1413 et
1557 1370 1714 1415 merito

316 1441 655 1485 conversationis
671 1440 854 1498 gratiam
868 1440 922 1483 ad
936 1439 1170 1483 utilitatem
1190 1439 1400 1494 dividere,
1416 1450 1459 1484 et
1478 1441 1716 1501 unusquis-

258 1540 261 1542 -
317 1527 403 1572 que
427 1513 472 1555 in
494 1527 582 1570 quo
605 1526 735 1569 opere
757 1520 800 1554 et
825 1512 1046 1568 proposito
1072 1509 1206 1554 fuerit
1232 1511 1389 1556 habilis
1408 1547 1419 1563 ‚
1454 1511 1498 1555 in
1526 1512 1623 1572 ipso
1645 1529 1718 1558 or-

318 1583 484 1626 dinare.
502 1601 520 1622 »

377 1655 543 1697 XXXI.
574 1672 594 1695 «
616 1651 761 1697 Alium
779 1666 869 1696 esse
887 1668 910 1696 a
934 1652 1061 1707 Filio,
1083 1662 1126 1696 et
1147 1662 1302 1697 natura
1323 1663 1366 1697 et
1384 1654 1553 1709 ordine,
1578 1655 1716 1712 gradu

319 1733 362 1768 et
384 1724 567 1779 affectu,
588 1724 799 1784 dignitate
820 1734 864 1768 et
886 1733 1099 1784 potestate
1115 1759 1126 1778 ,
1162 1724 1323 1768 virtute
1355 1733 1399 1768 et
1428 1726 1682 1783 operatione
1703 1745 1714 1772 ι

319 1796 428 1840 sicut
451 1805 494 1839 et
518 1796 653 1840 Filius
678 1806 831 1840 natura
855 1805 898 1839 et
921 1796 1095 1850 ordine,
1123 1795 1262 1855 gradu
1285 1805 1326 1839 et
1351 1795 1536 1851 affectu,
1568 1796 1717 1842 divina

320 1867 531 1925 dignitate
561 1878 602 1911 et
624 1876 850 1927 potestate,
876 1867 1126 1926 unigenitus
1156 1869 1270 1913 Deus
1296 1866 1403 1912 alius
1430 1879 1495 1912 est
1518 1868 1574 1912 ab
1590 1868 1716 1928 inge-

322 1940 413 1984 nito
432 1943 538 1984 Deo.
562 1958 582 1980 »

381 2012 569 2054 XXXII.
610 2028 628 2051 «
652 2010 925 2069 Impossibile
946 2025 1049 2069 ergo
1065 2019 1128 2054 est
1150 2024 1288 2053 unum
1312 2008 1607 2069 eumdemque
1627 2024 1717 2054 esse

324 2085 494 2126 Patrem
519 2091 561 2124 et
584 2080 768 2136 Filium,
787 2089 1067 2140 generantem
1086 2090 1129 2125 et
1147 2089 1416 2135 nascentem,
1433 2081 1505 2124 cui
1519 2082 1716 2125 testimo-

322 2155 445 2197 nium
462 2153 736 2212 perhibetur,
753 2161 796 2196 et
813 2159 912 2196 eum
929 2152 1006 2212 qui
1028 2151 1325 2197 testimonium
1339 2151 1558 2210 perhibet,
1577 2153 1717 2211 majo·
1743 2185 1745 2187 .

322 2239 413 2268 rem
428 2233 472 2268 et
488 2239 589 2268 eum
603 2224 680 2284 qui
699 2225 907 2284 majorem
924 2223 1159 2268 confitetur
1175 2241 1185 2274 ·‚
1205 2238 1307 2266 eum
1328 2223 1405 2282 qui
1426 2222 1480 2266 ad
1496 2223 1719 2267 dexteram

324 2295 444 2340 sedet
477 2305 521 2339 et
556 2304 642 2340 stat
665 2305 708 2339 et
735 2310 835 2339 eum
863 2295 949 2355 qui
971 2294 1083 2339 sedis
1105 2293 1228 2339 dedit
1252 2295 1463 2338 honorem
1484 2315 1496 2351 3
1522 2309 1622 2338 eum
1643 2296 1720 2354 qui

325 2368 478 2411 missus
494 2376 558 2412 est
567 2377 611 2411 et
622 2383 723 2411 eum
734 2368 811 2428 qui
825 2368 963 2425 misit3
978 2381 1058 2411 nec
1069 2365 1334 2425 discipulum
1353 2375 1396 2410 et
1410 2364 1652 2421 doctorem,
1670 2375 1721 2410 ut

325 2440 416 2498 ipse
433 2438 584 2483 docuit
606 2438 779 2484 dicens:
803 2457 823 2481 «
846 2439 966 2484 Sicut
982 2437 1134 2482 docuit
1157 2453 1227 2482 me
1251 2440 1394 2492 Pater,
1414 2438 1449 2482 si
1465 2437 1645 2498 loquor¹
1671 2456 1714 2482 :»

325 2510 510 2555 similem
533 2519 577 2554 et
591 2510 871 2566 imitatorem,
894 2519 938 2556 et
959 2525 1060 2555 eum
1075 2510 1199 2570 cujus
1211 2518 1276 2555 est
1289 2508 1437 2555 similis
1451 2519 1495 2555 et
1507 2509 1716 2561 imitator3

375 2604 383 2620 ¹
404 2598 498 2630 Joan.
522 2607 594 2639 vm,
615 2599 668 2631 28.
