1803 3250
415 209 579 240 contrua
608 208 825 244 nus-rum,
860 209 943 235 Lm.
981 209 1121 236 xxxu.
1384 197 1467 235 175

82 278 227 322 animo
261 277 306 321 in
334 277 414 322 hac
448 292 493 321 re
532 276 674 320 tenuit
710 273 784 318 illa
820 274 1034 318 sententia
1068 272 1259 319 veritatis
1288 291 1298 318 ε
1340 291 1360 315 «
1373 275 1470 319 Non

83 365 104 390 »
130 348 252 408 quod
274 348 406 392 intrat
425 348 472 392 in
495 363 541 392 os
569 355 760 391 vestrum
777 379 789 400 ,
815 360 891 390 vos
917 345 1201 405 coinquinat,
1241 343 1319 389 sed
1346 344 1468 404 quod

87 438 104 460 »
126 418 212 463 exit
227 420 239 444 ¹
259 438 268 463 :
292 437 312 460 »
331 417 497 463 nullam
511 416 597 461 cibi
612 425 830 470 naturam,
845 429 977 475 quam
994 416 1172 460 societas
1186 415 1378 459 admittit
1388 416 1472 459 hu-

79 505 230 546 mana,
268 490 344 535 sed
375 504 474 550 quae
506 489 698 549 inquitas
737 487 973 533 committit
991 521 1002 542 ,
1039 497 1217 545 peccata
1257 486 1469 532 condem-

85 577 214 607 nans.

140 634 260 678 XIV.
295 633 496 677 Jamvero
527 630 582 676 de
612 631 891 691 antiquorum
920 629 1044 674 factis
1068 663 1079 684 ,
1117 638 1160 673 et
1192 645 1293 688 quae
1325 630 1466 675 stultis

79 712 211 763 atque
232 702 459 747 ineruditis
480 701 687 746 videntur
708 709 903 761 peccata,
926 698 1035 744 dum
1052 714 1142 743 non
1164 708 1282 754 sunt,
1314 709 1358 744 et
1374 716 1474 759 quae

84 788 183 817 vere
205 782 382 832 peccata
403 782 506 817 sunt
520 807 531 828 ,
556 787 689 833 quam
713 772 772 817 ob
793 786 964 817 causam
985 770 1229 829 conscripta
1245 769 1354 826 sint,
1384 786 1472 815 ser-

83 853 181 889 vata
203 845 428 904 magisque
450 845 752 889 commendata
769 844 1001 904 Scripturae
1022 843 1158 902 ipsius
1174 842 1473 897 veneratione,

81 915 314 960 sufficienti
329 917 420 976 jam
442 929 641 961 sermone
661 915 1028 960 monstravimus²
1053 932 1063 959 ι
1088 929 1168 958 nec
1190 928 1281 958 non
1297 912 1352 958 de
1382 928 1477 958 ma-

82 985 243 1031 ledicto
265 987 358 1046 ejus
386 987 462 1047 qui
491 986 656 1046 pendet
683 987 729 1030 in
758 986 900 1044 ligno,
936 994 979 1029 et
1011 985 1103 1045 ejus
1125 984 1202 1045 qui
1223 999 1313 1028 non
1335 984 1473 1028 susci-

86 1057 240 1101 taverit
253 1072 400 1101 semen
414 1057 458 1100 in
480 1057 626 1112 Israel,
638 1058 728 1117 jam
741 1057 933 1116 primum
945 1070 1024 1100 suo
1038 1054 1135 1100 loco
1149 1054 1472 1114 respondimus,

84 1143 185 1173 cum
207 1129 301 1173 haec
322 1137 423 1172 ante
445 1127 711 1172 dilueremus
732 1128 927 1187 objecta:
949 1136 991 1171 et
1005 1142 1182 1186 prorsus
1204 1127 1367 1181 omnia,
1389 1127 1477 1171 sive

82 1200 138 1243 de
153 1198 315 1260 quibus
335 1198 588 1259 singillatim
605 1200 694 1259 jam
717 1198 1008 1243 anterioribus
1027 1199 1157 1258 hujus
1180 1198 1321 1258 operis
1339 1199 1477 1258 parti-

82 1270 165 1315 bus
181 1269 477 1324 disseruimus,
502 1270 590 1314 sive
613 1285 714 1330 quae
734 1270 780 1313 in
800 1270 882 1315 isto
900 1304 911 1324 ,
937 1269 1008 1314 cui
1031 1269 1362 1329 respondemus,
1386 1285 1479 1314 ser-

85 1357 214 1387 mone
234 1357 313 1386 suo
335 1345 519 1387 Faustus
539 1340 694 1386 similia
711 1343 883 1401 posuit,
912 1356 999 1385 una
1020 1341 1263 1386 firmissima
1285 1342 1478 1386 veritatis

86 1413 253 1457 ratione
285 1411 585 1467 defendimus,
624 1427 755 1472 quam
786 1412 841 1456 de
870 1421 1118 1457 sanctarum
1151 1412 1475 1471 Scripturarum

85 1483 344 1527 auctoritate
374 1483 662 1542 percepimus.
697 1485 998 1543 Quaecumque
1020 1483 1177 1542 scripta
1200 1491 1302 1527 sunt
1323 1482 1369 1526 in
1392 1482 1478 1526 illis

85 1552 206 1598 libris
229 1553 394 1598 Veteris
414 1554 693 1609 Testamenti,
711 1555 856 1598 omnia
870 1554 1089 1598 verissime
1103 1563 1236 1614 atque
1249 1552 1478 1597 utilissime

87 1640 167 1684 pro
187 1634 349 1669 aeterna
370 1625 457 1669 vita
475 1625 633 1684 scripta
649 1640 739 1669 esse
755 1624 1000 1679 laudamus,
1025 1624 1261 1684 accipimus
1279 1659 1290 1679 ,
1319 1639 1479 1684 appro-

88 1694 243 1740 bamus
266 1713 277 1741 :
301 1694 377 1739 sed
398 1711 498 1756 quae
513 1696 559 1739 in
576 1696 642 1739 his
657 1695 861 1740 mandata
883 1694 1099 1755 corporali
1114 1695 1369 1754 operatione
1390 1711 1478 1740 non

87 1767 368 1811 observamus
385 1800 396 1820 ,
429 1775 473 1810 et
494 1767 727 1810 rectissime
748 1776 854 1811 tunc
880 1766 1083 1810 mandata
1105 1766 1388 1825 intelligimus
1402 1802 1412 1822 ,
1436 1775 1479 1811 et

89 1838 264 1883 umbras
284 1836 535 1882 futurorum
556 1852 647 1882 esse
677 1836 908 1882 didicimus
924 1872 935 1891 ,
971 1846 1015 1882 et
1046 1852 1166 1881 nunc
1187 1838 1279 1897 jam
1306 1837 1479 1897 impleri

89 1908 408 1968 cognocismus.
432 1912 496 1953 Ac
517 1923 594 1968 per
612 1909 694 1953 hoc
714 1908 912 1969 quisquis
933 1907 1007 1952 illa
1029 1916 1136 1952 tunc
1158 1909 1291 1952 etiam
1315 1924 1446 1968 opera
1465 1943 1475 1962 ,

90 1995 191 2039 quae
212 1979 268 2025 ad
289 1978 621 2038 significandum
648 1979 716 2038 agi
743 1979 1042 2039 jubebantur,
1076 1994 1166 2024 non
1195 1980 1479 2035 observabat,

90 2065 242 2109 poenas
273 2050 482 2096 divinitus
513 2050 769 2096 constitutas
803 2050 1041 2094 rectissimo
1067 2050 1233 2109 judicio
1257 2050 1482 2109 persolve-

92 2120 187 2176 bat,
217 2122 329 2166 sicut
349 2137 468 2166 nunc
490 2122 523 2166 si
553 2121 650 2181 quis
678 2130 946 2166 sacramenta
974 2121 1084 2166 Novi
1115 2121 1380 2166 Testamenti
1403 2137 1484 2181 pro

94 2193 299 2252 temporis
316 2193 483 2238 ratione
503 2192 705 2237 distincta
721 2191 853 2236 fuerit
866 2206 994 2236 ausus
1016 2191 1224 2250 sacrilega
1239 2193 1483 2236 temeritate

95 2263 272 2308 violare.
298 2263 680 2318 Quemadmodum
701 2264 818 2308 enim
840 2275 945 2309 tunc
960 2264 1066 2324 justi
1083 2263 1185 2318 viri,
1205 2264 1282 2323 qui
1303 2280 1383 2324 pro
1397 2263 1481 2308 illis

96 2335 374 2379 sacramentis
407 2351 490 2379 nec
523 2344 710 2380 mortem
738 2343 1069 2390 recusaverunt,
1100 2335 1199 2394 jure
1220 2334 1482 2386 laudantur;

97 2405 157 2450 ita
177 2421 296 2450 nunc
313 2421 392 2465 pro
413 2405 501 2450 istis
518 2408 731 2464 Martyres
747 2407 899 2451 sancti.
921 2409 978 2451 Et
994 2407 1105 2451 sicut
1120 2421 1233 2464 aeger
1250 2422 1339 2451 non
1354 2405 1485 2451 debet

100 2475 417 2536 reprehendere
440 2474 742 2521 medicinalem
774 2475 1018 2522 doctrinam
1035 2509 1047 2530 ,
1070 2477 1106 2521 si
1127 2474 1247 2522 aliud
1269 2475 1331 2521 illi
1356 2476 1485 2522 hodie

148 2563 158 2582 ⁶
175 2561 295 2595 Matth.
316 2572 371 2602 xv,
394 2571 444 2594 ιι.
461 2576 502 2585 ·-
517 2564 530 2584 2
550 2560 627 2594 Vide
648 2571 754 2605 supi-a,
773 2559 830 2594 lib.
850 2573 923 2594 xxn.
