1803 3250
453 208 617 238 comm
649 209 925 238 anonumum
959 208 1244 238 Mamenffium.
1462 202 1543 243 295

159 276 353 336 cupiant.
378 278 533 321 Nonne
555 276 792 334 cognoscis,
825 274 858 318 si
880 273 938 318 ita
969 285 1047 330 cst,
1072 286 1247 336 excepta
1271 285 1399 336 gente
1421 286 1544 325 tene-

161 347 339 392 brarum
368 348 459 407 jam
494 346 602 390 duas
634 361 723 391 esse
761 353 954 400 naturas,
994 346 1172 392 alteram
1209 347 1384 393 alterius
1421 363 1546 408 egere

161 417 339 472 auxilio,
363 418 438 462 sed
461 425 660 461 neutram
677 432 728 460 ex
750 413 926 460 alterius
948 417 1138 475 pendere
1159 418 1400 478 principio?
1424 421 1547 466 Hanc

159 488 358 548 profecto
390 488 643 547 opinionem
681 496 730 530 tu
764 485 1030 546 repudiabis,
1066 489 1273 547 quoniam
1304 489 1547 537 Manichaeo

154 561 344 604 >maxime
359 559 536 604 adversa
549 567 628 613 est,
649 558 727 618 qui
742 573 832 603 non
847 557 955 602 duas
977 567 1153 604 naturas
1168 575 1312 619 regem
1330 560 1546 607 luminum

158 639 202 675 et
220 629 387 674 lumina
410 645 509 690 quae
532 638 760 687 reguntur,
785 628 860 673 sed
883 628 991 673 duas
1013 639 1190 674 naturas
1213 646 1395 689 regnum
1413 629 1547 676 lumi-

156 717 263 747 num
281 710 324 746 et
342 716 525 759 regnum
547 701 825 744 tenebrarum
845 700 1103 759 persuadere
1124 710 1322 746 conatur.
1344 701 1547 761 Refugies

155 774 288 832 igitur
310 772 366 817 ad
386 773 454 827 id,
481 782 531 816 ut
553 772 699 830 genita
727 771 845 817 dicas
867 772 960 816 haec
981 771 1176 817 lumina:
1201 771 1279 816 ubi
1301 787 1401 816 cum
1423 789 1546 832 quae·

154 845 282 899 siero,
322 860 401 889 cur
431 844 670 889 infirmiora
705 844 808 899 sint,
845 843 1111 889 contendere
1147 842 1326 889 fortasse
1358 845 1546 890 tentabis

154 915 355 976 aequalia.
385 914 470 961 Sed
491 930 592 960 cum
616 914 831 961 retulero:
856 917 965 968 Quae
992 930 1119 959 causa
1142 923 1207 959 est
1237 923 1288 958 ut
1309 917 1547 973 regantur?

153 986 337 1045 Negabis
365 986 472 1045 regi.
508 986 621 1030 Hinc
646 985 948 1046 respondebo:
973 988 1062 1031 Cur
1084 986 1250 1030 habent
1272 987 1442 1044 regem?
1466 987 1547 1031 Ubi

153 1073 244 1102 non
261 1057 386 1102 video
412 1056 520 1117 quid
544 1066 675 1101 restet
697 1057 955 1116 ingenuitati
986 1066 1089 1111 tuae,
1110 1056 1190 1100 nisi
1208 1065 1258 1100 ut
1274 1065 1316 1100 te
1334 1057 1543 1116 poeniteat

152 1128 240 1175 tale
263 1129 423 1173 ostium
445 1129 638 1187 posuisse
654 1128 700 1171 in
717 1126 897 1187 epistola
918 1137 1008 1183 tua,
1031 1144 1106 1187 per
1123 1127 1243 1187 quod
1264 1137 1309 1172 tu
1327 1129 1415 1188 ipse
1430 1128 1545 1172 exire

152 1215 243 1245 non
269 1199 418 1259 possis.
454 1198 539 1244 Sed
560 1199 689 1242 etiam
713 1214 814 1243 cum
839 1208 881 1243 te
904 1199 1161 1258 poenituerit
1182 1209 1226 1244 et
1248 1200 1426 1254 dixeris,
1452 1215 1543 1244 non

150 1271 248 1317 ideo
265 1272 556 1317 Manichaeum
576 1271 740 1316 victum
761 1271 906 1330 putari
927 1279 1143 1329 oportere,
1169 1270 1290 1330 quod
1310 1279 1359 1314 tu
1376 1270 1541 1331 aliquid

165 1359 195 1387 n
217 1343 368 1388 litteris
382 1343 467 1387 tuis
482 1342 698 1387 incautius
717 1342 893 1400 posuisti
911 1362 921 1399 3
945 1341 1340 1386 innumerabilibus
1358 1341 1465 1386 locis
1487 1342 1542 1386 de

152 1414 272 1459 libris
304 1413 533 1458 Manichaei
571 1413 791 1457 recitabo:
817 1415 1020 1471 Regnum
1057 1412 1166 1457 lucis
1205 1413 1260 1457 ab
1297 1428 1349 1458 eo
1381 1412 1539 1467 vocari,

149 1486 272 1546 quod
293 1501 428 1545 regno
444 1484 724 1529 tenebrarum
740 1484 996 1529 naturaliter
1013 1485 1237 1529 constituit
1258 1500 1348 1529 esse
1368 1494 1543 1530 contra-

151 1558 282 1612 rium,
321 1573 402 1602 nec
439 1572 639 1616 regnum,
678 1555 753 1601 sed
789 1571 919 1614 regna
939 1577 948 1601 τ,
972 1554 1333 1617 quandoquidem
1369 1556 1415 1600 in
1452 1556 1542 1615 ipsa

147 1628 329 1689 epistola
343 1628 506 1672 ruinosi
521 1626 814 1672 Fundamenti
830 1643 930 1672 cum
947 1627 1002 1671 de
1020 1631 1108 1671 Deo
1123 1631 1248 1672 Patre
1258 1627 1512 1688 loqueretur
1528 1647 1537 1672 2

154 1719 175 1743 «
204 1698 358 1755 Nullo,
380 1699 545 1760 inquit,
569 1699 615 1742 in
637 1698 778 1758 regnis
799 1699 891 1759 ejus
908 1707 984 1742 aut
1002 1698 1248 1758 indigente,
1268 1708 1344 1742 aut
1365 1698 1539 1743 infirmo

148 1772 403 1817 constituto,
432 1789 452 1811 »
479 1770 562 1815 Ubi
588 1779 733 1814 autem
766 1786 897 1828 regna
925 1779 1054 1825 sunt,
1089 1771 1185 1831 quis
1208 1780 1294 1815 tam
1317 1785 1455 1815 caecus
1477 1779 1540 1814 est

151 1844 229 1903 qui
250 1858 340 1887 non
359 1841 595 1900 intelligat,
621 1841 810 1902 aequales
834 1856 952 1900 reges
972 1842 1021 1885 iis
1037 1842 1198 1902 quibus
1215 1851 1416 1901 regnant,
1441 1856 1537 1886 om-

151 1915 258 1960 nino
278 1930 368 1960 esse
390 1930 479 1959 non
496 1915 645 1974 posse?
666 1912 783 1967 Quid
801 1913 933 1972 igitur
954 1922 1043 1958 tam
1060 1914 1269 1969 vicinum,
1289 1914 1323 1958 si
1343 1913 1450 1958 velis
1467 1912 1540 1958 ad-

149 1996 333 2042 vertere,
349 1995 393 2031 et
409 1995 499 2031 tam
515 1985 778 2031 conveniens
794 1986 1011 2030 honestati
1028 1986 1215 2046 pectoris
1233 1986 1313 2041 tui,
1338 2000 1469 2046 quam
1491 1994 1538 2029 ut

150 2069 194 2104 te
210 2075 300 2104 non
318 2059 530 2118 poeniteat
550 2056 661 2102 illud
681 2058 725 2102 in
745 2058 926 2117 epistola
946 2059 1164 2117 posuisse?
1184 2061 1260 2103 Est
1279 2058 1392 2102 enim
1412 2057 1541 2106 veris-

153 2131 260 2176 sime
281 2134 404 2175 Jesus
425 2130 622 2176 Christus
639 2145 712 2174 rex
732 2129 966 2186 luminum,
990 2129 1113 2177 nullo
1136 2130 1268 2175 modo
1290 2129 1370 2173 sibi
1391 2144 1539 2189 aequa-

148 2202 274 2258 lium,
305 2203 379 2247 sed
410 2202 721 2262 subjectorum,
747 2211 790 2246 et
811 2218 961 2247 eorum
985 2211 1128 2246 rector
1151 2201 1396 2246 beatorum.
1434 2204 1536 2245 Poe-

147 2274 285 2320 niteat
307 2284 452 2319 autem
485 2283 529 2318 te
559 2273 704 2332 potius
732 2273 861 2318 fuisse
886 2274 1200 2328 Manichaeum‚
1235 2274 1360 2334 cujus
1388 2287 1537 2320 omnes

146 2343 418 2404 deceptorias
434 2344 774 2389 machinationes
792 2344 977 2389 veridica
996 2344 1114 2388 frons
1132 2343 1323 2403 epistolae
1343 2353 1430 2387 tuae
1448 2359 1537 2387 uno

148 2416 240 2461 ictu
271 2416 481 2460 arietante
509 2414 783 2459 subverterit.
820 2415 930 2468 Quia
959 2416 1074 2460 enim
1103 2416 1299 2459 Christus
1320 2414 1534 2459 luminum

136 2502 224 2534 ,rex
245 2496 331 2544 est,
365 2501 446 2531 nec
468 2485 523 2530 de
543 2501 589 2530 se
609 2487 703 2545 ipso
726 2486 875 2545 genuit
898 2485 1101 2530 inferiora
1125 2487 1285 2546 quibus
1307 2501 1380 2530 rex
1398 2495 1535 2542 esset,

151 2573 231 2601 nec
268 2573 314 2600 ea
350 2556 491 2601 vicina
524 2555 606 2600 sibi
637 2555 794 2616 quibus
830 2566 1030 2613 regnaret
1058 2556 1310 2616 assumpsit,
1335 2571 1434 2614 quae
1457 2571 1535 2599 nec
