1803 3250
310 204 363 243 40
751 212 782 238 s.
820 208 1049 240 Aucus-nm
1082 211 1260 239 Eplseom

310 295 489 332 manus,
533 277 630 336 quia
666 274 864 318 nondum
896 284 1074 319 venerat
1108 276 1214 319 hora
1252 275 1366 334 ejus¹
1400 293 1409 319 ε
1447 290 1537 320 non
1569 276 1692 335 cujus

309 355 424 395 hora·
449 347 699 392 necessitate
721 355 949 404 cogeretur
971 345 1107 400 mori,
1132 345 1207 389 sed
1230 346 1355 405 cujus
1378 345 1497 388 horae
1528 361 1689 406 oppor-

307 423 489 466 tunitate
511 418 764 477 dignaretur
781 416 937 461 occidi.
959 417 1044 470 Qui
1062 430 1164 474 ergo
1186 416 1329 476 palam
1351 415 1551 462 docendo
1568 427 1611 462 et
1626 434 1694 462 ar-

305 489 500 551 guendo,
527 498 570 532 ct
594 497 738 532 tamen
761 486 1037 531 inimicorum
1061 486 1224 530 rabiem
1241 486 1384 532 valere
1403 488 1448 532 in
1464 503 1507 532 se
1530 487 1693 548 aliquid

305 578 394 606 uon
415 559 597 604 sinendo
621 579 628 604 :
656 558 733 602 Dei
755 557 1086 602 demonstrabat
1108 566 1367 617 potestatem
1381 594 1392 614 ‚
1415 558 1532 603 idem
1547 568 1695 604 tamen

305 631 514 691 fugiendo
546 640 586 675 ct
608 630 786 675 latendo
819 629 1007 674 hominis
1030 628 1273 674 instruebat
1296 630 1592 674 infirmitatem
1607 665 1619 685 ‚
1640 645 1696 675 ne

307 708 444 748 Deum
467 711 630 747 tentare
653 700 829 756 audeat,
851 700 1027 761 quando
1045 699 1179 744 habet
1195 698 1315 762 quod
1334 699 1486 755 iaciat,
1510 711 1559 746 ut
1576 701 1697 761 quod

305 791 455 820 cavcrc
479 782 651 834 oportet
673 771 844 817 evadat.
869 774 1021 832 Neque
1043 771 1159 815 enim
1179 780 1222 816 et
1238 771 1474 832 Apostolus
1500 771 1699 832 despera-

307 857 425 892 verat
467 845 734 905 adjutorium
770 843 1178 904 protectionemque
1216 843 1408 888 divinam
1428 879 1438 898 ,
1477 842 1700 905 fidemque

308 919 580 980 perdiderat,
612 916 790 977 quando
809 931 885 974 per
908 930 1083 959 murum
1107 915 1152 959 in
1184 924 1330 975 sporta
1351 916 1589 960 submissus
1611 925 1698 972 est,

309 1001 356 1035 ut
379 991 651 1034 inimicorum
676 1003 830 1031 manus
854 987 1106 1045 effugeres&
1133 989 1230 1033 Non
1251 1002 1354 1045 ergo
1378 988 1423 1030 in
1448 990 1589 1032 Deum
1613 1003 1702 1033 non

307 1061 528 1108 credendo
550 1062 607 1104 sic
630 1059 741 1118 fugit
763 1078 771 1103 :
792 1057 868 1102 sed
889 1062 1026 1103 Deum
1052 1059 1262 1103 tentando
1284 1059 1343 1103 sic
1365 1059 1516 1117 fugere
1534 1058 1702 1104 noluis-

305 1144 394 1188 set,
423 1148 523 1177 cum
546 1133 604 1175 sic
628 1131 779 1190 fugere
804 1130 1028 1189 potuisset.
1061 1129 1249 1174 Proinde
1271 1145 1372 1174 cum
1396 1131 1509 1174 inter
1530 1131 1703 1190 ignotos

308 1214 486 1266 propter
524 1201 927 1247 excellentissimam
956 1200 1331 1261 pulchritudinem
1358 1203 1498 1257 Sarae,
1537 1211 1579 1246 ct
1612 1204 1704 1261 ejus

310 1276 518 1338 pudicitia
541 1283 583 1318 et
607 1273 747 1317 mariti
771 1273 858 1316 vita
880 1272 1047 1316 cssetin
1069 1272 1223 1328 dubio,
1245 1287 1325 1316 nec
1342 1281 1580 1333 utrumque
1591 1274 1705 1317 tucri

312 1356 454 1409 posset
483 1346 726 1400 Abraham,
752 1352 1055 1388 verumtamen
1084 1359 1224 1388 unum
1257 1345 1415 1389 horum
1455 1354 1624 1404 posset,
1660 1345 1706 1389 id

310 1429 398 1475 est,
424 1419 555 1462 vitam
573 1452 584 1472 ,
611 1431 665 1460 ue
688 1419 828 1461 Deum
851 1431 977 1461 suum
1001 1424 1217 1471 tentaret,
1252 1414 1355 1460 fecit
1386 1415 1508 1476 quod
1530 1418 1703 1476 potuit:

312 1489 434 1551 quod
453 1498 597 1533 autem
620 1503 709 1532 non
731 1489 898 1548 potuit,
922 1486 984 1531 illi
1009 1487 1240 1531 commisit.
1263 1487 1349 1540 Qui
1371 1502 1475 1546 ergo
1500 1503 1544 1532 se
1563 1488 1705 1533 homi-

312 1576 412 1607 nem
436 1560 657 1605 occultare
681 1575 771 1605 non
791 1558 955 1615 valuit,
980 1560 1186 1603 maritum
1206 1573 1250 1603 se
1267 1558 1504 1604 occultavit
1518 1595 1529 1616 ,
1556 1575 1611 1604 ne
1629 1575 1705 1605 oc-

313 1631 559 1689 cideretur,
587 1645 766 1676 uxorem
787 1633 878 1674 Deo
896 1629 1098 1684 credidit,
1123 1644 1179 1673 ne
1201 1628 1488 1689 pollueretur.

376 1705 604 1748 XXXVII.
639 1704 902 1762 Quanquam
931 1699 1228 1760 scrupulosius
1265 1698 1476 1760 disputari
1517 1702 1702 1761 possit³‚

316 1785 464 1821 utrum
485 1774 601 1819 illius
623 1772 815 1817 mulieris
846 1771 1056 1831 pudicitia
1084 1771 1343 1827 violaretur,
1375 1772 1506 1817 etiam
1528 1772 1562 1816 si
1584 1773 1707 1833 quis—

313 1863 447 1910 quam
480 1846 600 1890 carni
635 1846 728 1905 ejus
761 1843 1019 1888 commixtus
1059 1841 1192 1898 foret,
1235 1858 1334 1887 cum
1368 1842 1414 1886 id
1445 1844 1491 1888 in
1525 1859 1569 1888 se
1613 1845 1706 1889 fleri

315 1937 395 1982 pro
418 1918 561 1963 mariti
583 1917 684 1971 vita,
712 1931 792 1959 nec
815 1914 891 1959 illo
913 1914 1152 1969 nesciente,
1178 1913 1252 1958 sed
1269 1915 1454 1975 jubente
1477 1916 1707 1975 permitte-

316 2002 397 2047 ret,
425 2002 703 2049 nequaquam
726 1985 858 2030 fidem
882 1985 1082 2030 deserens
1104 1986 1377 2045 conjugalem
1393 2022 1404 2042 ,
1439 1994 1483 2030 et
1516 1996 1708 2046 potesta-

321 2076 405 2110 tem
430 2077 519 2106 non
545 2060 741 2104 abnuens
770 2057 1013 2102 maritalem
1028 2093 1039 2113 ,
1065 2059 1176 2102 sicut
1198 2057 1270 2102 ille
1294 2058 1466 2103 adulter
1487 2074 1577 2104 non
1599 2058 1705 2116 fuit,

319 2132 496 2196 quando
516 2131 658 2176 uxoris
685 2130 990 2188 obtemperans
1020 2129 1250 2188 potestati,
1283 2129 1336 2173 de
1367 2128 1521 2174 ancilla
1540 2129 1705 2189 prolem

320 2219 524 2266 generare
546 2201 761 2247 consensit
784 2219 793 2246 ι
819 2200 894 2244 sed
919 2209 1096 2260 propter
1122 2201 1209 2245 vim
1238 2201 1551 2260 principiorum
1567 2237 1578 2258 ,
1606 2204 1707 2263 quia

320 2293 410 2322 non
423 2277 481 2320 ita
499 2274 672 2319 duobus
687 2272 787 2316 viris
796 2271 904 2316 vivis
920 2270 974 2315 ad
992 2270 1376 2316 concumbendum
1396 2271 1595 2316 soemina⁴
1610 2275 1708 2318 sub-

318 2349 452 2401 ditur,
479 2347 589 2390 sicut
606 2345 706 2388 duae
721 2342 916 2388 foeminae
939 2343 1016 2394 uni
1032 2343 1153 2401 viro,
1177 2342 1318 2387 multo
1337 2342 1478 2387 verius
1495 2353 1539 2388 et
1556 2345 1710 2390 hones-

320 2421 404 2464 tius
436 2416 546 2461 illud
575 2415 836 2474 accipimus,
869 2413 992 2474 quod
1025 2423 1146 2473 pater
1180 2415 1399 2458 Abraham
1422 2430 1502 2460 ncc
1527 2417 1709 2462 tentavit

370 2527 379 2543 ¹
409 2522 502 2551 Joan.
522 2517 580 2558 vii,
609 2519 661 2551 30.
680 2535 720 2540 ——-
738 2525 750 2540 ²
769 2519 842 2550 Act.
873 2515 915 2557 ix,
943 2516 1002 2558 25,
1027 2524 1061 2549 et
1087 2524 1106 2548 9
1133 2519 1204 2549 Cor.
1233 2527 1278 2555 xi,
1298 2517 1351 2549 33.
1372 2534 1414 2541 -
1431 2515 1444 2540 3
1463 2517 1541 2550 Vide
1559 2518 1617 2552 lib.
1641 2520 1710 2552 lde

319 2582 476 2611 Sermone
495 2576 617 2609 Domini
636 2576 666 2607 iu
685 2580 807 2617 monte,
826 2586 898 2617 cap.
923 2575 975 2615 16,
996 2586 1026 2609 n.
1048 2574 1102 2608 50.
1119 2591 1159 2598 —·
1175 2574 1191 2604 4
1212 2575 1317 2607 Forte
1337 2574 1465 2609 faemina
1483 2587 1554 2609 una.
