1803 3250
355 231 519 262 con-rm
553 229 857 261 Anvznsnmm
889 232 1024 269 necas,
1062 232 1144 258 Lm,
1180 231 1210 256 1.
1394 218 1473 258 351

88 302 199 346 iram
218 299 528 346 maledicentis.
560 299 721 344 Punire
742 306 889 342 autem
911 305 1051 342 morte
1073 294 1322 355 corporali,
1348 294 1435 340 suit
1455 311 1481 342 a

90 372 190 418 ritae
212 373 366 417 arbore
387 386 599 432 separare,
615 375 810 426 cuinjarn
827 368 974 412 fuisset
990 367 1241 428 spiritaliter
1254 377 1478 423 mortuus,

91 444 236 488 animo
252 444 406 504 utique
425 451 646 501 separatus
668 441 724 486 ab
747 439 954 484 alimento
986 440 1224 498 sapientiae.
1255 442 1368 483 Deus
1396 438 1482 483 ita-

88 529 176 574 que
196 513 306 573 quid
327 514 367 558 ei
387 513 635 571 contigisset
652 513 697 556 in
719 511 879 565 animo,
905 511 1146 569 significare
1164 509 1327 563 voluit,
1354 525 1480 570 sepa-

87 583 226 629 rando
248 599 348 628 eum
365 600 389 628 a
410 584 530 642 ligno
548 584 664 638 vitae,
689 597 778 642 quo
800 581 1129 640 significabatur
1147 580 1377 640 sapientia.

147 656 309 700 XXVI.
335 673 358 717 ς(
377 654 462 700 Sed
482 654 587 709 ista,
613 653 780 714 inquit,
807 653 936 696 arbor
959 667 1059 712 quac
1085 651 1133 694 in
1160 650 1362 710 paradiso
1384 652 1483 696 vitae

88 726 257 770 fructus
280 725 472 781 ferebat,
499 725 571 770 cui
589 724 825 784 proderat?
844 741 864 765 »
889 723 1000 777 Cui,
1026 722 1108 766 nisi
1125 721 1208 766 illis
1231 722 1380 781 primis
1400 722 1484 767 ho—

88 797 302 852 minibus,
339 795 531 841 masculo
565 805 608 840 et
644 795 873 847 foeminae,
905 793 1049 854 quiin
1071 792 1272 852 paradiso
1312 792 1486 837 fuerant

88 869 348 913 constituti?
373 868 538 931 Deinde
559 868 648 911 istis
671 867 726 911 de
752 865 950 926 paradiso
986 881 1066 924 pro
1095 864 1250 908 merito
1282 879 1372 908 suae
1401 863 1487 907 ini-

88 941 264 1000 quitatis
286 939 431 999 eiectis
448 931 606 983 mansit
625 940 681 983 ad
698 938 949 983 memoriam
966 935 1264 996 significandae
1283 934 1487 995 spiritalis

88 1011 254 1055 arboris
276 1000 377 1055 vitre
397 1030 406 1054 :
432 1011 553 1071 quod
576 1020 653 1065 est,
675 1021 724 1054 ut
741 1010 928 1054 diximus
947 1044 958 1063 ,
977 1009 1068 1068 ipsa
1090 1007 1315 1068 sapientia,
1333 1007 1486 1051 beata-

88 1097 185 1127 rum
208 1083 332 1127 cibus
354 1082 638 1126 immutabilis
657 1083 915 1126 animarum.
945 1084 1099 1125 Utrum
1120 1089 1267 1124 autem
1285 1078 1360 1124 illo
1382 1079 1483 1124 cibo

89 1163 285 1199 vescatur
299 1169 418 1198 nunc
431 1153 602 1213 aliquis,
620 1153 696 1197 nisi
713 1152 825 1197 forte
840 1153 991 1197 Enoch
1006 1162 1048 1196 et
1062 1151 1195 1206 Elias,
1217 1166 1306 1195 non
1321 1160 1485 1195 temere

90 1224 423 1271 asseverandum
445 1234 554 1284 puto
575 1244 585 1269 ι
610 1224 730 1282 ligno
759 1234 904 1268 tamen
927 1223 1003 1267 illo
1041 1223 1143 1267 vitae
1159 1258 1170 1278 ,
1205 1221 1326 1283 quod
1355 1222 1486 1267 estin

31 1309 40 1317 ·
90 1295 270 1358 spiritali
291 1295 507 1356 paradiso,
527 1295 608 1339 nisi
623 1294 844 1339 alerentur
857 1295 1015 1339 animae
1032 1294 1279 1348 beatorum,
1298 1309 1387 1337 non
1402 1308 1483 1352 pro

89 1383 271 1413 munere
288 1367 458 1427 pietatis
474 1376 518 1411 et
529 1366 792 1411 fidelissimae
809 1364 1109 1420 confessionis,
1133 1364 1313 1409 latronis
1328 1364 1484 1407 animae

90 1438 306 1484 credentis
338 1438 384 1482 in
416 1438 638 1483 Christum
670 1437 914 1497 legeremus
947 1436 1198 1496 paradisum
1225 1434 1382 1479 eodem
1414 1434 1486 1478 die

90 1509 222 1555 fuisse
240 1525 494 1555 concessum
519 1529 529 1555 ι
558 1529 578 1552 α
595 1512 760 1564 Amen,
785 1508 956 1568 inquit,
981 1508 1080 1552 dico
1105 1508 1205 1562 tibi,
1230 1505 1364 1550 hodie
1382 1521 1478 1550 me-

91 1600 113 1625 »
137 1597 240 1627 cum
270 1583 353 1627 eris
380 1583 427 1626 in
447 1581 646 1642 paradiso
661 1584 692 1625 ¹.
715 1600 735 1623 »
767 1585 872 1626 Esse
907 1591 1055 1626 autem
1077 1581 1136 1625 ibi
1159 1595 1259 1625 cum
1281 1579 1483 1635 Christo,

89 1655 173 1699 hoc
193 1664 258 1699 est
276 1670 369 1699 esse
381 1669 487 1699 cum
508 1655 607 1699 vitae
630 1653 766 1713 ligno.
796 1657 892 1713 Ipse
914 1663 980 1698 est
1000 1654 1165 1714 quippe
1181 1651 1416 1712 Sapientia,
1431 1651 1487 1695 de

90 1740 176 1786 qua
191 1760 202 1781 ,
223 1735 273 1770 ut
290 1726 488 1786 superius
511 1725 879 1780 commemoravi,
904 1725 1112 1784 scriptum
1140 1731 1204 1768 est
1223 1741 1232 1768 :
1259 1741 1279 1766 «
1298 1723 1487 1782 Lignum

92 1815 113 1839 n
132 1799 235 1842 vitae
252 1808 317 1842 est
335 1797 699 1857 amplectentibus
720 1800 860 1841 eam2.
883 1814 905 1838 »
1005 1855 1012 1860 q

148 1871 338 1914 XXVII.
365 1869 697 1929 Numquidnam
731 1877 775 1912 et
806 1869 892 1913 hoc
921 1867 1213 1912 refellendum
1241 1876 1327 1922 est,
1362 1865 1487 1927 quod

87 1939 208 1984 velut
231 1949 380 1996 acute,
411 1949 465 1985 ut
494 1940 577 1985 sibi
605 1939 804 1995 videtur,
835 1939 1020 1987 irridet?
1051 1939 1193 1983 Primo
1225 1941 1365 1982 Deum
1394 1953 1484 1982 non

88 2011 308 2072 praescisse
318 2011 443 2071 quod
459 2011 643 2070 contigit
659 2029 668 2056 ι
686 2009 847 2055 deinde
861 2010 1044 2070 implere
1061 2026 1150 2054 non
1163 2009 1348 2054 valuisse
1363 2007 1485 2070 quod

90 2096 354 2141 magnopere
372 2082 582 2141 cogitavit
603 2101 612 2127 ε
632 2082 761 2126 tertio
780 2080 836 2125 ad
858 2081 1142 2125 maledictum
1163 2096 1207 2125 se
1223 2080 1485 2125 convertisse

89 2163 358 2214 superatum.
387 2154 512 2198 Unde
533 2154 613 2198 scit
630 2157 770 2198 Deum
792 2169 882 2198 non
903 2153 1100 2212 praecisse
1119 2152 1240 2213 quod
1265 2152 1484 2210 contigit?

89 2226 159 2268 An
177 2224 283 2285 quia
295 2225 478 2282 contigit
493 2226 512 2269 i>
525 2225 734 2278 Quinimo
760 2224 794 2268 si
811 2240 900 2269 non
916 2225 1188 2282 contigisset,
1211 2223 1335 2268 nullo
1352 2223 1483 2267 modo

89 2292 387 2354 idpraescisset
406 2294 623 2350 futurum,
645 2295 846 2355 quianon
861 2306 953 2339 erat
967 2295 1184 2339 futurum.
1206 2298 1294 2339 Auzt
1307 2294 1340 2338 si
1358 2309 1482 2354 prop-

91 2373 208 2410 terea
229 2375 357 2427 putat
378 2381 469 2410 non
489 2367 725 2426 praescisse,
750 2367 850 2428 quia
871 2368 902 2410 si
921 2367 1172 2426 praescisset,
1190 2382 1246 2410 ne
1263 2366 1484 2424 continge-

90 2445 158 2482 ret
180 2437 436 2497 providisset
456 2455 466 2482 :
486 2446 629 2496 potest
646 2438 729 2482 hoc
746 2437 862 2482 etde
882 2439 1056 2483 Christo
1071 2438 1233 2493 dicere,
1249 2437 1327 2498 qui
1347 2436 1484 2481 talen-

91 2516 188 2555 tum
219 2507 345 2554 dedit
385 2509 552 2556 homini
590 2508 700 2554 nihil
738 2511 1055 2572 acquisituro-⁹³3
1093 2509 1214 2572 quod
1253 2520 1482 2572 propterea

139 2597 154 2616 ¹
175 2593 254 2627 Luc,
278 2604 374 2635 xxm,
391 2591 449 2636 43.
462 2610 504 2618 -
521 2600 535 2618 ²
556 2596 651 2628 Prov.
668 2606 722 2636 ω,
744 2595 798 2628 ι8.
814 2612 855 2620 u·-
873 2594 885 2620 3
903 2594 1019 2628 matth.
1035 2606 1114 2637 xxv,
1138 2594 1189 2628 15.
