1803 3250
318 232 401 271 362
752 244 784 269 s.
821 241 1051 270 Aueusnm
1085 243 1265 271 nuscum

319 307 442 352 Unde
463 315 505 348 et
527 304 633 349 fides
655 306 828 349 venturi
849 306 1008 351 Christi
1030 307 1255 351 habitabat
1277 309 1429 369 utique
1447 311 1491 354 in
1511 314 1697 371 Prophe·

314 379 386 430 tis,
413 384 646 420 venturum
676 377 1070 433 praenuntiantibus
1089 378 1343 437 Cl·1ristum3
1371 390 1414 425 et
1442 396 1560 426 nunc
1597 394 1698 428 sunt

311 447 486 507 plurimi
509 445 715 498 carnales,
741 448 817 506 qui
838 448 907 491 vel
926 449 1104 492 haereses
1125 449 1292 495 iaciunt
1308 466 1396 495 non
1413 452 1699 511 intelligendo

314 517 555 575 Scripturas
570 552 580 571 ‚
606 515 674 561 vel
697 517 740 561 in
763 518 853 577 ipsa
875 519 1099 564 Catholica
1123 529 1198 564 aut
1227 521 1369 566 adhuc
1391 523 1562 581 parvuli
1588 524 1700 568 laete

311 587 585 642 nutriuntur,
602 596 675 632 aut
692 596 897 648 tanquam
913 590 1034 648 palea
1055 606 1330 650 perseverans
1348 592 1507 637 futuris
1524 593 1699 653 ignibus

311 669 626 720 praeparantur.
654 660 774 705 Sicut
795 670 940 705 autem
966 665 1076 706 Deus
1094 679 1208 707 unus
1227 674 1271 708 et
1288 679 1413 709 verus
1431 675 1602 710 creator
1620 667 1700 711 bo-

310 746 469 777 norum
497 742 562 776 est
589 741 631 776 et
664 732 968 791 temporalium
990 742 1034 777 et
1055 742 1351 792 aeternorum3
1376 736 1436 780 ita
1466 735 1582 780 idem
1609 737 1700 797 ipse

310 812 462 848 auctor
490 812 553 848 est
575 802 804 848 amborum
829 806 1204 848 Testamentorum
1231 824 1241 850 ς
1265 806 1368 866 quia
1396 816 1438 851 et
1461 809 1632 853 Novum
1653 810 1699 854 in

309 876 466 918 Vetere
489 883 552 918 est
574 875 826 933 figuratum,
848 883 891 918 et
914 876 1048 919 Vetus
1066 875 1111 919 in
1128 877 1251 920 Novo
1268 885 1333 920 est
1351 877 1606 923 revelatum.

369 947 573 989 XXXVI.
616 945 875 1003 Ignoscendi
916 955 1062 990 autem
1103 947 1341 992 misericors
1379 949 1670 995 mansuetudo
1685 985 1696 1005 ‚

306 1025 486 1076 propter
509 1030 642 1075 quam
660 1015 829 1060 dictum
855 1025 935 1071 est,
956 1032 1046 1061 non
1063 1016 1205 1062 solum
1223 1019 1400 1078 septies,
1417 1022 1701 1066 verumetiam

305 1087 548 1146 septuagies
569 1088 725 1147 septies
747 1085 870 1132 fratri
892 1087 1152 1133 remittenda
1175 1104 1264 1134 esse
1284 1099 1460 1149 peccata
1475 1093 1506 1146 ¹,
1531 1107 1621 1136 non
1645 1091 1701 1137 ad

306 1159 390 1203 hoc
405 1157 521 1203 valet
535 1167 584 1203 ut
600 1159 654 1203 sit
668 1158 872 1219 iniquitas
884 1159 942 1203 im
950 1160 1118 1219 punita,
1139 1169 1215 1205 aut
1232 1170 1408 1221 torpens
1423 1171 1466 1206 et
1479 1162 1700 1208 dormiens

305 1230 560 1290 disciplina,
586 1231 708 1292 quod
730 1232 874 1291 potius
907 1232 1022 1277 obsit
1051 1248 1186 1292 quam
1218 1233 1402 1292 diligens
1431 1234 1701 1296 vigilansque

305 1301 512 1347 vindicta.
536 1303 688 1349 Claves
706 1304 871 1364 quippe
893 1304 1017 1363 regni
1039 1304 1254 1349 coelorum
1279 1306 1338 1349 sic
1361 1305 1483 1350 dedit
1500 1307 1700 1352 Christus

303 1373 534 1429 Ecclesiae,
566 1383 614 1418 ut
641 1390 731 1419 non
759 1374 901 1420 solum
932 1375 1123 1421 diceret:
1156 1379 1306 1430 «Quae
1328 1377 1543 1421 solveritis
1567 1393 1701 1438 super

307 1463 328 1487 »
354 1454 529 1500 terram,
555 1454 684 1490 erunt
705 1445 846 1490 soluta
869 1446 974 1490 etin
997 1446 1151 1491 coelis2
1170 1468 1180 1504 3
1199 1464 1218 1488 »
1246 1447 1324 1490 ubi
1339 1447 1604 1506 apertissime
1618 1449 1700 1494 bo-

304 1531 428 1572 num,
449 1532 538 1561 non
553 1516 718 1561 malum
734 1532 813 1576 pro
835 1517 949 1562 malo
972 1517 1115 1562 reddit
1139 1519 1329 1563 Ecclesia
1349 1538 1360 1565 ;
1385 1535 1535 1568 verum
1561 1530 1604 1565 et
1621 1520 1700 1566 ad-

297 1589 527 1648 jungeret,
566 1606 586 1629 «
605 1590 714 1641 Quae
742 1587 975 1647 ligaveritis
1009 1589 1054 1633 in
1083 1598 1224 1645 terra,
1259 1600 1388 1635 erunt
1418 1591 1550 1650 ligata
1583 1601 1627 1636 et
1653 1593 1700 1637 in

306 1677 327 1700 »
352 1658 465 1703 coelo
479 1660 521 1716 33
540 1677 560 1700 »
587 1659 688 1719 quia
706 1659 823 1704 bona
840 1668 905 1704 est
917 1669 962 1704 et
975 1659 1226 1705 vindicandi
1239 1662 1421 1721 justitia.
1449 1661 1566 1706 Illud
1581 1663 1698 1707 enim

302 1729 423 1791 quod
445 1730 532 1776 ait:
561 1731 642 1775 «Si
670 1746 751 1776 nec
781 1731 1018 1777 Ecclesiam
1046 1731 1256 1789 audierit,
1294 1734 1349 1778 sit
1380 1734 1460 1778 tibi
1490 1744 1698 1795 tanquam

304 1821 324 1844 »
350 1803 551 1847 ethnicus
572 1812 616 1847 et
638 1803 924 1863 publicanus⁴
947 1822 996 1849 ε»
1024 1805 1195 1864 gravius
1227 1815 1292 1849 est
1322 1821 1458 1866 quam
1485 1806 1519 1850 si
1551 1805 1698 1865 gladio

301 1871 518 1929 feriretur,
542 1874 576 1918 si
603 1874 788 1919 flammis
811 1875 1114 1919 absumeretur
1131 1911 1142 1931 ,
1174 1876 1209 1920 si
1240 1876 1345 1920 feris
1376 1876 1692 1936 subrigeretur.

302 1947 411 1991 Nam
431 1945 492 1989 ibi
513 1961 689 2006 quoque
711 1945 950 2006 subjunxit,
976 1950 1154 1991 «Amen
1176 1946 1273 1992 dico
1291 1947 1415 1992 vobis
1431 1983 1443 2003 ,
1469 1963 1569 2008 quae
1584 1947 1697 2007 liga-

304 2034 324 2059 »
351 2017 497 2061 veritis
514 2032 643 2077 super
666 2026 838 2073 terram,
860 2028 989 2063 erunt
1010 2018 1140 2077 ligata
1161 2028 1204 2064 et
1227 2021 1273 2063 in
1295 2019 1418 2064 coelis
1437 2039 1446 2065 ι
1466 2038 1486 2061 »
1508 2029 1558 2064 ut
1574 2020 1698 2065 intel-

301 2087 522 2146 ligeretur,
548 2105 679 2149 quam
704 2091 874 2148 gravius
892 2090 946 2135 sit
969 2091 1172 2150 punitus,
1194 2092 1271 2152 qui
1292 2091 1415 2137 velut
1440 2090 1612 2136 relictus
1632 2101 1698 2138 est

301 2160 556 2219 impunitus.
580 2161 660 2206 Hic
681 2161 800 2206 dicat
820 2162 915 2217 iste,
943 2162 978 2207 si
994 2162 1138 2223 placet
1157 2182 1165 2208 :
1194 2164 1362 2209 Siccine
1377 2164 1582 2208 mandata
1603 2163 1697 2210 Sal·

303 2232 457 2276 vatoris
479 2234 722 2292 accepimus
738 2233 932 2293 jubentis
948 2269 958 2288 ‚
993 2253 1014 2277 (ι
1035 2235 1207 2280 Nemini
1236 2234 1510 2280 reddideritis
1531 2235 1697 2281 malum

301 2320 322 2343 »
348 2318 427 2361 pro
449 2303 587 2362 malo;
607 2304 681 2349 sed
698 2305 731 2348 si
752 2306 849 2366 quis
867 2321 943 2351 vos
959 2307 1217 2365 percusserit
1232 2306 1276 2350 in
1296 2322 1430 2351 unam
1453 2306 1691 2362 maxillam,

304 2391 324 2415 »
350 2374 543 2433 praebete
565 2386 608 2420 et
630 2376 852 2431 alteram,
869 2395 890 2418 »
916 2386 980 2431 et,
1010 2396 1030 2419 «
1051 2378 1263 2422 Dimittite
1286 2378 1463 2438 injurias
1486 2377 1694 2423 fratribus

304 2463 324 2487 υ
350 2447 528 2492 vestris?
553 2466 571 2489 »
598 2450 712 2493 Ecce
735 2449 790 2493 ab
814 2449 1065 2494 hominibus
1092 2465 1184 2495 non
1218 2450 1503 2495 reddentibus
1528 2450 1694 2495 malum

350 2554 359 2571 ¹
381 2548 494 2581 Matth.
520 2560 611 2591 xvm,
630 2559 684 2584 22.
704 2568 746 2575 —
766 2558 779 2575 ²
799 2552 847 2585 ld.
867 2563 935 2595 xvi,
959 2563 1011 2595 19.
1035 2571 1076 2578 —
1094 2551 1171 2586 ³111.
1192 2564 1284 2596 xviii,
1309 2553 1359 2587 18.
1380 2571 1422 2579 -
1439 2553 1456 2580 l.
1473 2553 1556 2588 Ibid.
1579 2562 1630 2596 17.
1651 2569 1693 2577 -—-

303 2601 376 2637 ⁵1d.
399 2616 434 2647 v,
450 2605 504 2648 39.
520 2622 562 2630 --
577 2604 593 2630 ⁶
607 2607 654 2641 Id.
675 2617 766 2650 xvm,
787 2608 841 2641 35.
