1803 3250
360 179 413 217 98
788 185 822 213 8.
858 186 1089 215 AUGusnul
1123 188 1302 216 zl‘lscorl

354 253 524 297 elucere
542 250 745 309 potuerit,
771 260 1054 296 nunc-tamen
1072 267 1162 296 non
1181 267 1276 296 eam
1298 266 1390 296 rem
1406 252 1467 296 ita
1483 252 1742 309 dimisimus,

357 333 404 368 ut
422 321 707 367 intentionem
730 331 921 367 nostram
941 323 987 368 in
1005 322 1087 368 alia
1106 332 1429 384 properantem,
1447 333 1659 384 tanquam
1674 325 1746 370 in-

358 401 548 451 terrupta
565 393 693 437 series
709 395 996 439 contextionis
1014 395 1241 454 impediat.

414 465 656 508 LXXXIX.
694 466 755 508 De
772 466 883 509 Osee
901 474 1049 509 autem
1068 466 1298 525 propheta,
1323 481 1413 510 non
1428 481 1452 510 a
1469 479 1539 509 me
1556 480 1666 525 opus
1682 474 1748 511 est

352 533 437 579 dici
460 534 570 594 quid
594 533 667 578 illa
686 535 819 595 jussio
845 534 1067 580 factumve
1084 536 1313 594 significet,
1342 535 1464 596 quod
1476 536 1583 580 dixit
1600 536 1748 581 Domi-

350 619 430 648 nus
450 603 507 649 ad
527 606 638 649 Osee
656 623 665 648 :
690 623 710 647 «
731 604 867 660 Vade,
892 614 936 649 et
959 606 1105 665 accipe
1123 605 1205 650 tibi
1222 621 1401 650 uxorem
1425 605 1744 661 fornicationis,

351 693 370 716 ))

406 683 449 719 et
462 675 533 720 fac
550 674 661 720 filios
675 676 730 719 de
745 674 1033 721 fornicatione
1050 695 1061 721 :
1077 695 1096 717 »
1108 692 1210 721 cum
1227 677 1328 720 satis
1343 677 1426 722 hoc
1440 677 1531 736 ipsa
1547 676 1749 736 Scriptu-

349 763 392 792 ra
416 747 685 792 demonstret
708 747 827 792 unde
856 757 899 792 et
921 764 1057 809 quare
1079 749 1133 793 sit
1157 747 1340 793 dictum.
1370 748 1577 809 Sequitur
1597 747 1715 792 enim
1736 767 1747 793 2

352 838 372 860 ((

351 907 371 929 ))

347 977 367 1000 ))

349 1048 367 1071 ))

348 1119 368 1142 ))

347 1190 367 1212 ))

349 1262 368 1284 ὶ)

344 1332 364 1354 ))

352 1403 370 1427 ))

351 1476 370 1498 ))

352 1547 371 1569 ))

351 1618 371 1640 ))

354 1691 373 1712 i)

356 1763 374 1784 ))

354 1833 374 1856 ))

355 1903 376 1927 >)

354 1975 375 1998 ))

356 2046 375 2069 ))

357 2117 376 2139 ))

357 2188 376 2211 ))

357 2260 377 2283 ))

357 2331 376 2353 ))

357 2403 377 2425 D

357 2474 375 2496 ))

407 820 624 872 Quoniam
637 818 855 862 fornicans
869 818 1159 862 fornicabitur
1172 828 1284 864 terra
1298 835 1321 864 a
1336 820 1537 864 Domino.
1551 822 1608 864 Et
1620 818 1746 873 abiit,

406 898 449 933 et
471 890 637 948 accepit
658 890 818 932 Gomer
840 886 975 930 filiam
1000 886 1226 933 Debela'i'm
1245 910 1257 948 3
1286 899 1329 933 et
1350 890 1570 949 concepit,
1603 898 1648 934 et
1671 904 1748 948 pe-

403 960 515 1019 perit
531 960 571 1003 ei
590 959 744 1002 filium.
772 960 828 1002 Et
845 957 954 1001 dixit
978 958 1187 1003 Dominus
1209 959 1265 1004 ad
1286 975 1414 1006 eum:
1439 962 1561 1005 Voca
1582 975 1745 1005 nomen

403 1032 495 1090 ejus
527 1028 754 1075 Jezrahel:
780 1029 990 1089 quoniam
1023 1029 1169 1073 adhuc
1205 1031 1452 1086 modicum,
1490 1041 1535 1076 et
1564 1031 1749 1076 visitabo

404 1102 661 1161 sanguinem
695 1100 895 1145 Jezrahel
926 1116 1056 1160 super
1088 1100 1272 1145 domum
1304 1100 1437 1156 Juda,
1461 1111 1506 1146 et
1526 1103 1749 1162 quiescere

403 1172 561 1217 faciam
583 1181 627 1216 et
647 1181 840 1216 avertam
865 1165 1048 1230 regnum
1070 1170 1227 1215 domus
1250 1171 1396 1215 Israel.
1417 1174 1474 1216 Et
1491 1171 1591 1227 erit,
1612 1173 1658 1216 in
1675 1171 1748 1217 illa

403 1243 475 1286 die
497 1251 722 1286 conteram
735 1257 886 1287 arcum
906 1243 1038 1287 lsrael
1052 1242 1097 1286 in
1112 1242 1225 1286 valle
1240 1245 1263 1286 J
1269 1242 1455 1287 ezrahel.
1474 1246 1531 1287 Et
1545 1243 1750 1303 concepit

400 1314 562 1366 adhuc,
599 1322 643 1356 et
678 1314 844 1371 peperit
877 1313 1026 1356 filiam.
1059 1316 1112 1356 Et
1143 1314 1250 1358 dixit
1279 1315 1318 1358 ei
1353 1315 1577 1360 Dominus:
1622 1317 1742 1360 Voca

407 1400 567 1429 nomen
589 1386 705 1445 ejus:
726 1383 905 1443 Absque
926 1383 1217 1427 misericordia
1235 1403 1244 1429 ι
1269 1385 1372 1444 quia
1391 1400 1481 1429 non
1498 1383 1659 1430 addam
1675 1385 1746 1430 ul-

406 1466 471 1501 tra
493 1457 684 1500 misereri
706 1456 857 1499 domui
882 1455 1029 1509 lsrael,
1064 1454 1142 1499 sed
1169 1454 1392 1500 oblivione
1422 1455 1652 1502 obliviscar
1673 1472 1748 1502 eo-

408 1544 529 1586 rum3
555 1536 598 1571 et
618 1527 771 1571 domui
792 1530 816 1571 J
823 1526 907 1571 uda
932 1526 1185 1581 miserebor,
1219 1535 1263 1570 et
1291 1526 1468 1571 salvabo
1499 1543 1571 1572 eos
1595 1529 1642 1573 in
1662 1531 1749 1574 Do-

408 1599 528 1643 mino
552 1601 640 1643 Deo
663 1613 758 1652 suo,
785 1607 828 1641 et
850 1612 940 1641 non
961 1596 1139 1641 salvabo
1169 1612 1241 1641 eos
1263 1597 1310 1640 in
1334 1613 1438 1642 arcu
1461 1607 1504 1642 et
1533 1598 1578 1643 in
1604 1599 1748 1658 gladio

409 1680 453 1715 et
482 1672 529 1714 in
560 1669 676 1714 bello
704 1679 747 1713 et
776 1671 818 1713 in
848 1669 970 1729 equis
997 1677 1040 1712 et
1068 1670 1114 1712 in
1144 1668 1383 1728 equitibus.
1422 1672 1480 1714 Et
1514 1669 1749 1716 ablactavit

408 1757 504 1786 eam
526 1757 627 1802 quae
647 1750 739 1785 erat
764 1742 929 1800 absque
948 1740 1260 1795 misericordia,
1292 1750 1334 1784 et
1358 1742 1576 1800 concepit,
1603 1751 1648 1787 et
1669 1758 1747 1802 pe·

411 1814 523 1873 perit
555 1813 709 1858 filium.
746 1815 801 1857 Et
823 1811 931 1856 dixit
953 1812 990 1855 ei
1017 1812 1251 1856 Dominus:
1280 1814 1396 1857 Voca
1430 1828 1591 1858 nomen
1623 1815 1744 1874 ejus:

411 1887 510 1930 Non
526 1883 715 1944 populus
733 1898 874 1928 meus:
896 1884 998 1943 quia
1023 1898 1096 1928 vos
1118 1899 1209 1927 non
1232 1883 1420 1943 populus
1443 1900 1582 1941 meus,
1607 1894 1650 1930 et
1668 1900 1747 1945 ego

410 1971 500 2000 non
519 1970 594 2000 ero
621 1964 763 2011 vester
787 1958 912 1998 Deus.
957 1956 1012 1998 Et
1042 1954 1123 1998 erit
1154 1970 1362 1999 numerus
1394 1956 1585 2000 filiorum
1617 1955 1749 2001 lsrael

411 2028 536 2087 quasi
558 2043 687 2071 arena
705 2026 849 2077 maris,
875 2041 974 2085 quae
990 2026 1082 2069 sine
1103 2040 1307 2070 mensura
1329 2035 1408 2082 est,
1430 2036 1472 2071 et
1491 2043 1581 2072 non
1596 2043 1750 2072 nume-

412 2098 602 2155 rabitur3
623 2106 667 2142 et
685 2097 766 2141 erit
779 2097 825 2140 in
841 2097 954 2151 loco,
973 2096 1050 2140 ubi
1066 2096 1234 2141 dictum
1252 2107 1316 2141 est
1334 2097 1394 2142 eis
1415 2117 1424 2143 ;
1445 2100 1544 2144 Non
1560 2096 1749 2158 populus

412 2185 534 2214 meus
555 2185 648 2225 vos,
668 2168 839 2213 dicetur
860 2169 936 2221 eis,
957 2167 1055 2211 Filii
1074 2167 1148 2211 Dei
1167 2168 1269 2212 vivi.
1291 2171 1347 2212 Et
1362 2169 1750 2228 congregabuntur

413 2241 489 2285 filii
513 2240 627 2285 Juda
649 2251 690 2284 et
713 2239 790 2284 filii
815 2239 962 2294 Israel,
989 2248 1033 2283 et
1054 2248 1219 2298 ponent
1240 2239 1414 2282 sibimet
1434 2248 1567 2298 caput
1588 2254 1746 2294 unum,

413 2322 456 2356 et
474 2310 709 2356 ascendent
725 2310 780 2353 de
798 2319 928 2361 terra,
952 2309 1052 2368 quia
1080 2323 1262 2366 magnus
1284 2307 1375 2353 dies
1398 2309 1617 2354 Jezrahel¹
1636 2329 1646 2355 ;
1673 2310 1748 2354 Di-

412 2385 496 2428 cite
519 2382 725 2426 tratribus
748 2380 898 2425 vestris
918 2399 926 2424 ε
960 2379 1153 2438 Populus
1176 2394 1320 2437 meus,
1341 2389 1384 2424 et
1406 2381 1541 2425 sorori
1565 2391 1745 2427 vestrae:

410 2453 749 2500 Misericordiam
767 2453 1040 2497 consecuta2.
1060 2469 1081 2493 »
1099 2452 1212 2497 Cum
1235 2466 1340 2511 ergo
1356 2452 1465 2512 jussi
1483 2461 1526 2497 et
1547 2451 1652 2498 facti
1668 2454 1749 2498 hu-

397 2541 407 2556 ¹
426 2542 523 2581 Osee,
543 2549 566 2581 1,
586 2547 685 2571 2·-11.
700 2536 837 2570 -21d.
857 2547 892 2578 n,
917 2547 945 2569 ι.
