1803 3250
352 196 430 231 228
786 206 814 229 ⁵.
854 205 1081 232 Αυουωιω
1117 206 1296 233 ειίεεοιη

344 269 528 327 quisque
550 266 593 308 iu
617 265 857 320 voluntate,
892 278 967 313 aut
996 268 1154 329 eligere
1176 285 1275 329 quae
1299 269 1414 315 bona
1434 280 1554 327 sunt,
1579 281 1623 317 et
1645 288 1735 318 esse

345 338 473 381 arbor
506 336 649 392 bona,
685 346 760 381 aut
792 337 946 397 eligere
982 357 1081 401 quae
1119 341 1230 385 mala
1267 351 1386 397 sunt,
1420 351 1464 386 et
1491 358 1578 388 esse
1607 345 1736 390 arbor

342 407 478 452 mala:
500 422 588 451 non
604 409 706 466 quia
725 408 836 454 mala
856 410 944 470 ipsa
963 428 1062 471 quae
1080 411 1317 471 eliguntur,
1337 411 1528 474 aliquam
1543 414 1736 460 habeant

339 478 384 522 in
406 493 450 522 se
472 477 573 537 ipsis
595 479 908 538 substantiam,
939 482 1014 526 sed
1043 483 1144 544 quia
1171 487 1306 539 Deus,
1333 484 1478 528 omnia
1501 500 1600 545 quae
1623 501 1733 531 con-

337 548 463 604 didit,
489 548 694 608 gradibus
711 552 796 596 suis
820 552 1032 609 condidit,
1059 554 1380 616 generibusque
1403 554 1615 612 distinxit,
1641 573 1732 602 coe-

336 620 458 665 lestia
480 630 609 682 atque
632 631 820 679 terrena,
840 624 1098 669 immortalia
1123 635 1255 687 atque
1279 626 1498 682 mortalia,
1522 636 1565 671 et
1587 629 1732 672 omnia

337 693 452 738 bona
473 694 519 737 in
541 709 620 739 suo
643 709 797 753 genere
819 696 1045 741 condidit:
1070 698 1260 741 animam
1283 698 1517 742 habentem
1542 698 1728 744 liberum

333 765 576 819 arbitrium,
615 766 696 810 sub
731 782 774 810 se
807 767 899 826 ipso
928 776 971 810 et
1002 782 1131 827 supra
1152 776 1309 812 caetera
1328 768 1580 827 collocavit,
1613 779 1663 814 ut
1695 771 1729 814 si

331 837 508 882 serviret
533 837 765 895 superiori,
791 836 1091 882 dominaretur
1114 838 1333 898 inferiori3
1358 840 1390 884 si
1415 850 1561 884 autem
1582 841 1728 886 offen-

333 907 455 951 deret
477 908 760 966 superiorem,
785 923 962 967 poenam
993 924 1044 952 ex
1066 907 1271 954 inferiore
1294 910 1487 954 sentiret.
1516 913 1609 956 Hoc
1627 927 1728 971 ergo

331 979 542 1023 Dominus
559 977 732 1023 dicens:
758 982 847 1024 Aut
865 979 993 1025 facite
1013 980 1114 1036 hoe,
1141 990 1216 1025 aut
1235 980 1362 1026 facite
1379 981 1491 1026 illud
1509 1001 1517 1026 :
1539 983 1729 1028 ostendit

330 1066 420 1095 esse
442 1050 487 1094 in
510 1059 723 1110 potestate
754 1051 863 1112 quid
890 1049 1101 1108 facerent,
1138 1052 1229 1112 ipse
1251 1068 1429 1098 securus
1452 1063 1496 1098 et
1517 1063 1661 1100 certus
1683 1055 1729 1101 in

330 1138 374 1168 se
396 1131 605 1183 tanquam
628 1125 791 1182 Deum3
812 1133 855 1168 et
877 1124 978 1185 quia
996 1124 1031 1169 si
1052 1124 1219 1169 bonum
1242 1124 1472 1186 eligerent,
1496 1127 1728 1187 praemium

329 1196 420 1255 ejus
438 1195 700 1255 acciperent,
714 1195 749 1240 si
764 1194 928 1241 malum
946 1195 1172 1255 eligerent,
1194 1212 1371 1257 poenam
1386 1198 1477 1257 ejus
1494 1198 1728 1244 sentirent:

328 1281 497 1327 semper
526 1275 673 1312 autem
702 1265 776 1311 ille
803 1267 946 1328 justus
974 1276 1038 1312 est
1059 1276 1136 1312 aut
1156 1276 1473 1323 remunerator,
1505 1277 1581 1313 aut
1603 1268 1728 1314 dam-

331 1348 472 1384 nator.

387 1412 440 1454 V.
475 1408 592 1454 Audi
614 1424 715 1469 ergo
732 1410 820 1470 jam
844 1409 1218 1471 quemadmodum
1237 1411 1508 1455 Manichaeus
1526 1410 1617 1471 ipse
1635 1419 1724 1456 tam

329 1497 575 1542 perversus,
601 1491 690 1526 tam
713 1482 949 1541 superbus,
974 1490 1024 1526 ut
1047 1481 1175 1526 aliam
1194 1480 1479 1527 introducens
1503 1491 1722 1539 naturam,

327 1570 370 1598 se
405 1554 620 1613 aequalem
650 1556 740 1597 Deo
767 1551 952 1608 faceret,
985 1555 1127 1597 Deum
1155 1551 1211 1597 ad
1233 1568 1277 1597 se
1300 1553 1442 1613 ipsum
1466 1553 1721 1615 deponeret,

327 1626 548 1672 confessus
575 1626 630 1670 sit
663 1634 808 1670 tamen
838 1640 927 1669 esse
959 1623 1149 1669 liberum
1172 1624 1398 1670 arbitrium
1420 1645 1428 1670 :
1455 1626 1498 1670 in
1522 1626 1724 1672 thesauro

327 1708 486 1752 vestro,
512 1696 582 1742 cui
605 1694 692 1740 tale
715 1711 876 1740 nomen
899 1694 955 1740 ad
974 1694 1254 1756 decipiendos
1277 1696 1476 1741 homines
1490 1696 1720 1753 indidistis,

327 1778 443 1814 certe
470 1769 529 1813 sie
558 1768 770 1828 loquitur,
797 1766 918 1828 quod
946 1776 990 1811 et
1019 1776 1068 1812 tu
1100 1767 1191 1827 ipse
1222 1767 1458 1826 cognoscis.
1487 1787 1507 1810 «
1537 1768 1590 1813 Hi
1620 1784 1724 1814 vero

327 1840 401 1900 qui
426 1837 688 1899 negligentia
706 1853 782 1882 sua
801 1853 824 1882 a
839 1837 938 1882 labe
961 1836 1271 1897 praedictorum
1294 1838 1526 1898 spirituum
1546 1839 1723 1898 purgari

328 1927 371 1956 se
404 1911 583 1955 minime
617 1909 904 1970 permiserint,
942 1908 1246 1969 mandatisque
1280 1909 1438 1954 divinis
1472 1926 1523 1953 ex
1551 1910 1722 1970 integro

329 1998 480 2042 parum
514 1980 930 2042 obtemperaverint,
965 1980 1195 2041 legemque
1226 1980 1309 2025 sibi
1338 1996 1361 2025 a
1389 1996 1467 2026 suo
1488 1979 1721 2027 liberatore

327 2054 473 2098 datam
502 2052 673 2114 plenius
700 2068 868 2097 servare
897 2050 1140 2107 noluerint,
1171 2066 1315 2112 neque
1343 2060 1393 2096 ut
1424 2051 1608 2097 decebat
1629 2069 1720 2098 sese

328 2124 682 2185 gubernaverint,
701 2132 783 2169 ete.
799 2123 967 2168 »Vides
983 2122 1029 2166 in
1044 2122 1108 2166 his
1126 2122 1269 2167 verbis
1287 2122 1593 2168 confirmatum
1609 2139 1715 2180 esse,

326 2198 454 2241 etiam
479 2211 502 2241 a
522 2196 740 2241 nesciente
755 2195 862 2256 quid
877 2194 1147 2255 loqueretur,
1168 2192 1355 2238 liberum
1372 2195 1616 2240 arbitrium.
1633 2197 1718 2250 Qui

325 2269 439 2312 enim
458 2283 626 2313 servare
644 2267 785 2328 legem
804 2282 893 2312 non
910 2266 1021 2321 vult,
1042 2266 1086 2310 in
1104 2274 1317 2325 potestate
1334 2267 1425 2326 ejus
1442 2275 1522 2322 est,
1543 2268 1576 2312 si
1592 2267 1712 2312 velit.

325 2344 418 2386 Non
438 2341 554 2385 enim
570 2339 693 2395 dixit,
720 2354 809 2384 non
832 2337 1078 2399 potuerint,
1103 2336 1194 2393 sed,
1220 2336 1456 2384 noluerint.
1485 2341 1578 2384 Hoc
1600 2349 1716 2385 certe

323 2412 442 2471 quod
465 2409 622 2456 nolunt
644 2425 813 2455 servare
834 2408 997 2468 legem,
1031 2423 1119 2452 non
1143 2423 1165 2451 a
1189 2417 1317 2466 gente
1341 2409 1620 2454 tenebrarum
1637 2425 1713 2456 eo-

323 2491 511 2541 guntur:
539 2482 572 2526 si
594 2481 711 2526 enim
733 2489 968 2540 coguntur,
994 2494 1083 2524 non
1105 2478 1279 2534 nolunt,
1304 2478 1380 2525 sed
1399 2495 1487 2525 non
1508 2491 1709 2541 possunt:

322 2552 354 2595 si
390 2561 536 2598 autem
570 2551 744 2607 nolunt,
778 2566 868 2598 non
894 2551 1046 2612 utique
1073 2558 1294 2610 eoguntur
1328 2559 1378 2596 ut
1409 2566 1498 2598 non
1528 2551 1709 2609 faciant,
