1803 3250
338 213 419 252 480
763 222 796 250 s.
835 222 1066 253 Aucusnm
1102 224 1282 251 Emscom

334 290 477 333 dabile
497 298 559 333 est
582 289 927 348 omnipotentem
953 306 1039 335 non
1059 304 1184 349 posse
1204 290 1363 333 mutari
1382 323 1393 344 ,
1418 303 1551 348 quam
1575 289 1726 334 lauda—

334 361 420 402 bile
450 368 512 402 est
540 359 660 418 quod
691 360 966 419 omnipotens
998 376 1086 405 non
1111 368 1254 419 potest
1281 359 1407 404 mori.
1436 362 1584 404 Posset
1611 360 1725 403 enim

335 428 466 472 Filius
486 428 625 473 facere
647 430 768 488 quod
791 445 879 474 non
903 429 1077 475 vidisset
1102 434 1273 474 Patrem
1298 428 1548 484 facientem,
1571 429 1605 473 si
1627 444 1727 488 pos-

332 510 393 543 set
420 499 558 544 facere
578 500 695 560 quod
717 517 793 560 per
812 500 933 546 illum
954 518 1043 547 non
1063 502 1166 547 facit
1185 506 1311 546 Pater
1333 521 1342 547 ε
1367 502 1451 546 hoc
1474 510 1554 557 est,
1579 502 1613 545 si
1631 516 1728 560 pos-

332 579 393 613 set
423 586 627 629 peccare,
654 587 798 631 neque
824 582 992 617 naturae
1027 572 1361 617 immutabiliter
1393 573 1544 627 bonae,
1571 587 1671 631 quae
1705 587 1728 615 a

335 644 457 684 Patre
481 642 624 699 genita
648 651 726 696 est,
755 644 1002 687 convenire.
1027 646 1120 688 Hoc
1144 653 1290 687 autem
1314 645 1418 702 quia
1440 659 1529 688 non
1553 651 1723 702 potest,

333 727 420 755 11011
444 710 696 756 deficienter
713 729 802 757 non
823 723 979 772 potest,
1007 713 1082 756 sed
1106 723 1322 772 potenter.

392 783 554 827 Eadem
586 800 776 843 namque
807 793 908 827 sunt
941 799 1070 842 opera
1106 784 1241 828 Patris
1265 793 1307 828 et
1330 783 1457 838 Filii,
1490 799 1579 828 non
1609 783 1730 843 quod

337 853 467 896 Filius
487 854 540 896 sit
558 854 673 897 idem
698 855 786 912 ipse
813 854 889 913 qui
917 857 1041 897 Pater
1069 863 1154 912 est3
1179 855 1255 898 sed
1286 855 1388 913 quia
1419 853 1591 897 nullum
1621 868 1730 913 opus

331 932 394 965 est
418 922 538 977 Filii,
566 922 687 982 quod
711 939 798 968 non
827 939 904 982 per
927 940 1026 967 eum
1057 927 1184 968 Pater
1206 924 1338 982 facit3
1363 940 1442 968 nec
1470 924 1613 968 ullum
1643 927 1727 967 Pa-

333 993 422 1047 tris,
450 993 571 1052 quod
595 1009 683 1037 non
705 1009 784 1052 per
805 993 965 1037 Filium
992 995 1121 1038 simul
1144 995 1376 1039 facientem
1403 994 1521 1039 facit.
1553 1014 1572 1036 «
1598 996 1724 1047 Quae—

335 1080 354 1104 »
384 1078 575 1123 cumque
607 1064 722 1107 enim
756 1067 882 1108 Pater
905 1063 1034 1120 facit,
1063 1066 1156 1109 haec
1189 1065 1341 1110 eadem
1372 1065 1508 1109 Filius
1535 1064 1730 1109 similiter

336 1153 354 1175 »
384 1133 486 1178 facit
515 1138 544 1177 ¹.
575 1154 593 1176 »
631 1135 894 1195 Evangelica
923 1147 987 1180 est
1019 1146 1061 1180 et
1090 1138 1168 1181 ista
1197 1138 1434 1192 sententia,
1469 1137 1567 1181 Filii
1598 1136 1730 1195 ipsius

332 1216 650 1265 consequenter
672 1223 746 1251 ore
768 1208 952 1267 prolata.
980 1211 1077 1253 Non
1102 1218 1203 1253 sunt
1226 1224 1328 1267 ergo
1352 1208 1431 1252 alia
1451 1207 1568 1262 Filii,
1589 1216 1632 1250 et
1649 1207 1731 1250 alia

336 1277 471 1321 Patris
505 1293 662 1336 opera,
698 1279 774 1322 sed
807 1280 901 1322 haeo
934 1280 1085 1323 eadem
1121 1300 1129 1324 :
1157 1295 1237 1323 nec
1273 1278 1536 1324 dissimiliter
1571 1279 1686 1322 fiunt
1707 1294 1729 1322 a

336 1347 466 1402 Filio,
493 1347 569 1391 sed
589 1348 800 1392 similiter.
827 1352 940 1393 Cum
965 1359 1112 1394 autem
1136 1366 1223 1394 non
1242 1350 1323 1393 alia
1345 1349 1515 1403 similia,
1541 1348 1617 1392 sed
1634 1349 1729 1392 haec

328 1417 485 1461 eadem
510 1419 617 1462 fiant
641 1434 661 1461 a
688 1418 798 1463 Filio
815 1435 913 1478 quae
937 1421 1051 1463 fiunt
1074 1436 1096 1463 a
1120 1423 1262 1474 Patre,
1283 1419 1390 1479 quid
1411 1428 1491 1473 est,
1513 1418 1725 1473 similiter,

337 1489 415 1531 uisi
446 1504 534 1531 non
564 1488 759 1531 dissimili
792 1489 1026 1543 facilitate,
1062 1506 1151 1534 non
1186 1489 1381 1534 dissimili
1411 1492 1657 1549 potestate?
1688 1490 1731 1535 Si

335 1558 448 1600 enim
480 1558 574 1601 haec
599 1558 750 1601 eadem
775 1559 954 1619 quidem
983 1560 1114 1604 ambo
1143 1560 1336 1615 faciunt,
1362 1560 1436 1604 sed
1461 1561 1568 1605 alter
1595 1561 1731 1605 altero

334 1627 504 1672 facilius
525 1638 567 1672 et
586 1630 808 1688 potentius
826 1666 836 1685 ,
863 1646 952 1675 non
976 1631 1131 1691 utique
1161 1631 1355 1675 similiter
1375 1647 1422 1675 ea
1447 1632 1553 1675 facit
1575 1630 1727 1676 Filius.

334 1701 447 1744 Cum
470 1715 572 1744 vero
602 1709 645 1744 et
678 1701 773 1744 haec
802 1701 952 1745 eadem
983 1711 1027 1745 et
1059 1701 1281 1756 similiter,
1308 1703 1506 1761 profecto
1536 1717 1616 1746 nec
1650 1702 1731 1746 alia

334 1780 437 1814 sunt
466 1769 563 1814 Filii
589 1786 719 1831 quam
744 1772 878 1816 Patris
902 1788 1032 1831 opera
1050 1808 1060 1826 ,
1082 1788 1162 1816 nec
1184 1774 1460 1832 operantium
1483 1783 1547 1817 est
1564 1772 1732 1817 diversa

340 1841 550 1899 potentia.
575 1844 664 1886 Nec
689 1842 840 1902 utique
863 1843 954 1886 sine
978 1843 1141 1902 Spiritu
1172 1853 1322 1887 sancto
1355 1864 1362 1886 ε
1389 1859 1533 1903 neque
1560 1845 1676 1887 enim
1707 1859 1730 1887 a

336 1911 545 1956 faciendis
568 1913 798 1957 amborum
829 1914 1036 1972 operibus
1061 1913 1152 1957 ullo
1185 1914 1317 1958 modo
1340 1916 1571 1958 amborum
1606 1930 1731 1974 sepa-

337 1983 503 2026 rabitur
539 1983 737 2041 Spiritus.
780 1984 892 2028 Miro
928 1983 1077 2043 itaque
1115 1984 1359 2044 eodemque
1393 1986 1547 2045 utique
1584 1984 1733 2030 divino

336 2052 468 2097 modo
491 2054 545 2096 ab
568 2054 770 2098 omnibus
794 2054 908 2098 fiunt
925 2069 1056 2113 opera
1072 2055 1287 2109 omnium,
1307 2055 1362 2098 ab
1383 2055 1584 2099 omnibus
1602 2055 1733 2099 etiam

335 2122 624 2181 singulorum.
665 2126 775 2169 Nam
812 2124 1011 2169 omnium
1045 2140 1176 2183 opera
1211 2135 1314 2169 sunt
1335 2125 1500 2170 coelum
1536 2136 1580 2170 et
1618 2136 1732 2170 terra

337 2195 567 2255 omnisque
595 2204 808 2239 creatura.
836 2198 898 2239 De
922 2196 1032 2239 Filio
1055 2196 1219 2255 quippe
1250 2196 1417 2241 dictum
1441 2207 1504 2241 est
1534 2216 1542 2241 ;
1578 2217 1596 2238 «
1623 2199 1732 2241 Om-

345 2286 361 2306 >›
383 2265 454 2309 nia
489 2281 566 2324 per
598 2266 739 2325 ipsum
778 2266 891 2310 facta
914 2275 1017 2310 sunt
1049 2269 1080 2308 ².
1124 2285 1142 2305 n
1181 2267 1287 2319 Quis
1306 2277 1451 2311 autem
1489 2268 1544 2311 ab
1570 2268 1734 2327 Spiritu

338 2346 488 2381 sancto
511 2335 669 2381 audeat
690 2336 877 2380 alienare
912 2351 1042 2396 opera
1066 2337 1364 2396 quarumlibet
1402 2348 1702 2383 creaturarum
1719 2374 1730 2392 ‚

339 2421 471 2466 quem
494 2407 631 2451 cernit
655 2407 824 2465 operari
843 2406 957 2451 dona
981 2417 1248 2462 sanctorum,
1275 2407 1330 2451 de
1347 2409 1508 2468 quibus
1523 2409 1731 2468 seriptum

340 2487 404 2521 est
423 2497 431 2521 :
454 2478 649 2522 «Omnia
672 2487 819 2522 autem
842 2478 938 2522 haec
961 2486 1167 2537 operatur
1190 2493 1304 2523 unus
1315 2488 1448 2538 atque
1470 2479 1586 2523 idem
1601 2479 1731 2539 Spiri-

388 2563 697 2604 'Joan.v‚19.—-
714 2569 725 2584 ²
746 2562 792 2594 Id.
809 2573 833 2603 1,
854 2563 884 2593 3-
