1803 3250
310 172 392 210 262
742 180 774 209 s.
812 180 1043 210 Aucusnm
1075 182 1255 210 nmscori

309 250 449 307 ipsum
475 246 583 290 nihil
609 245 775 305 aliquid
797 255 875 291 est.
906 249 1086 292 Sensum
1111 248 1228 291 enim
1248 248 1533 307 perdiderunt
1550 249 1695 295 studio

308 316 658 370 contradicendi,
684 331 763 360 nec
786 316 1034 375 intelligunt
1056 317 1165 362 nihil
1186 318 1387 363 interesse
1405 329 1552 364 utrum
1576 320 1694 365 dica-

308 402 409 436 tur:
436 387 576 432 «Sine
608 385 683 431 illo
711 386 877 431 factum
908 397 972 432 est
999 388 1130 446 nihil3
1153 407 1172 429 »
1200 405 1255 432 an
1272 425 1282 444 ‚
1317 409 1336 431 α
1359 390 1458 435 Sine
1493 390 1568 435 illo
1589 392 1697 436 nihil

313 482 330 503 »
356 460 524 505 factum
546 466 608 502 est
627 476 635 502 ε
654 475 674 499 »
696 457 798 519 quia
816 467 860 502 et
882 459 914 502 si
936 458 1011 503 illo
1025 458 1177 503 ordine
1195 460 1413 504 diceretur
1434 480 1443 507 :
1472 480 1491 503 «
1511 462 1610 507 Sine
1622 461 1698 506 illo

311 552 329 574 »
357 528 466 575 nihil
478 528 642 574 factum
659 538 723 574 est
737 551 749 588 3
765 548 784 571 »
809 540 981 589 possent
995 530 1132 575 nihilo
1146 531 1289 575 minus
1307 532 1466 587 dicere,
1484 532 1625 592 ipsum
1639 535 1702 578 ni-

307 602 369 647 hil
393 600 561 662 aliquid
588 616 693 656 esse,
719 602 822 662 quia
855 601 1018 646 factum
1047 612 1126 647 est.
1160 604 1289 656 Quod
1322 604 1438 647 enim
1466 619 1613 648 revera
1637 613 1701 648 est

307 673 489 734 aliquid,
514 671 621 733 quid
638 673 817 717 interest
830 682 977 716 utrum
991 674 1050 717 ita
1068 673 1238 717 dicatur
1255 693 1263 717 :
1292 674 1391 718 Sine
1413 672 1488 718 illo
1506 674 1621 719 facta
1636 685 1700 720 est

307 744 464 789 domus
484 765 495 802 3
520 759 575 787 an
595 778 606 799 ,
634 744 734 788 Sine
755 742 831 787 illo
853 742 1010 786 domus
1038 752 1102 786 est
1124 741 1237 787 facta
1266 763 1275 787 ι
1301 743 1408 787 dum
1431 744 1701 804 intelligatur

312 814 477 875 aliquid
498 814 589 858 sine
611 813 686 858 illo
703 812 887 868 factum,
910 811 1031 872 quod
1053 812 1219 874 aliquid
1241 812 1397 859 domus
1414 824 1492 860 est.
1517 818 1582 860 lta
1599 817 1701 876 quia

307 885 475 930 dictum
498 894 561 928 est
587 903 598 929 2
626 902 643 924 «
668 884 769 929 Sine
790 883 865 928 illo
887 881 1053 928 factum
1071 893 1135 929 est
1156 884 1291 944 nihil,
1312 904 1332 927 »
1359 886 1569 946 quoniam
1592 887 1700 932 nihil

307 958 459 1017 utique
477 971 567 1000 non
589 964 654 1000 est
675 955 866 1016 aliquid,
891 955 1071 1016 quando
1102 972 1203 1000 vere
1233 967 1276 1001 et
1304 958 1477 1017 proprie
1508 957 1698 1006 dicitur:

308 1031 396 1073 sive
418 1027 616 1072 dicatur:
645 1045 666 1070 «
689 1027 788 1072 Sine
815 1027 891 1072 illo
921 1026 1088 1072 factum
1120 1037 1184 1072 est
1214 1026 1346 1087 nihil,
1370 1047 1389 1070 »
1415 1029 1528 1084 sive,
1563 1031 1700 1075 «Sine

311 1117 331 1141 »
358 1099 434 1144 illo
451 1097 561 1143 nihil
573 1097 739 1143 factum
755 1107 835 1153 est,
853 1119 869 1140 »
896 1097 983 1153 vel,
1012 1118 1033 1142 «
1051 1099 1161 1143 nihil
1177 1108 1241 1143 est
1258 1098 1448 1158 factum,
1469 1119 1488 1142 »
1514 1100 1623 1144 nihil
1638 1101 1700 1144 in-

312 1180 455 1216 terest.
481 1170 588 1224 Quis
616 1180 764 1215 autem
795 1169 901 1215 velit
927 1170 1049 1232 loqui
1082 1186 1183 1225 cum
1212 1172 1461 1216 hominibus
1478 1207 1488 1227 ‚
1519 1173 1595 1232 qui
1618 1172 1702 1217 hoc

308 1243 453 1304 ipsum
470 1241 592 1303 quod
611 1241 698 1286 dixi
712 1278 723 1298 ,
749 1241 860 1286 nihil
876 1243 1070 1298 interest,
1095 1253 1279 1302 possunt
1300 1244 1444 1288 dicere
1465 1262 1474 1288 ε
1496 1245 1613 1302 Ergo
1630 1243 1701 1288 in-

310 1324 443 1360 terest
459 1314 641 1375 aliquid,
668 1314 771 1375 quia
791 1316 932 1374 ipsum
956 1315 1066 1358 nihil
1085 1314 1251 1374 aliquid
1274 1317 1369 1359 estP
1393 1315 1447 1358 Hi
1463 1324 1608 1359 autem
1626 1315 1703 1375 qui

311 1403 465 1432 sanum
492 1386 658 1430 habent
687 1387 916 1430 cerebrum
934 1421 945 1441 ‚
978 1401 1069 1429 rem
1098 1384 1490 1430 manifestissimam
1522 1386 1700 1441 vident,

312 1459 396 1502 hoc
416 1457 531 1501 idem
550 1456 733 1515 intelligi
751 1472 853 1500 cum
875 1456 984 1511 dixi,
1010 1455 1120 1500 nihil
1134 1456 1328 1512 interest,
1348 1455 1468 1516 quod
1484 1457 1704 1516 intellige-

314 1538 433 1573 retur
448 1529 482 1573 si
494 1527 698 1583 dicerem,
717 1528 896 1572 interest
908 1527 1032 1571 nihil.
1055 1531 1112 1572 At
1125 1528 1194 1572 isti
1209 1528 1243 1571 si
1261 1526 1389 1572 alicui
1401 1528 1548 1572 dicant
1566 1547 1575 1573 ε
1591 1528 1709 1581 Quid

312 1599 487 1644 fecisti?
510 1609 553 1644 et
575 1598 646 1643 ille
664 1600 940 1659 respondeat,
964 1599 1074 1644 nihil
1091 1614 1134 1643 se
1158 1598 1308 1643 fecisse
1331 1619 1340 1644 :
1362 1614 1630 1660 consequens
1644 1609 1708 1644 est

313 1680 364 1715 ut
385 1671 424 1714 ei
446 1668 769 1714 calumnientur
790 1670 984 1715 dicentes
1006 1690 1014 1715 ;
1041 1670 1201 1715 Fecisti
1218 1685 1322 1730 ergo
1339 1669 1505 1731 aliquid
1519 1670 1620 1730 quia
1639 1670 1708 1714 ni-

313 1741 378 1787 hil
398 1742 563 1801 fecisti,
588 1743 730 1802 ipsum
753 1742 870 1787 enim
893 1741 1003 1786 nihil
1026 1742 1192 1802 aliquid
1210 1751 1288 1786 est.
1310 1742 1485 1786 Habent
1502 1751 1647 1786 autem
1664 1751 1708 1786 et

313 1814 458 1874 ipsum
481 1814 715 1859 Dominum
739 1814 783 1859 in
806 1815 892 1858 fine
906 1815 1133 1858 sententiae
1152 1813 1484 1873 ponentemhoc
1502 1813 1704 1870 verbum,

314 1885 393 1928 uhi
415 1885 475 1928 ait
495 1904 505 1930 ;
534 1904 555 1928 «
572 1887 630 1929 Et
644 1885 690 1929 in
708 1883 882 1931 occulto
893 1884 1067 1929 locutus
1081 1899 1179 1929 sum
1197 1883 1348 1929 nihi11.
1369 1902 1390 1926 »
1411 1886 1528 1944 Ergo
1539 1883 1704 1944 legant,

316 1966 361 2002 et
380 1966 569 2001 taceant.

375 2030 539 2073 XXVI.
577 2028 687 2081 Quia
717 2043 819 2087 ergo
851 2030 964 2072 Deus
986 2027 1131 2072 omnia
1154 2042 1254 2087 quae
1276 2041 1367 2071 non
1389 2027 1445 2070 de
1466 2041 1510 2071 se
1533 2028 1709 2086 genuit,

317 2098 394 2144 sed
416 2114 492 2159 per
519 2100 715 2143 Verbum
742 2114 871 2143 suum
891 2098 1022 2154 fecit,
1048 2114 1138 2142 non
1165 2097 1219 2141 de
1242 2098 1308 2142 his
1340 2097 1471 2141 rebus
1504 2113 1604 2158 quae
1619 2100 1712 2159 jam

319 2179 458 2226 erant,
484 2171 559 2214 sed
581 2170 636 2215 de
658 2171 723 2214 his
740 2186 840 2230 quae
862 2170 1041 2215 omnino
1059 2185 1148 2214 ncn
1172 2177 1312 2224 erant,
1333 2169 1417 2213 hoc
1439 2177 1504 2212 est
1519 2203 1530 2225 ,
1564 2169 1619 2213 de
1643 2169 1714 2214 ni-

318 2240 411 2286 hilo
439 2240 559 2297 fceit,
584 2242 640 2285 ita
672 2241 777 2286 dicit
805 2240 1038 2301 Apostolus
1075 2260 1083 2285 :
1127 2241 1251 2293 «Qui
1272 2249 1400 2286 vocat
1421 2255 1472 2284 ea
1502 2255 1601 2300 quae
1623 2256 1714 2286 non

323 2330 344 2354 »
370 2321 494 2368 sunt,
516 2322 725 2373 tanquam
746 2314 875 2358 sint2.
910 2312 1113 2372 Apertius
1144 2321 1291 2356 autem
1317 2311 1363 2355 in
1392 2309 1508 2356 libro
1530 2311 1713 2357 Macha-

322 2383 517 2428 baeorum
538 2385 748 2443 scriptum
771 2393 835 2428 est
858 2403 867 2429 :
896 2403 918 2426 α
934 2384 1023 2428 Oro
1051 2395 1116 2439 te,
1142 2382 1203 2427 fili
1220 2419 1231 2439 ,
1257 2382 1420 2443 respice
1442 2381 1497 2427 ad
1519 2381 1682 2427 coelum
1697 2418 1710 2440 ,

324 2473 345 2497 »
371 2464 415 2500 et
436 2464 611 2512 terram,
636 2464 679 2500 et
700 2456 847 2501 omnia
865 2470 965 2516 quae
985 2455 1032 2499 in
1053 2455 1111 2499 eis
1131 2463 1234 2500 sunt
1257 2471 1266 2500 ε
1290 2452 1407 2511 vide,
1427 2461 1472 2499 et
1488 2454 1596 2500 scito
1609 2455 1713 2515 quia

371 2550 378 2566 ¹
400 2544 496 2575 Joan.
514 2553 607 2584 xviii,
625 2552 680 2577 20.
697 2560 738 2566 —
753 2551 765 2566 ²
785 2545 876 2577 Rom.
896 2554 945 2585 iv,
966 2553 1017 2584 17·
