1803 3250
325 196 407 234 352
756 200 789 230 s.
826 201 1056 232 Aucusnm
1090 205 1269 233 nmscom

322 274 472 332 utique
503 268 704 321 dederat,
729 278 778 314 ut
799 272 892 331 ejus
923 281 1153 336 augeretur
1174 272 1384 332 pecunia,
1410 273 1626 335 quidquid
1646 284 1711 320 est

314 342 434 405 quod
458 341 529 386 illa
551 341 777 399 significat.
800 344 916 402 Ergo
933 344 1035 405 quia
1053 344 1257 399 contigit,
1282 353 1332 388 ut
1349 343 1421 388 ille
1438 360 1513 388 sua
1535 345 1705 403 pigritia

315 413 424 459 nibil
449 413 713 474 acquireret,
740 414 823 459 hoc
841 430 929 460 non
953 416 1166 475 praescivit
1188 414 1262 459 ille
1285 415 1360 476 qui
1391 416 1542 460 dedit?
1564 416 1713 463 Dicere

341 487 487 540 tiam¹‚
517 500 606 529 non
628 483 830 546 implesse
847 485 901 532 de
916 488 1136 533 hoclucro
1150 486 1389 533 Christum
1410 487 1530 549 quod
1550 491 1735 548 magno-

346 573 447 617 pere
467 557 685 615 cogitavit.
713 560 857 603 Potest
879 568 922 604 et
943 559 1053 604 illud
1083 561 1281 616 tertium,
1307 559 1359 605 ad
1389 558 1668 604 maledictum
1692 575 1737 605 se

343 629 604 675 convertisse
621 639 889 689 superatum,
906 632 1112 691 quoniam
1129 632 1239 676 dixit
1258 652 1267 677 :
1290 651 1309 673 «
1332 631 1481 690 Ligate
1500 630 1562 674 illi
1582 646 1736 676 manus

347 720 366 743 ν»
391 710 435 745 et
451 700 599 761 pedes,
620 710 663 745 et
680 701 875 762 projicite
890 716 989 745 eum
1007 703 1048 745 in
1067 704 1268 746 tenebras
1286 702 1565 746 exteriores‘2:
1587 721 1607 743 »
1626 703 1738 748 sicut

340 772 481 818 Adam
507 771 673 816 dictum
697 782 776 825 est,
798 781 847 815 ut
869 788 892 815 a
918 772 1040 831 ligno
1065 773 1167 816 vitae
1195 783 1417 831 separatus
1441 784 1581 818 morte
1604 774 1734 819 ctiam

340 844 532 902 corporis
558 843 819 901 plecteretur
833 845 864 885 ³.
902 842 1012 886 Huic
1045 844 1162 887 enim
1202 844 1366 888 homini
1399 844 1562 889 diserto
1577 880 1588 899 ,
1623 845 1735 889 dest-

340 915 492 960 cientis
509 912 789 957 maledictum
804 911 993 968 videtur,
1017 915 1205 973 potentis
1220 915 1466 974 imperium.
1492 916 1610 959 Dicat
1633 929 1736 974 ergo

340 986 625 1045 impotentem
657 985 908 1040 Christum,
938 986 1147 1045 quoniam
1179 986 1234 1030 de
1263 987 1526 1047 acquirenda
1556 987 1734 1047 spiritali

338 1057 523 1117 pecunia
546 1072 634 1101 non
657 1056 933 1118 potuitquod
955 1058 1347 1116 cupiebatellieere
1369 1060 1510 1103 :dicat
1526 1058 1735 1103 aemulum

336 1143 386 1174 ac
408 1127 688 1182 malitiosum,
708 1127 830 1188 quod
849 1143 972 1172 servo
990 1143 1069 1172 suo
1085 1128 1288 1173 inviderit
1306 1129 1447 1174 lucem
1464 1146 1512 1174 ac
1530 1129 1730 1185 salutern,

335 1215 466 1261 quem
491 1200 640 1261 projici
659 1201 786 1261 jussit
808 1200 854 1243 in
876 1200 1095 1251 tenebras,
1121 1200 1196 1244 ubi
1220 1210 1329 1245 esset
1354 1201 1484 1245 fletus
1507 1210 1550 1245 et
1575 1201 1734 1246 stridor

336 1271 553 1317 dentium.
582 1273 624 1318 Si
642 1281 788 1316 autem
807 1273 861 1316 de
883 1272 1058 1317 Christo
1076 1273 1155 1317 ista
1176 1289 1264 1317 non
1281 1272 1410 1327 dicit,
1438 1289 1491 1317 ne
1507 1274 1588 1318 hoc
1603 1271 1734 1318 modo

334 1360 379 1390 se
401 1345 564 1389 indicet
586 1360 675 1390 non
698 1360 788 1390 esse
810 1344 1131 1404 Christianum3
1155 1361 1233 1389 cur
1257 1346 1391 1389 audet
1412 1346 1555 1389 dicere
1577 1345 1632 1389 de
1648 1346 1732 1391 ho-

334 1416 461 1461 minis
485 1415 714 1461 conditore
736 1426 779 1461 et
800 1416 968 1475 peceati
1000 1417 1153 1460 merito
1181 1415 1436 1460 damnatore
1454 1451 1464 1469 ‚
1499 1416 1618 1476 quod
1645 1433 1731 1462 non

335 1488 469 1534 audet
489 1488 634 1532 dicere
658 1488 713 1532 de
740 1489 929 1532 hominis
963 1487 1259 1547 redemptore,
1286 1496 1330 1532 et
1351 1488 1384 1531 si
1400 1489 1492 1548 ejus
1516 1498 1731 1548 praecepta

333 1560 668 1619 contempserit,
704 1574 835 1618 poena
869 1568 1044 1603 aeternae
1077 1559 1227 1604 mortis
1261 1558 1403 1603 ultore
1418 1594 1429 1613 ,
1461 1559 1613 1603 eodem
1637 1562 1730 1619 ipso

331 1629 530 1676 scilicet?
552 1633 659 1676 Nam
684 1630 727 1674 in
748 1645 879 1691 quem
900 1629 1033 1674 alium
1056 1630 1138 1674 nisi
1160 1630 1204 1673 in
1223 1630 1444 1675 Christum
1474 1630 1566 1675 haec
1589 1632 1728 1675 male-

331 1703 446 1747 dicta
469 1703 663 1747 nesciens
686 1702 764 1746 iste
780 1700 1033 1762 jaculatur?
1055 1700 1417 1761 quandoquidem
1436 1700 1509 1745 ille
1527 1702 1585 1746 ait
1604 1721 1613 1746 ε
1643 1721 1661 1743 «
1687 1703 1729 1748 Si

335 1791 356 1815 »
381 1774 614 1818 crederetis
637 1774 802 1831 Moysi,
839 1772 1071 1817 crederetis
1099 1782 1142 1816 et
1164 1773 1298 1827 mihi,
1333 1771 1389 1816 de
1417 1788 1487 1816 me
1519 1773 1633 1817 enim
1656 1773 1729 1819 ille

334 1866 354 1888 ι)
379 1846 590 1907 scripsit&
613 1864 630 1887 ι)
650 1845 766 1899 Quid
783 1846 900 1889 enim
917 1848 1041 1889 Pater
1063 1844 1155 1888 sine
1179 1844 1306 1897 Filio,
1319 1843 1389 1888 vel
1403 1854 1507 1889 tunc
1523 1844 1641 1899 fecit,
1660 1845 1726 1890 vel

333 1935 527 1980 unquam
552 1918 692 1964 facit?
718 1917 758 1963 Si
781 1933 885 1977 ergo
911 1917 1165 1971 salubriter,
1192 1933 1279 1960 non
1302 1916 1444 1961 solum
1469 1916 1726 1973 bonitatem,

333 1991 617 2036 verumetiam
636 1990 908 2035 severitatem
927 1989 999 2033 Dei
1017 1998 1161 2034 sancta
1188 1989 1407 2048 Scriptura
1427 1990 1724 2044 commendat,

333 2064 538 2123 quoniam
555 2071 597 2107 et
611 2071 781 2107 amatur
797 2064 911 2106 Deus
924 2060 1089 2105 utiliter
1101 2070 1142 2105 et
1157 2060 1352 2114 timetur,
1368 2059 1727 2120 undeApostolus

332 2133 484 2179 eodem
507 2133 605 2178 loco
626 2144 863 2193 utrumque
884 2140 1198 2176 commemorat
1222 2130 1370 2176 dicens
1391 2150 1400 2175 2
1425 2149 1444 2173 «
1470 2130 1600 2176 Vides
1622 2147 1727 2191 ergo

335 2224 355 2247 »
385 2206 622 2251 bonitatem
639 2205 963 2250 etseveritatem
982 2204 1083 2249 Dei⁵
1102 2223 1112 2248 ε
1131 2202 1273 2263 »quid
1293 2202 1493 2262 estquod
1510 2203 1588 2247 istc
1608 2204 1725 2249 insa-

332 2294 414 2322 nus
428 2288 470 2322 et
486 2293 694 2338 praeceps,
713 2293 812 2322 cum
830 2276 1112 2321 christianum
1131 2291 1222 2319 esse
1243 2291 1288 2319 se
1303 2276 1453 2335 jactet,
1474 2276 1560 2320 hoc
1579 2291 1725 2334 repre-

333 2349 485 2393 hendit
500 2350 543 2392 in
560 2353 647 2393 Deo
665 2348 999 2408 Prophetarum,
1011 2346 1128 2407 quod
1147 2346 1188 2390 in
1204 2349 1292 2390 Deo
1309 2346 1474 2391 invenit
1489 2346 1724 2405 Apostolo-

333 2436 429 2466 rum
448 2422 685 2481 :quoniam
706 2421 822 2466 idem
841 2422 954 2465 Deus
975 2428 1040 2463 est
1060 2428 1103 2462 et
1118 2417 1311 2471 illorum,
1326 2426 1369 2462 et
1390 2418 1605 2463 istorum?

380 2526 390 2542 ¹
412 2519 572 2554 subaudi.
594 2524 714 2564 potest.
735 2536 776 2542 --
796 2526 808 2542 ²
828 2518 941 2552 Matth.
964 2529 1041 2556 xxii,
1065 2517 1112 2549 13.
1131 2535 1156 2539 —
1191 2515 1203 2538 ³
1232 2519 1313 2550 Gen.
1335 2528 1383 2559 ιιι,
1406 2517 1460 2557 ¹24v
1481 2535 1523 2541 —
1539 2516 1554 2547 6
1574 2520 1665 2550 Jonn.
1687 2530 1719 2559 v,

333 2578 398 2620 463
422 2579 501 2612 Gen,
523 2589 606 2619 χιιι,
631 2589 680 2612 ιο.
701 2582 734 2610 et
747 2579 841 2610 Deut.
867 2587 961 2612 xvin,
983 2575 1032 2607 15.
1049 2592 1088 2598 -
1102 2572 1117 2597 5
1136 2577 1226 2606 Rom
1249 2586 1292 2613 xi,
1308 2583 1364 2606 27..
