1803 3250
309 192 391 230 312
747 195 782 225 s.
817 194 1050 226 Auousrrm
1083 197 1267 226 urescorr

306 278 447 312 tamen
470 260 713 323 quemlibet
727 261 950 308 defectum
963 262 1190 309 exordium
1206 279 1296 309 esse
1313 264 1543 324 pereundi.
1563 266 1696 326 Aperi

303 352 403 395 ergo
413 337 501 396 jam
517 333 658 380 cordis
673 335 839 392 oculos,
860 346 904 382 et
919 337 1106 391 intuere,
1129 337 1164 381 si
1176 345 1316 396 potes,
1334 337 1501 382 bonum
1517 336 1697 399 aliquod

300 422 389 452 esse
411 405 655 466 quamlibet
668 406 954 453 substantiam
977 427 986 454 :
1007 417 1051 453 et
1068 408 1166 452 ideo
1184 408 1349 452 malum
1366 423 1456 454 esse
1474 407 1698 454 defectum

299 478 570 533 substantiae,
591 478 694 539 quia
716 478 885 524 bonum
907 489 972 525 est
993 495 1083 524 esse
1105 480 1408 525 substantiam.
1435 482 1524 526 Nec
1552 489 1698 527 tamen

297 565 472 597 omnem
490 548 713 595 defectum
726 565 817 595 esse
830 550 1115 611 culpabilem,
1131 550 1207 595 sod
1221 549 1367 596 solum
1378 550 1695 609 voluntarium,

293 638 382 683 quo
404 622 548 666 anima
571 621 792 667 rationalis
815 623 869 667 ad
891 638 941 667 ea
958 638 1060 682 quae
1084 622 1196 667 infra
1226 622 1344 667 illam
1369 632 1474 667 sunt
1491 622 1694 680 condita,

295 693 523 739 conditore
544 709 624 739 suo
645 692 817 738 deserto
834 729 846 749 ‚
882 691 1075 737 declinat
1103 692 1344 737 affectum:
1370 693 1453 738 hoc
1485 702 1550 738 est
1581 693 1698 739 enim

294 764 416 826 quod
440 774 667 825 peccatum
688 773 886 810 vocatur.
923 764 1080 809 Caeteri
1109 772 1256 808 autem
1286 762 1486 809 defectus
1508 764 1586 825 qui
1607 779 1699 810 non

294 846 397 881 sunt
420 834 683 893 voluntarii,
707 834 778 878 vel
801 833 995 894 poenales
1021 843 1151 889 sunt,
1184 844 1232 879 ut
1251 844 1428 893 peccata
1450 835 1694 894 puniantur

296 907 582 951 moderatrice
602 920 772 949 summa
793 914 926 966 atque
946 904 1210 950 ordinatrice
1223 906 1392 965 justitia
1409 927 1421 964 3
1439 904 1510 950 vel
1528 920 1698 951 mensu-

295 979 348 1022 ris
373 991 517 1021 rerum
539 977 816 1021 infirmarum
841 976 1160 1032 interveniunt,
1181 986 1229 1021 ut
1244 976 1536 1036 praecedentia
1550 992 1700 1022 succe-

293 1048 500 1093 dentibus
523 1047 709 1103 cedant,
735 1057 867 1109 atque
884 1048 946 1092 ita
973 1047 1114 1093 omnis
1138 1048 1388 1108 temporalis
1408 1047 1699 1108 pulchritudo

295 1121 460 1165 vicibus
482 1121 569 1164 suis
589 1129 721 1180 atque
743 1135 821 1165 suo
839 1134 997 1179 genere
1015 1129 1264 1179 peragatur.
1290 1120 1412 1164 Sicut
1426 1119 1544 1164 enim
1557 1135 1700 1166 sermo

297 1194 520 1252 peragitur
533 1192 658 1253 quasi
675 1192 964 1237 morientibus
977 1200 1109 1253 atque
1123 1191 1368 1237 orientibus
1385 1191 1579 1250 syllabiS,
1599 1208 1700 1253 quae

297 1279 373 1323 per
396 1279 621 1308 morarum
643 1272 760 1308 certa
794 1262 1024 1308 intervalla
1056 1263 1325 1319 tenduntur,
1365 1271 1409 1307 et
1436 1263 1584 1322 spatiis
1613 1263 1701 1308 suis

296 1334 487 1394 impletis
518 1333 717 1379 ordinata
749 1333 1116 1394 consequentium
1145 1334 1413 1379 successione
1442 1332 1698 1391 decedunt,

297 1407 438 1450 donec
460 1405 516 1449 ad
538 1406 672 1450 finem
700 1419 830 1449 suum
852 1413 944 1449 tota
962 1403 1230 1464 perducatur
1247 1404 1410 1463 oratio,
1435 1418 1517 1449 nec
1535 1403 1582 1449 in
1598 1404 1702 1465 ipsis

296 1476 633 1520 decurrentibus
650 1476 781 1531 sonis,
799 1473 876 1520 sed
889 1475 936 1519 in
954 1474 1176 1535 loquentis
1194 1474 1496 1520 moderatione
1509 1475 1700 1536 positum

296 1556 381 1602 est,
407 1556 625 1607 quantum
653 1545 925 1607 producatur
948 1546 1266 1606 corripiaturve
1293 1545 1488 1605 syllaba,
1521 1546 1591 1592 vel
1613 1562 1702 1608 qua

296 1618 439 1677 specie
462 1618 707 1664 litterarum
729 1618 914 1678 singulae
933 1633 1113 1664 suorum
1136 1618 1335 1664 locorum
1358 1627 1582 1665 momenta
1600 1634 1701 1664 cus-

299 1690 469 1735 todiant
499 1709 508 1735 :
544 1705 647 1735 cum
678 1705 745 1735 ars
778 1691 870 1751 ipsa
900 1706 1001 1751 quae
1030 1705 1275 1735 sermonem
1310 1690 1435 1745 facit,
1474 1706 1557 1736 nec
1587 1691 1704 1736 sonis

300 1771 542 1822 perstrepat
557 1797 568 1818 ‚
593 1777 674 1808 nec
702 1761 983 1823 pervolvatur
1006 1763 1287 1823 varieturque
1310 1762 1583 1822 temporibus
1608 1781 1617 1807 ε
1642 1763 1704 1808 sic

298 1842 399 1877 ortu
422 1843 466 1878 et
487 1848 664 1889 occasu,
691 1832 872 1878 decessu
904 1843 1036 1894 atque
1068 1849 1268 1878 successu
1301 1848 1448 1877 rerum
1476 1842 1702 1894 tempora-

299 1903 431 1958 lium,
458 1906 586 1949 certis
602 1920 652 1950 ac
674 1905 865 1950 definitis
889 1906 1116 1961 tractibus,
1151 1905 1292 1949 donec
1315 1914 1510 1950 recurrat
1532 1904 1588 1949 ad
1610 1913 1702 1950 ter-

300 1974 469 2020 minum
499 1978 820 2036 praestitutum‚
856 1977 1106 2037 temporalis
1138 1976 1401 2038 pulchitudo
1432 1977 1697 2022 contexitur.

299 2051 405 2100 Quae
426 2064 516 2093 non
537 2048 637 2095 ideo
657 2049 771 2094 mala
792 2059 873 2106 est,
898 2051 1000 2110 quia
1025 2050 1070 2094 in
1087 2048 1356 2109 spiritalibus
1373 2049 1584 2094 creaturis
1605 2064 1702 2109 pos-

298 2134 447 2163 sumus
468 2119 712 2181 intelligere
735 2121 971 2182 mirarique
990 2122 1170 2166 meliora
1192 2141 1201 2166 2
1223 2120 1298 2165 sed
1320 2120 1453 2166 habet
1473 2120 1701 2181 proprium

300 2189 344 2233 in
366 2206 445 2235 suo
466 2207 624 2250 genere
647 2193 799 2248 decus,
819 2202 952 2253 atque
975 2193 1168 2237 insinuat
1186 2193 1298 2236 bene
1321 2191 1570 2236 viventibus
1586 2206 1698 2236 sum-

300 2274 417 2303 mam
439 2264 517 2307 Dei
534 2264 791 2323 sapientiam
805 2299 815 2318 ,
839 2264 885 2308 in
903 2263 991 2308 alto
1011 2273 1242 2318 secretam,
1263 2278 1392 2323 supra
1416 2277 1567 2307 omnes
1588 2271 1701 2307 tem-

299 2344 457 2388 porum
480 2343 636 2390 metas,
662 2333 985 2378 fabricatricem
1007 2349 1057 2378 ac
1081 2333 1413 2377 moderatricem
1432 2344 1572 2374 suam.

359 2401 479 2445 XVI.
514 2406 622 2460 Age,
642 2417 761 2445 nunc
779 2401 957 2445 attende
971 2398 1083 2444 illud
1100 2400 1222 2460 quod
1236 2400 1411 2444 dicebas
1430 2400 1610 2457 malum,
1624 2402 1696 2446 cui

300 2472 443 2516 anima
479 2472 794 2518 consentiendo
821 2471 1067 2518 voluntarie
1089 2481 1256 2532 peccat,
1279 2481 1428 2518 utrum
1454 2473 1696 2519 substantia

300 2541 354 2587 sit
385 2541 547 2603 aliqua,
583 2559 640 2589 an
667 2558 770 2590 vero
798 2558 878 2589 nec
906 2543 966 2588 ibi
996 2543 1131 2604 possis
1157 2558 1360 2591 accusare
1383 2543 1688 2590 substantiam.
