1803 3250
371 214 535 246 CONTRA
568 214 871 247 ADVERsAmUM
906 218 1041 255 LEGls,
1077 217 1159 245 Lm.
1196 219 1244 244 11.
1426 204 1510 245 413

126 282 291 328 umbrae
309 284 597 343 significantes
614 291 894 337 evacuantur,
915 298 1016 327 cum
1037 298 1105 327 res
1125 298 1227 342 quae
1246 281 1512 340 significatur

122 355 359 400 advenerit.
389 354 775 410 Quemadmodum
803 353 919 397 enim
946 355 1128 399 scientia
1154 369 1253 414 quae
1284 369 1402 399 nunc
1430 364 1511 411 est,

121 426 422 481 evacuabitur,
454 425 566 470 sicut
591 424 706 469 idem
725 424 832 468 dicit
851 423 1102 482 Apostolus,
1127 439 1228 469 cum
1250 425 1417 469 venerit
1440 425 1513 469 illa

121 511 254 556 quam
286 495 392 541 dicit
424 495 534 541 facie
563 494 619 540 ad
652 494 858 539 faeiem1:
885 494 944 539 sie
973 504 1015 539 et
1047 495 1127 540 ista
1156 511 1254 556 quae
1282 496 1327 539 in
1350 496 1514 541 umbris

121 566 278 612 tradita
307 576 431 612 erant
456 567 620 610 Judaeis
652 566 698 610 in
727 567 883 610 Vetere
904 567 1197 622 Testamento,
1227 582 1400 613 necesse
1426 565 1511 612 fuit

119 637 320 683 evacuari
342 636 605 682 revelatione
629 635 894 680 Testamenti
912 637 1039 681 Novi.

176 711 363 754 XXVII.
390 710 478 756 Nec
500 723 601 753 sane
622 722 772 753 omnes
799 707 846 752 in
877 706 953 752 illo
983 708 1146 767 populo
1169 723 1258 753 non
1286 709 1510 769 intellige·

121 781 229 826 bant
250 781 473 827 Christum
497 796 575 841 per
595 779 693 825 illas
715 779 893 825 umbras
917 781 1180 825 Testamenti
1209 781 1375 826 Veteris
1403 782 1515 841 figu-

120 862 264 898 ratum
286 872 294 898 :
320 868 464 913 neque
485 853 601 897 enim
621 853 714 896 haec
737 853 830 912 ipse
850 855 1022 910 Moyses
1043 861 1087 897 et
1115 852 1260 897 caeteri
1284 853 1514 912 Prophetae

120 939 211 969 non
232 924 539 984 intelligebant
557 960 568 980 ‚
594 925 669 985 qui
687 940 788 969 eum
811 925 991 984 posteris
1014 925 1384 984 praenuntiabant.
1406 928 1514 971 Nam

121 995 167 1038 in
188 995 279 1055 ipsa
292 995 486 1055 Epistola
504 995 559 1039 ad
575 995 843 1051 Corinthios,
872 995 947 1039 ubi
964 996 1056 1040 haec
1071 994 1294 1052 dicuntur,
1321 1011 1420 1056 quae
1434 996 1514 1042 iste

120 1081 208 1110 non
230 1066 477 1126 intelligens
497 1068 642 1127 posuit
663 1076 873 1127 tanquam
895 1066 1072 1112 adversa
1101 1077 1144 1112 et
1166 1067 1341 1112 inimica
1366 1069 1514 1113 Veteri

123 1139 421 1194 Testamento,
443 1153 522 1182 cur
540 1138 646 1182 dicit
670 1157 679 1183 ς
707 1156 728 1180 «
746 1138 969 1182 Habentes
990 1147 1135 1183 autem
1158 1138 1364 1183 eumdem
1386 1139 1515 1199 spiri-

123 1225 144 1249 »
171 1217 264 1252 tum
280 1209 399 1264 fidei,
418 1209 660 1254 seeundum
674 1208 795 1269 quod
811 1209 1021 1268 scriptum
1033 1219 1098 1254 est
1114 1228 1122 1253 ε
1141 1208 1318 1255 Credidi
1335 1220 1516 1271 propter

122 1296 143 1321 »
169 1279 289 1339 quod
310 1287 354 1323 et
374 1278 547 1324 locutus
569 1294 666 1324 sum
685 1314 696 1334 ,
724 1289 766 1324 et
783 1295 863 1324 nos
879 1279 1118 1334 credimus,
1142 1289 1321 1339 propter
1338 1281 1457 1341 quod
1471 1289 1516 1325 et

122 1368 143 1392 »
169 1348 392 1411 loquimur
409 1352 458 1395 2?
478 1369 498 1393 n
527 1351 612 1396 Ubi
630 1351 748 1395 enim
763 1350 973 1410 scriptum
993 1359 1057 1395 est
1078 1369 1088 1396 2
1118 1369 1137 1393 «
1159 1350 1364 1406 Credidi,
1389 1367 1516 1411 prop-

122 1439 143 1464 »
168 1429 235 1465 ter
255 1421 376 1481 quod
407 1430 451 1467 et
480 1422 654 1467 locutus
682 1437 778 1466 sum
793 1423 811 1466 ἱ)
827 1439 848 1463 »
875 1421 1036 1482 Utique
1057 1421 1104 1466 in
1127 1421 1330 1478 Psalmis,
1365 1423 1420 1467 ad
1442 1421 1516 1467 illa

120 1494 197 1538 Dei
240 1493 414 1554 eloquia
457 1493 778 1553 pertinentibus
794 1529 804 1548 ,
849 1509 949 1554 quae
991 1493 1154 1538 credita
1185 1503 1288 1539 sunt
1331 1495 1511 1540 Judaeis.

123 1583 144 1608 «
167 1564 384 1610 Eumdem
402 1600 413 1622 ,
439 1565 604 1626 inquit,
629 1565 829 1626 spiritum
853 1564 955 1609 fidei
977 1565 1188 1610 habentes
1211 1584 1222 1612 :
1245 1584 1265 1609 »
1290 1565 1398 1627 quid
1420 1575 1507 1623 est,

119 1635 348 1692 eumdem,
395 1637 477 1680 nisi
510 1651 641 1697 quem
677 1636 900 1680 habebant
929 1636 1058 1681 etiam
1088 1635 1152 1680 illi
1181 1651 1257 1696 per
1288 1653 1398 1698 quos
1420 1637 1515 1682 haec

119 1708 360 1752 ministrata
375 1710 508 1752 sunt?
529 1710 620 1753 Cur
635 1708 766 1753 etiam
783 1708 829 1752 in
847 1706 998 1752 eadem
1011 1707 1205 1768 Epistola
1223 1707 1278 1753 de
1296 1711 1412 1768 Lege
1427 1718 1515 1754 tes-

119 1780 350 1825 timonium
374 1781 533 1840 posuit,
559 1796 661 1826 cum
678 1780 952 1840 praemisisset
972 1799 981 1825 z
1012 1799 1030 1822 «
1055 1783 1110 1825 Ut
1124 1790 1263 1825 vestra
1286 1781 1513 1826 abundan-

123 1873 141 1894 »
168 1852 226 1896 tia
248 1853 303 1896 sit
323 1851 379 1896 ad
398 1852 575 1897 illorum
597 1852 808 1912 inopiam,
830 1861 873 1896 et
891 1852 1067 1896 illorum
1088 1852 1359 1897 abundantia
1378 1853 1453 1897 fiat
1468 1853 1514 1897 in

122 1941 143 1966 »
171 1932 358 1968 vestram
388 1923 602 1983 inopiam,
638 1932 688 1968 ut
716 1924 792 1968 fiat
823 1922 1103 1983 aequalitas32
1126 1943 1143 1965 »
1169 1923 1439 1984 subjungens
1470 1934 1513 1969 et

119 1993 267 2039 dicens
286 2028 297 2048 ,
322 1993 482 2039 «Sicut
507 1994 717 2054 scriptum
742 2003 805 2039 est
826 2013 835 2039 ε
859 1994 945 2047 Qui
963 1993 1170 2049 multum,
1196 2010 1287 2039 non
1316 1994 1512 2038 abunda-

123 2085 142 2108 »
167 2065 251 2123 vit3
275 2075 318 2110 et
339 2065 416 2126 qui
429 2065 670 2120 modicum,
688 2080 777 2110 non
792 2062 933 2109 defuit
949 2064 1057 2109 illi4.
1079 2084 1097 2106 »
1122 2066 1213 2110 Cur
1230 2065 1289 2109 eis
1303 2065 1512 2124 importat

120 2136 246 2195 Legis
264 2136 585 2192 auctoritatem,
603 2151 737 2197 quam
751 2136 857 2181 dicit
870 2133 1001 2180 fuisse
1018 2135 1379 2180 ministrationem
1396 2151 1514 2180 mor-

118 2209 188 2264 tis,
211 2208 246 2252 si
267 2224 319 2253 eo
340 2208 472 2253 modo
493 2207 732 2264 intellexit,
759 2223 848 2269 quo
872 2207 1004 2252 modo
1025 2207 1105 2251 ista
1127 2207 1258 2267 pestis
1275 2206 1514 2266 intelligit?

176 2282 385 2324 XXVIII.
412 2282 558 2340 Atque
575 2289 624 2324 ut
638 2294 787 2325 omnes
806 2279 1063 2324 auferantur
1078 2278 1297 2337 ambages,
1318 2293 1510 2339 quonam

118 2350 252 2396 modo
273 2359 317 2395 et
337 2353 425 2395 Lex
450 2351 709 2395 ministratio
736 2350 886 2395 mortis
915 2358 1031 2394 recte
1058 2348 1173 2393 dicta
1195 2348 1270 2404 sit,
1296 2358 1339 2393 et
1363 2359 1510 2393 tamen

117 2430 263 2466 sancta
284 2430 328 2465 et
344 2421 461 2480 justa
483 2429 527 2465 et
549 2422 663 2466 bona
684 2422 754 2476 sit,
778 2420 890 2465 illud
913 2419 1153 2465 recolamus
1174 2419 1295 2480 quod
1318 2420 1364 2464 in
1379 2420 1506 2480 Epis-

171 2531 179 2548 ¹
205 2536 216 2556 ι
238 2525 311 2557 Cor.
332 2534 405 2565 xm,
437 2532 487 2556 12-
505 2540 546 2548 -—
563 2530 576 2547 ²
596 2535 615 2557 2
639 2525 712 2557 Cor.
739 2534 787 2565 ιν,
820 2523 872 2565 13,
892 2528 924 2556 et
940 2521 1021 2555 Psal.
1041 2532 1115 2563 cxv,
1137 2531 1187 2555 10.
1204 2538 1245 2545 --
1263 2518 1276 2544 3
1302 2531 1320 2553 2
1339 2522 1411 2555 Cor.
1440 2520 1508 2562 vni,

123 2579 175 2622 ¹4·
189 2597 230 2604 —
245 2579 262 2611 4
280 2580 381 2614 Exod.
410 2589 479 2620 xvi,
507 2582 558 2614 18.
