1803 3250
310 254 391 292 424
731 261 763 289 s.
801 261 1029 291 AUGUSTINI
1063 263 1242 290 Ειηεεοιη

306 333 383 389 pit.
413 326 720 380 Intendamus,
746 327 942 386 inquam,
969 326 1091 370 illum
1121 326 1443 371 misericordem
1460 343 1508 372 ac
1528 329 1693 381 mitem,

303 402 377 461 qui
395 414 471 442 nos
496 397 647 441 fratres
670 413 769 442 suos
796 397 896 442 fecit
909 401 1060 457 gratia,
1081 413 1168 441 non
1187 408 1354 442 natura.
1375 402 1469 458 lpse
1484 408 1549 442 est
1559 399 1692 451 enim,

305 487 389 515 non
415 469 522 513 alins
545 470 655 513 sicut
678 470 745 512 hic
768 478 892 528 putat
909 505 919 524 ,
939 471 1015 530 qui
1037 470 1276 514 secundnm
1297 471 1540 529 Scripturas
1562 479 1698 514 terre-

304 557 409 586 num
434 540 561 584 nobis
584 556 768 600 corpus,
795 542 984 585 animam
1019 558 1121 585 vero
1154 542 1258 585 flatu
1288 541 1436 597 dedit,
1461 551 1698 602 utrumque

302 614 461 657 {aciens
478 648 487 665 ‚
519 627 606 656 non
629 627 781 656 eorum
805 612 974 672 aliquid
996 613 1192 671 gignens.
1225 613 1307 665 Qui
1333 628 1410 657 nos
1441 611 1622 672 vigilare
1649 627 1698 656 ac

301 684 446 727 divina
469 697 618 742 sapere
636 683 763 742 jussit
786 692 829 726 et
851 682 967 726 fecit.
991 686 1085 742 Ipse
1097 692 1161 726 est
1182 684 1315 736 enim,
1339 699 1428 727 non
1446 682 1572 737 alius,
1589 682 1699 726 sicut

301 756 370 799 liic
394 763 540 814 putat,
567 754 643 814 qui
665 754 1012 813 dignoscentiam
1043 754 1144 796 boni
1175 769 1224 797 ae
1259 753 1360 797 mali
1391 769 1446 797 ne
1477 754 1699 813 peccando

300 829 622 885 experiremur,
649 825 894 869 admonuit.
923 825 1008 878 Qui
1033 840 1110 868 nos
1139 824 1193 869 ad
1224 825 1599 870 immortalitatem
1622 840 1701 870 vo-

300 913 418 951 cans,
452 897 644 941 cri-lestia
669 896 795 939 nobis
819 910 952 954 regna
978 895 1189 954 promisit.
1220 899 1315 954 lpse
1345 906 1409 940 est
1437 897 1551 940 enim
1572 931 1582 951 ,
1611 912 1700 940 non

303 968 436 1022 alins,
462 968 571 1010 sieut
600 967 667 1010 hic
706 974 851 1025 putat,
883 966 958 1025 qui
996 981 1073 1010 nos
1106 975 1203 1024 post
1239 977 1465 1025 peceatum
1500 982 1618 1022 reos,
1644 966 1700 1010 ab

303 1050 478 1083 aeternae
500 1040 600 1081 vitae
624 1038 830 1081 felicitate
848 1038 1055 1091 secrevit,
1087 1047 1129 1082 et
1148 1047 1322 1082 terreno
1341 1038 1490 1083 labore
1512 1039 1696 1098 punivit.

302 1112 386 1164 Qui
404 1127 497 1164 nos,
516 1125 602 1154 non
616 1110 819 1153 sietitiste
835 1109 956 1164 dicit,
983 1108 1093 1153 nihil
1111 1109 1327 1168 ignorare,
1353 1111 1429 1154 sed
1455 1109 1578 1153 utilia
1591 1110 1701 1154 scire

303 1183 510 1241 praecepit
532 1203 540 1225 :
568 1197 648 1224 nee
671 1180 781 1224 sieut
803 1180 883 1224 iste
910 1180 1042 1224 sentit
1064 1189 1196 1240 atque
1218 1196 1242 1224 a
1270 1181 1451 1225 veritate
1479 1180 1700 1235 dissentit,

300 1254 523 1298 scientiam
548 1252 770 1296 damnavit
792 1252 838 1295 in
861 1252 1002 1306 nobis,
1031 1267 1131 1311 quse
1157 1253 1205 1295 fit
1232 1253 1441 1311 sapiendo
1458 1252 1671 1311 justitiam
1688 1286 1699 1302 ,

304 1326 379 1368 sed
403 1341 502 1384 qnae
524 1325 573 1367 fit
596 1324 861 1382 experiendo
890 1332 1134 1382 peecatum.
1171 1324 1257 1376 Qui
1290 1339 1368 1367 nos
1403 1323 1522 1382 quod
1559 1338 1704 1366 errore

305 1396 596 1439 moriebamur
617 1396 844 1438 miseratus
865 1403 943 1438 est.
974 1397 1070 1452 Ipse
1093 1403 1156 1437 est
1174 1395 1308 1448 enim,
1336 1409 1424 1436 non
1444 1392 1570 1446 alius,
1593 1394 1705 1437 sicut

307 1468 374 1510 bit:
400 1476 538 1525 putat,
565 1467 638 1524 (gui
664 1481 740 1508 nos
764 1465 921 1518 morti,
957 1479 1047 1508 non
1078 1480 1128 1506 ex
1150 1479 1240 1524 quo
1275 1479 1426 1523 sapere
1458 1465 1671 1523 coepimus
1688 1498 1700 1518 ‚

305 1538 426 1597 quod
450 1537 528 1579 iste
550 1538 623 1589 ait,
653 1536 725 1579 sed
752 1552 803 1579 ex
824 1551 914 1594 quo
938 1534 1220 1595 deliquimus,
1246 1534 1493 1580 destinavit.
1518 1536 1603 1588 Qui
1627 1551 1705 1580 nos

311 1608 503 1666 proprias
527 1605 755 1650 facultates
778 1607 978 1650 hortatur
1009 1621 1234 1665 spernere,
1262 1606 1351 1650 imo
1382 1622 1484 1650 vero
1512 1607 1610 1650 loeo
1637 1615 1706 1649 tu-

314 1680 417 1723 tiore
446 1677 713 1722 recondere:
740 1693 841 1722 cum
877 1678 967 1737 ipse
1002 1678 1079 1732 sit,
1106 1693 1195 1722 non
1224 1677 1359 1732 alius,
1383 1687 1432 1722 ut
1455 1678 1525 1721 bic
1550 1687 1703 1737 putat,

309 1752 383 1812 qni
417 1767 460 1794 se
490 1766 577 1794 non
610 1759 780 1793 tantum
814 1749 1083 1804 coelestium,
1113 1751 1397 1794 verumetiam
1432 1760 1706 1794 terrenorum

311 1824 543 1867 Dominum
563 1822 813 1877 ostendens,
843 1838 890 1866 ea
915 1839 1015 1883 quae
1036 1823 1159 1882 impii
1183 1822 1480 1882 possidebant,
1512 1822 1707 1882 expolitio

311 1895 428 1939 tione
451 1894 700 1954 plectendi,
725 1909 824 1939 suos
840 1929 850 1949 ‚
876 1895 1037 1954 quibus
1059 1895 1143 1938 hoc
1165 1908 1245 1954 pro
1274 1904 1470 1954 tempore
1491 1909 1708 1954 congrue.-

315 1968 388 2010 bat
404 2002 414 2020 ‚
439 1966 611 2010 auferre
632 1975 762 2026 atque
778 1966 941 2010 habere
957 2001 967 2020 ,
989 1967 1077 2010 sive
1091 1967 1234 2026 jussit,
1258 1967 1346 2011 sive
1364 1967 1600 2026 permisit¹.
1623 1969 1708 2019 Qui

310 2036 446 2081 donat
467 2036 624 2081 delicta
648 2037 893 2081 conversis:
920 2052 1020 2081 cum
1049 2037 1139 2096 ipse
1161 2038 1241 2090 sit,
1268 2053 1357 2081 non
1387 2037 1522 2091 alius,
1556 2047 1604 2081 ut
1637 2039 1706 2082 hic

313 2119 454 2168 putat,
472 2110 546 2169 qui
565 2111 607 2152 in
626 2110 797 2153 tertiam
810 2119 853 2153 et
870 2118 1069 2169 quartam
1090 2108 1341 2168 progeniem
1359 2108 1560 2153 retribuit
1576 2109 1708 2168 digna

315 2183 535 2238 perversis.
554 2181 638 2233 Qui
658 2196 744 2224 non
759 2180 954 2225 omniurn
973 2215 984 2233 ,
1010 2180 1212 2224 sicutiste
1228 2180 1313 2234 ait,
1334 2180 1409 2223 sed
1430 2195 1580 2224 eorum
1598 2196 1708 2240 quos

314 2262 414 2296 ante
436 2253 648 2311 praescivit
672 2262 714 2297 et
737 2252 1083 2312 praedestinavit,
1112 2251 1268 2296 delicta
1302 2252 1495 2296 dimittit.
1527 2248 1624 2311 Ipse
1646 2263 1709 2298 est

317 2332 458 2365 autem
480 2358 490 2377 ,
517 2339 605 2368 non
629 2323 757 2377 alius,
784 2324 894 2368 sicut
915 2323 985 2367 hic
1014 2332 1165 2382 putat,
1198 2323 1274 2383 qui
1303 2323 1462 2367 delicta
1495 2339 1708 2384 quorum-

316 2392 417 2435 dam
440 2429 449 2445 ,
475 2395 528 2438 ad
551 2394 771 2452 poenalem
790 2395 923 2438 animi
946 2393 1139 2438 dolorem
1157 2403 1457 2455 terroremque
1479 2396 1705 2454 majorem,

316 2463 444 2506 etiam
471 2463 642 2508 illorum
673 2468 748 2526 qui
781 2483 829 2510 ea
864 2481 953 2511 non
979 2465 1267 2521 admiserant,
1302 2482 1390 2510 non
1414 2465 1702 2526 spiritalibus,

319 2533 392 2578 sed
415 2535 712 2592 corporalibus
735 2538 949 2585 mortibus
970 2537 1236 2593 vindicavit,
1262 2548 1311 2582 ut
1332 2537 1524 2583 conditio
1543 2547 1708 2583 morta-

369 2622 374 2637 ¹
400 2619 520 2651 Matth.
540 2629 586 2660 vt,
610 2631 661 2661 19,
685 2629 738 2652 20.
