1803 3250
315 243 398 282 380
739 251 772 279 s.
810 253 1041 282 Ancus-nm
1076 254 1257 281 anscom

315 322 426 364 bona
450 329 527 364 est.
563 319 646 364 Sed
681 318 792 364 illud
820 320 1174 379 praetereundum
1207 335 1295 365 non
1326 329 1405 375 est,
1440 320 1543 381 quia
1567 321 1695 382 hujtis

313 391 538 435 :tententiae
560 399 725 449 partem
761 392 1025 451 superiorem
1059 391 1161 436 dolo
1196 392 1338 450 potuit
1369 392 1616 450 praeterire,
1642 408 1696 436 ne

315 462 478 505 diceret
493 497 503 515 ,
534 481 551 501 «
572 463 734 506 Crcans
754 462 896 507 lucem
914 482 922 507 :
951 481 970 501 n
996 463 1096 523 quia
1115 478 1214 507 cum
1238 463 1293 506 sit
1314 462 1441 506 etiam
1461 464 1698 508 confitente

311 533 401 591 ipso
426 533 577 592 utique
601 532 737 587 bona,
769 533 824 576 ab
852 549 904 577 eo
930 543 1119 578 creatam
1147 532 1289 578 noluit
1321 533 1540 588 confiteri,
1567 549 1697 594 quem

312 619 397 646 ¹ion
422 603 516 648 vult
537 619 683 648 creare
706 603 787 648 nisi
810 604 938 648 mala.
964 605 1098 663 Magis
1116 620 1219 663 ergo
1238 603 1539 649 indifferenter
1557 603 1602 648 id
1621 620 1700 664 po-

307 675 436 718 situm
460 675 669 719 debemus
701 675 922 735 accipere,
957 692 1101 720 creare
1134 686 1177 720 et
1207 674 1350 719 facere
1373 695 1381 721 :
1408 675 1698 720 distinctionis

311 757 468 801 tamen,
494 762 625 806 quam
649 747 729 790 sibi
752 747 830 790 iste
864 747 982 800 fecit,
1028 745 1177 805 regula
1213 746 1349 790 fracta
1381 755 1467 804 est,
1491 747 1698 807 quoniam

312 821 420 861 Deus
452 818 767 876 Prophetarum
786 851 796 867 ,
829 831 958 875 quem
992 815 1047 860 de
1069 817 1205 861 verbo
1228 816 1347 876 quod
1378 833 1466 861 non
1495 817 1699 877 intelligit

307 887 471 946 culpat,
486 888 546 931 ibi
565 888 725 946 legitur
743 896 911 930 creator
934 887 1169 941 bonorum,
1190 888 1311 947 quod
1333 897 1477 946 negat.
1502 891 1699 949 Itemque

306 976 354 1002 ex·
382 959 630 1018 Evangelio.
654 961 819 1017 Nempe
843 959 968 1003 nobis
986 968 1197 1019 tanquam
1221 960 1461 1020 plurimum
1484 960 1571 1004 suis
1598 976 1699 1020 par-

308 1032 420 1073 tibus
449 1030 627 1085 faveret,
654 1030 858 1089 opposuit
881 1030 1000 1090 quod
1024 1031 1234 1074 Dominus
1257 1031 1316 1075 ait
1339 1050 1347 1075 :
1377 1049 1396 1072 «
1419 1031 1561 1075 Arbor
1585 1032 1699 1076 bona

308 1121 326 1142 η
355 1103 492 1146 bonos
512 1101 679 1146 fructus
698 1101 799 1146 facit
816 1137 827 1157 ,
848 1111 891 1145 et
909 1101 1039 1146 arbor
1051 1101 1164 1145 mala
1177 1102 1312 1146 malos
1330 1102 1500 1146 fructus
1519 1101 1695 1146 facit¹.»

304 1176 391 1218 Cur
412 1190 515 1233 ergo
539 1190 627 1218 non
649 1174 890 1218 secundum
910 1174 1059 1229 istum,
1076 1183 1210 1228 creat,
1232 1173 1356 1229 dixit,
1381 1176 1508 1218 «Non
1526 1172 1655 1232 facit3
1674 1192 1694 1216 »

304 1247 335 1289 si
361 1262 460 1290 vera
484 1256 547 1290 est
566 1248 658 1307 ejus
679 1245 945 1301 differentia,
966 1262 1053 1306 qua
1068 1244 1298 1291 facientem
1318 1262 1340 1290 a
1359 1255 1533 1291 creante
1550 1245 1699 1290 distin-

306 1318 398 1377 guit
420 1317 581 1372 dicens,
607 1316 728 1376 quod
750 1317 814 1365 fit,
841 1316 1034 1361 alienum
1052 1333 1140 1361 esse
1155 1333 1178 1361 a
1197 1315 1398 1371 faciente,
1419 1317 1627 1376 quoniam
1643 1317 1698 1362 de

306 1389 406 1432 foris
442 1387 638 1444 accedit,
673 1388 792 1447 quod
829 1397 975 1431 autem
1009 1388 1227 1442 nascitur,
1250 1387 1472 1447 proprium
1496 1388 1586 1447 ejus
1608 1403 1698 1432 esse

304 1461 377 1519 qni
399 1462 604 1517 generat?
627 1460 738 1503 Hinc
761 1459 874 1502 enim
900 1459 1110 1502 existimat
1133 1462 1272 1502 Deum
1297 1467 1593 1517 generatorem
1612 1475 1698 1503 ma-

303 1529 461 1584 lorum,
489 1531 590 1590 quia
614 1529 780 1574 dictum
804 1538 882 1584 est,
914 1548 932 1569 «
947 1531 1109 1574 Creans
1127 1529 1239 1573 mala
1257 1550 1267 1586 3
1288 1547 1308 1570 »
1331 1538 1488 1588 putans
1512 1530 1633 1590 quod
1654 1538 1698 1574 et

304 1602 451 1645 Ariani
469 1610 752 1661 putaverunt,
773 1602 818 1644 in
837 1601 1068 1660 Scripturis
1082 1600 1166 1645 illis
1180 1599 1290 1645 nihil
1307 1601 1528 1656 interesse,
1547 1610 1696 1645 utrum

304 1673 498 1732 generari
521 1673 692 1717 dicatur
713 1672 877 1732 aliquid
893 1708 904 1727 ,
931 1689 983 1717 an
1007 1673 1142 1717 creari
1162 1692 1171 1717 ε
1197 1673 1273 1717 sed
1295 1681 1411 1717 certe
1433 1672 1478 1716 in
1500 1687 1552 1717 eo
1574 1672 1697 1733 quod

305 1745 510 1789 Dominus
527 1745 726 1789 arborem
744 1745 903 1788 bonam
922 1744 1091 1789 fructus
1107 1745 1259 1798 bonos,
1282 1744 1441 1788 malam
1457 1743 1593 1788 malos
1606 1760 1697 1789 non

301 1815 407 1859 dixit
428 1831 589 1871 creare,
614 1815 690 1861 sed
713 1815 870 1870 facere,
889 1814 1035 1860 videat
1052 1816 1131 1860 iste
1143 1830 1263 1860 suam
1281 1814 1475 1874 regulam
1494 1815 1694 1871 fractam,

301 1896 343 1931 et
365 1888 622 1947 comprimat
645 1887 856 1946 linguam.
884 1887 1001 1940 Quid
1021 1888 1139 1931 enim
1160 1886 1351 1943 stultius,
1373 1903 1506 1947 quam
1529 1887 1693 1933 dicere:

303 1962 439 2002 Deum
458 1960 775 2018 Prophetarum
798 1973 887 2002 esse
906 1959 1107 2002 arborem
1121 1957 1297 2013 malam,
1317 1968 1359 2003 et
1376 1958 1421 2002 id
1439 1957 1550 2003 velle
1567 1958 1698 2003 intel-

302 2029 374 2089 ligi
402 2031 445 2074 in
468 2046 519 2074 eo
542 2030 663 2090 quod
687 2030 898 2074 Dominus
921 2029 1007 2074 ait:
1039 2049 1057 2071 (ι
1079 2029 1222 2074 Arbor
1243 2029 1356 2074 mala
1379 2028 1545 2074 fructus
1562 2029 1698 2075 malos

308 2118 328 2141 »
357 2099 488 2144 sacit²
506 2120 514 2145 :
539 2119 559 2141 »
581 2110 624 2145 et
646 2116 793 2144 rursus
815 2100 960 2145 dicere
978 2119 987 2145 :
1017 2102 1147 2145 «Non
1165 2099 1270 2144 facit
1288 2099 1400 2144 mala
1416 2136 1427 2156 ,
1460 2100 1534 2145 sed
1556 2110 1695 2159 creat,

302 2173 403 2232 quia
424 2173 457 2216 si
478 2171 655 2227 faceret,
683 2171 821 2216 aliena
845 2172 899 2216 ab
922 2170 998 2216 illo
1018 2181 1184 2227 essent,
1213 2170 1341 2232 eique
1362 2172 1602 2217 forinsecus
1627 2189 1698 2218 ac-

302 2243 532 2301 cederent,
557 2260 658 2288 cum
687 2260 790 2289 vero
824 2253 941 2288 creat
958 2278 969 2298 ,
996 2244 1086 2303 ipse
1107 2242 1180 2287 illa
1208 2244 1264 2287 de
1286 2259 1330 2287 se
1359 2245 1452 2303 ipso
1485 2254 1695 2305 tanquam

303 2316 508 2359 radicitus
541 2317 749 2374 generat?
767 2334 786 2356 n
813 2318 910 2361 Non
941 2330 1044 2373 ergo
1067 2315 1122 2359 de
1156 2315 1237 2360 isto
1258 2318 1347 2360 Deo
1370 2317 1580 2361 Dominus
1603 2318 1662 2360 ait
1684 2336 1693 2361 :

308 2406 326 2428 n
350 2387 491 2431 Arbor
514 2387 627 2432 mala
649 2387 786 2432 malos
804 2386 975 2432 fruetus
997 2386 1128 2431 facit:
1151 2404 1170 2427 »
1197 2388 1406 2447 quoniam
1437 2397 1554 2432 creat
1582 2387 1695 2433 mala

303 2459 397 2515 iste,
422 2473 511 2502 non
530 2457 647 2502 facit.
675 2461 788 2503 Ecce
810 2459 887 2519 qui
905 2459 1037 2502 audet
1060 2472 1261 2502 accusare
1282 2459 1533 2518 Prophetas,
1553 2459 1629 2519 qui
1644 2475 1694 2503 ex

304 2529 539 2587 Evangelio
556 2545 581 2574 a
601 2545 645 2574 se
667 2529 890 2590 productis
913 2530 1095 2576 testibus
1117 2528 1375 2589 refragatur.

305 2653 308 2656 ἢ
355 2622 364 2636 ¹
391 2615 513 2647 Matth.
534 2626 594 2655 vn,
622 2627 673 2656 17.
689 2632 730 2640 —-
746 2623 759 2638 ²
777 2616 859 2649 Ibid.
