1803 3250
386 239 550 266 comma
582 235 859 265 sneunnmum
892 234 1178 264 Mamertinum.
1391 226 1469 264 297

85 315 196 352 esset
212 305 527 366 primogenitus
544 324 554 362 3
579 304 655 349 sed
672 302 816 362 potius
830 303 1072 347 secundum
1088 303 1223 362 ipsam
1240 301 1475 348 divinitatis

86 376 383 422 excellentiam
407 376 468 420 vis
490 390 590 419 eum
613 373 952 434 primogenitum
983 372 1194 431 intelligi,
1220 383 1269 418 ut
1302 373 1376 418 illa
1405 374 1476 418 lu-

86 448 203 492 mina
224 446 270 490 in
292 445 453 506 quibus
471 454 622 503 regnat
643 443 795 488 fratres
818 444 909 503 ejus
931 444 1042 502 sint3
1065 460 1155 489 nou
1177 444 1280 488 facti
1304 460 1327 489 a
1352 448 1478 490 Patre

83 532 162 577 per
182 516 341 576 ipsum,
358 514 435 560 sed
451 515 582 574 geniti
602 530 625 558 a
639 518 766 559 Patre
783 522 881 574 post
903 513 1046 573 ipsum
1064 535 1075 573 3
1099 523 1150 559 ut
1165 515 1250 559 sint
1265 515 1344 574 ipsi
1362 526 1480 574 poste

87 587 246 649 geniti,
270 586 343 631 ille
364 587 698 647 primogenitus,
723 601 873 631 omnes
898 595 1044 631 tamen
1065 586 1121 630 de
1143 588 1317 646 propria
1345 589 1481 633 Patris

86 659 327 719 eademque
348 658 607 703 substantia.
629 659 760 712 Quod
782 659 816 702 si
833 658 892 703 ita
913 658 1069 714 credis,
1093 658 1283 718 primum
1308 669 1480 704 contra-

87 731 193 776 dicis
214 729 470 789 Evangelio,
494 730 572 774 ubi
589 730 719 775 etiam
739 730 996 789 Unigenitus
1013 730 1156 775 dictus
1178 738 1242 774 est
1264 748 1272 774 :
1302 749 1322 772 α
1338 733 1394 774 Et
1416 732 1480 775 vi-

92 821 114 844 »
128 800 287 856 dimus,
305 801 464 861 inquit,
482 800 664 859 glorIam
678 802 768 862 ejus
781 810 991 862 tanquam
1002 801 1225 860 Unigeniti
1239 817 1263 845 a
1279 804 1405 846 Patre
1417 804 1426 827 ¹
1438 821 1446 847 :
1458 820 1476 842 »

89 871 268 934 quando
284 873 300 897 ²
322 871 445 917 nullo
468 871 600 917 modo
614 888 766 917 verum
782 872 999 918 diceretur
1010 907 1021 929 ,
1038 873 1072 917 si
1089 872 1351 933 sempiterna
1371 889 1482 933 quo-³

87 959 174 1005 que
195 945 332 988 virtus
354 944 447 1003 ejus
467 959 516 988 ac
533 942 752 999 divinitas,
773 960 860 1004 qua
881 942 1258 989 consubstantialis
1285 953 1349 989 est
1368 945 1480 988 Patri

87 1025 133 1060 et
150 1024 214 1059 est
237 1024 337 1060 ante
361 1030 536 1060 omnem
559 1024 818 1071 creaturam,
837 1031 888 1060 ex
901 1014 1053 1060 eadem
1066 1015 1307 1060 substantia
1329 1016 1482 1060 fratres

90 1087 284 1131 haberet.
313 1089 468 1147 Itaque
484 1102 585 1131 cum
607 1096 652 1131 et
666 1086 942 1145 unigenitum
960 1095 1004 1131 et
1018 1087 1360 1146 primogenitum
1379 1103 1478 1131 eum

90 1158 235 1202 divina
258 1157 695 1217 testenturEloquia3
716 1158 1009 1216 unigenitum,
1027 1158 1129 1218 quia
1143 1158 1235 1202 sine
1252 1157 1479 1215 fratribus3

89 1230 447 1291 primogenitum,
466 1229 568 1289 quia
585 1229 904 1273 cumfratribus
922 1249 930 1274 :
952 1245 1041 1274 non
1053 1229 1246 1276 invenies
1261 1232 1484 1291 quomodo

89 1310 328 1360 utrumque
350 1300 405 1346 de
429 1299 504 1345 illo
536 1300 779 1345 secundum
802 1302 1000 1345 eamdem
1022 1311 1225 1346 naturam
1247 1303 1484 1347 divinitatis

88 1372 321 1432 intelligas.
350 1373 479 1417 Fides
495 1388 598 1417 vcro
622 1372 836 1418 catholica
858 1389 959 1433 quae
976 1373 1089 1418 inter
1110 1383 1349 1419 creatorem
1367 1390 1484 1419 crea«³

90 1457 323 1507 turamque
345 1445 587 1505 distinguit,
613 1446 780 1491 nullam
801 1448 966 1506 patitur
988 1448 1033 1491 in
1056 1447 1122 1492 his
1146 1448 1321 1493 duobus
1340 1450 1483 1493 uomi-

89 1518 217 1562 nibus
232 1516 503 1575 intelligendi
521 1516 844 1572 difficultatem,
864 1518 1138 1577 unigenitum
1153 1534 1255 1562 eum
1270 1520 1484 1579 accipiens

89 1587 332 1633 secundum
355 1587 401 1632 id
423 1589 543 1648 quod
565 1589 774 1648 scriptum
798 1598 862 1633 est
884 1608 892 1633 ;
922 1608 941 1631 «
961 1592 1013 1633 In
1035 1589 1247 1649 principio
1269 1599 1361 1634 erat
1378 1593 1486 1634 Ver-

93 1680 113 1704 »
132 1662 257 1717 bum,
273 1670 316 1705 et
325 1661 520 1705 Verbum
534 1670 625 1705 erat
633 1660 751 1721 apud
761 1664 917 1716 Deum,
933 1670 976 1704 et
984 1663 1098 1705 Deus
1107 1662 1398 1705 eratverbum
1411 1664 1424 1688 ³
1439 1682 1447 1708 ε
1463 1682 1481 1703 »

90 1732 437 1793 primogenitum
471 1741 619 1776 autem
653 1733 867 1777 universae
899 1741 1139 1788 creaturae,
1174 1734 1415 1778 secundum
1442 1733 1485 1778 id

90 1803 213 1866 quod
234 1803 469 1863 Apostolus
492 1805 550 1848 ait
574 1823 583 1849 ε
613 1822 633 1846 «
656 1806 711 1848 Ut
739 1805 793 1848 sit
819 1804 910 1864 ipse
931 1804 1247 1864 primogenitus
1274 1806 1319 1849 in
1341 1805 1486 1850 multis

95 1895 114 1919 n
139 1875 400 1934 fratribus43
421 1893 441 1917 »
474 1890 583 1936 quos
617 1875 656 1919 ei
689 1878 817 1920 Pater
851 1875 906 1919 ad
940 1874 1174 1920 fraternam
1210 1877 1459 1922 societatem
1473 1914 1483 1930 .,

91 1964 182 1995 non
193 1947 442 2009 aequalitate
453 1947 726 2004 substantiae,
741 1946 816 1992 sed
831 1948 1066 2008 adoptione
1081 1949 1232 2008 gratiae
1248 1950 1483 2007 generavit.

91 2024 205 2080 Lege
228 2021 376 2081 itaque
402 2021 660 2081 Scripturas,
682 2036 898 2080 nusquam
916 2021 1110 2066 invenies
1128 2022 1182 2065 de
1200 2022 1373 2068 Christo
1392 2023 1490 2067 dic-

92 2101 202 2147 tum,
228 2093 351 2153 quod
374 2091 610 2151 adoptione
624 2091 677 2136 sit
691 2091 805 2136 filius
828 2093 918 2136 Dei.
944 2095 1005 2137 De
1026 2092 1152 2137 nobis
1176 2103 1320 2138 autem
1340 2094 1488 2154 saepis-

90 2163 198 2208 sime
226 2162 414 2222 legitur:
448 2163 715 2223 «Accepistis
737 2163 937 2223 spiritum
968 2163 1452 2223 adoptionis‚fili01·um5
1477 2185 1485 2210 :

94 2253 114 2277 »
141 2234 435 2294 Adoptionem
453 2244 727 2294 expectantes
740 2236 1085 2295 redemptionem
1101 2236 1291 2295 corporis
1309 2237 1441 2282 nostri
1453 2238 1486 2283 ⁰:

94 2325 115 2349 »
142 2308 201 2350 Ut
218 2305 500 2364 adoptionem
524 2306 714 2351 filiorum
737 2307 1032 2366 recipiamus&
1057 2306 1387 2353 Praedestinavit
1411 2324 1490 2353 nos

95 2396 116 2419 ³)
143 2377 189 2420 in
212 2375 493 2435 adoptionem
516 2377 707 2420 filiorum
728 2397 737 2422 ε
759 2380 875 2421 Gens
897 2388 1060 2433 sancta,
1086 2378 1276 2438 populus
1289 2380 1333 2424 in
1353 2379 1489 2438 adop-

98 2467 119 2491 »
146 2448 351 2493 tionem⁸.
374 2447 556 2493 vocavit
577 2463 652 2494 vos
669 2463 746 2508 per
764 2448 1050 2507 Evangelium
1073 2460 1269 2495 nostrum
1293 2451 1339 2495 in
1352 2450 1489 2511 adop·=

144 2558 154 2574 ¹
183 2553 274 2583 Joan.
301 2563 323 2590 1,
355 2550 407 2594 14.
424 2568 465 2574 --
480 2558 494 2573 2
515 2551 620 2584 Forte
648 2552 744 2595 quod.
764 2569 806 2575 —
822 2551 837 2575 3
855 2555 945 2585 Joan.
967 2564 990 2594 1,
1025 2564 1054 2586 1.
1074 2570 1115 2577 ·—
1129 2552 1145 2583 4
1165 2553 1284 2586 Coloss.
1316 2565 1343 2596 1,
1381 2554 1429 2589 18„
1448 2572 1488 2579 ιω-

99 2606 114 2631 ⁵
133 2609 226 2641 Rom.
244 2618 310 2645 viu,
333 2607 385 2641 15.
401 2625 443 2634 -ι-
461 2605 477 2631 6
497 2606 578 2640 Ῑὸἰά,
602 2608 657 2642 23.
671 2608 829 2652 ——7—Gal.
852 2620 899 2650 iv,
918 2606 1032 2642 5.--8
1054 2620 1067 2642 1
1088 2611 1174 2642 Petr„
1194 2620 1228 2649 ιι,
1247 2621 1280 2651 9.
