1803 3250
275 222 329 249 DE
359 218 476 249 ACTls
509 222 598 249 CUM
633 219 779 250 rumen
811 217 1058 257 Maletum,
1094 220 1176 247 Lm.
1212 221 1260 249 11.
1379 209 1461 249 235

77 295 252 332 traneus
275 299 298 329 a
321 287 412 329 Deo
438 293 544 339 erat,
569 292 644 328 aut
666 283 802 327 virtus
823 282 914 326 Dei.
943 283 986 327 Si
1009 282 1084 327 Dei
1105 282 1242 328 virtus
1263 292 1356 328 erat
1387 285 1464 345 qui

77 371 156 401 nos
178 355 370 410 tenebat,
396 363 446 399 ut
466 355 574 415 quid
591 353 814 399 Christum
834 351 1035 397 mittebat
1055 352 1129 397 ille
1150 354 1225 413 qui
1248 369 1326 398 nos
1341 363 1464 399 tene-

76 427 183 471 bat?
206 428 248 471 Si
272 427 317 469 in
339 425 471 485 ipsius
493 424 673 468 arbitrio
698 431 805 478 erat,
827 422 1004 482 quando
1021 422 1152 468 vellet
1164 424 1397 481 dimittere,
1414 435 1465 471 ut

74 497 183 558 quid
197 497 393 542 Christus
409 496 706 554 crucifigitur?
720 494 947 539 Neminem
963 503 1108 538 autem
1124 493 1229 539 latet
1243 496 1466 542 Christum

73 568 327 612 crucifixum
354 585 367 612 ·.
395 566 503 626 quid
532 564 657 609 illum
690 563 1032 608 crucifixerunt?
1056 564 1099 609 Si
1123 565 1199 608 Dei
1221 565 1358 610 virtus
1382 577 1463 623 est,

72 639 184 684 nihil
205 638 329 683 nobis
357 637 558 683 nocebat.
586 637 629 682 Si
653 636 728 681 Dei
749 636 887 681 virtus
909 645 1016 692 erat,
1052 651 1142 680 non
1162 635 1324 682 fuimus
1346 641 1467 698 capti

73 708 192 769 apud
213 708 338 753 illum
372 727 382 754 ε
413 708 490 753 sed
511 707 634 769 quasi
662 722 740 752 nos
761 722 863 752 cum
897 715 1047 752 nostro
1082 707 1307 766 principe,
1345 710 1467 768 quasi

74 780 189 824 filius
207 794 308 824 cum
328 780 598 839 parentibus,
629 794 718 824 non
746 788 892 823 autem
915 779 1103 824 Romani
1125 794 1225 824 cum
1249 779 1464 825 Barbaris.

72 854 171 898 Non
193 852 423 911 oportebat
445 866 568 910 ergo,
594 852 696 912 quia
719 866 820 895 cum
846 851 1005 896 virtute
1027 851 1104 896 Dei
1124 851 1349 896 constituti
1372 867 1469 897 era-

71 938 186 978 mus,
212 926 351 968 Deum
367 923 514 967 Flium
537 938 664 967 suurn
682 922 872 977 mittere,
889 931 939 967 ut
952 922 1124 967 dicatur
1141 923 1243 983 quia
1259 922 1469 969 liberator

71 1003 220 1039 noster
237 993 371 1039 venit.
396 994 438 1039 Si
456 1003 577 1054 paret
598 1009 700 1051 ergo
718 1008 819 1038 cum
837 993 999 1038 virtute
1018 993 1094 1037 Dei
1112 1009 1190 1038 nos
1209 995 1467 1040 constitutos

76 1080 167 1110 esse
192 1084 202 1110 ε
226 1064 460 1124 Apostolus
482 1065 604 1120 dixit,
623 1064 820 1110 Christus
842 1080 920 1108 nos
936 1063 1138 1109 liberavit
1159 1064 1214 1108 de
1231 1064 1466 1111 maledicto

74 1135 202 1195 legi83
227 1136 329 1196 quia
351 1135 559 1194 scriptum
581 1144 644 1179 est
665 1133 951 1180 :Maledictus
973 1135 1112 1179 omnis
1134 1135 1210 1194 qui
1232 1135 1397 1195 pendet
1420 1137 1466 1181 in

76 1227 94 1249 »
128 1206 293 1267 ligno1.
322 1224 343 1249 »
370 1209 464 1251 Hoc
488 1206 605 1250 enim
638 1204 873 1265 Apostolus
904 1205 1024 1250 dicit.
1054 1206 1097 1251 Si
1119 1206 1198 1250 iste
1229 1207 1305 1266 qui
1327 1206 1465 1252 male—

69 1278 175 1323 dicit
197 1292 347 1323 omnes
364 1277 439 1338 qui
458 1276 654 1337 pendent
675 1277 720 1321 in
739 1277 876 1336 ligno,
899 1278 975 1322 Dei
997 1278 1134 1322 virtus
1156 1291 1221 1322 est
1239 1296 1248 1322 ε
1267 1279 1465 1324 Christus

69 1350 187 1395 enim
208 1349 419 1410 pependit
440 1350 485 1394 in
513 1349 649 1407 ligno,
675 1358 718 1394 et
740 1348 936 1409 Apostoli
958 1349 1092 1408 ipsius
1113 1365 1263 1394 omnes
1285 1350 1361 1410 qui
1383 1351 1464 1395 ad—

68 1421 174 1466 dicti
195 1431 297 1466 sunt
317 1437 397 1480 pro
418 1420 551 1480 ipsius
574 1430 794 1480 praecepto
814 1439 824 1466 :
842 1420 938 1481 quis
961 1436 1064 1480 ergo
1086 1422 1166 1467 iste
1189 1430 1253 1467 est
1275 1422 1353 1481 qui
1372 1437 1465 1468 ma-

67 1493 216 1539 ledicit
238 1508 412 1539 omnem
437 1493 513 1553 qui
535 1492 697 1553 pendet
718 1493 762 1537 in
785 1491 919 1552 ligno.
950 1510 971 1534 »

125 1566 205 1608 XI.
241 1566 354 1609 Ano.
381 1563 489 1607 dixit
511 1582 519 1608 :
544 1566 662 1617 Quos
689 1563 886 1608 Christus
909 1561 1094 1608 redemit
1116 1579 1140 1608 a
1162 1561 1360 1620 diabolo,
1386 1579 1464 1624 per

67 1636 397 1682 consensionem
419 1651 542 1680 suam
564 1636 829 1680 tenebantur
851 1651 874 1680 a
896 1634 1087 1690 diabolo,
1109 1645 1151 1680 et
1177 1636 1223 1679 in
1244 1636 1336 1695 ejus
1354 1651 1464 1681 con-

66 1707 231 1752 ditione
253 1707 478 1752 constituti
506 1715 629 1751 erant
651 1721 728 1766 per
745 1707 912 1766 justum
937 1706 1014 1750 Dei
1038 1705 1271 1766 judicium,
1297 1706 1370 1751 cui
1392 1722 1462 1751 se-

67 1776 245 1823 ducenti
268 1786 575 1823 consenserant
596 1793 672 1836 per
693 1777 880 1821 liberum
902 1777 1145 1821 arbitrium.
1169 1777 1291 1822 Sicut
1312 1786 1460 1822 autem

65 1848 112 1892 in
142 1849 330 1893 hominis
353 1856 563 1907 potestate
584 1847 670 1891 fuit
701 1846 878 1891 diabolo
899 1849 1159 1904 consentire,
1186 1858 1236 1893 ut
1260 1849 1460 1908 captiva-

64 1929 186 1964 retur
215 1938 224 1965 :
257 1919 317 1964 sic
344 1920 390 1964 in
420 1919 554 1979 ipsius
577 1918 742 1963 diaboli
764 1927 978 1978 potestate
1008 1917 1118 1975 fuit,
1151 1934 1252 1964 cum
1281 1919 1460 1979 angelus

65 2000 201 2047 esset,
227 2006 431 2051 peccare,
457 2001 507 2035 ut
535 1991 581 2035 in
610 1990 801 2035 deterius
831 1999 1090 2036 mutaretur.
1118 1995 1326 2036 Peccator
1358 2007 1460 2051 ergo

66 2061 247 2121 angelus
268 2078 346 2122 per
366 2062 554 2107 liberum
578 2062 808 2107 arbitrium
828 2098 838 2118 ,
874 2063 1005 2107 suasit
1037 2072 1266 2123 peccatum
1291 2063 1460 2108 homini

62 2132 245 2177 habenti
266 2131 456 2176 liberum
479 2132 734 2190 arbitrium3
760 2142 810 2178 ut
840 2132 1041 2178 diabolus
1073 2136 1107 2178 si
1129 2133 1339 2178 noluisset
1369 2150 1460 2179 non

64 2213 299 2264 peccasset,
324 2213 367 2248 et
387 2204 520 2249 homo
542 2203 576 2248 si
597 2203 805 2249 noluisset
819 2221 909 2249 non
931 2205 1228 2250 consensisset.
1251 2207 1363 2250 Cum
1381 2221 1459 2250 au-

64 2283 154 2320 tem
171 2276 262 2334 jam
286 2275 341 2318 ab
369 2274 446 2319 illo
467 2275 538 2319 cui
561 2285 835 2321 consenserat
858 2285 1096 2332 teneretur,
1122 2292 1211 2321 non
1235 2277 1337 2337 quia
1359 2276 1459 2323 dia-

65 2344 194 2390 bolus
221 2343 389 2405 aliquid
411 2345 576 2404 potuit,
609 2344 684 2390 sed
705 2347 807 2406 quia
835 2348 1003 2407 justum
1026 2347 1103 2392 Dei
1118 2346 1334 2408 judicium
1356 2346 1456 2404 fuit,

65 2424 110 2461 et
142 2417 232 2476 ejus
265 2415 352 2475 legi
385 2416 687 2476 obtemperare
720 2417 863 2463 noluit
888 2438 896 2464 :
921 2418 1023 2479 quia
1061 2434 1164 2479 ergo
1200 2419 1260 2464 sic
1292 2420 1460 2465 invenit

66 2485 264 2534 Christus
290 2496 537 2546 peccatores
565 2487 648 2532 sub
682 2498 887 2548 peccato,
924 2489 1109 2535 redemit
1144 2490 1402 2537 confitentes
1433 2506 1457 2535 a

114 2580 125 2596 ¹
149 2571 291 2629 Gal31n,
314 2571 425 2616 ι3,ζ-
439 2579 452 2598 ²
471 2575 565 2607 Deut.
585 2571 729 2618 xxi‚‘{23.
