1803 3250
355 161 436 199 222
785 168 818 197 s.
856 169 1086 199 Anausrmr
1119 170 1299 199 ancom

410 239 514 280 Fu.
550 233 685 279 dixit:
705 253 723 276 «
745 237 838 281 Hoc
855 236 998 283 dicere
1014 254 1103 283 non
1122 253 1347 298 possum.»

409 308 521 349 Aua.
556 304 685 349 dixit:
709 307 825 366 Ergo
847 319 994 369 aperte
1016 309 1143 355 nobis
1161 310 1248 366 dic,
1270 308 1373 370 quia
1393 308 1546 369 fugere
1558 310 1738 370 cogitas,

351 386 394 422 et
412 392 541 421 nemo
562 385 602 421 te
619 386 753 423 tenet?

408 451 514 492 FEL.
549 448 687 496 dixit:
706 470 726 493 ιι
742 453 839 497 Non
858 451 994 513 fugio.
1017 472 1037 496 »

405 523 519 566 Aue.
555 520 662 566 dixit
683 541 692 567 ε
722 525 778 568 Ut
794 512 938 581 video,
973 541 1061 570 non
1083 526 1144 570 vis
1165 525 1289 586 quasi
1312 524 1454 571 victus
1477 524 1739 570 abscedere:

346 590 422 637 sed
440 592 591 637 saltem
610 594 692 638 hoc
707 593 802 640 dic:
826 596 867 641 Si
885 595 1055 656 fugero,
1074 596 1216 641 victus
1231 611 1344 641 sum.

406 666 511 709 FEL.
549 664 680 709 dixit:
703 685 722 708 «
739 667 884 710 Dixi.»

405 736 519 779 Auo.
555 734 698 781 dixit:
740 740 795 780 Et
832 735 951 780 unde
987 735 1217 796 apparebit
1263 745 1307 780 te
1353 736 1511 796 fugisse
1563 745 1744 797 propter

347 805 507 850 Gesta?

407 880 514 921 Fu.
550 877 682 921 dixit:
705 895 724 919 «
743 878 858 920 Jube
876 886 925 921 ut
941 892 1073 937 quem
1092 877 1285 938 elegero,
1312 894 1412 923 cum
1433 879 1527 938 ipso
1545 879 1639 922 sim.
1661 896 1683 920 »

406 950 520 992 Aue.
557 947 663 999 dixit
681 966 689 992 :
719 947 839 1006 Elige
857 948 936 992 tibi
957 948 1149 1009 aliquem
1167 950 1222 995 (le
1243 950 1532 1010 praesentibus
1550 950 1638 994 istis
1656 948 1745 994 fra-

348 1018 504 1074 tribus,
523 1019 599 1079 qui
618 1018 674 1063 ad
695 1019 938 1064 cancellum
961 1030 1092 1065 stant.

406 1093 513 1135 FEL.
548 1090 684 1135 dixit:
711 1110 729 1133 α
755 1092 842 1136 Sim
862 1108 961 1136 cum
983 1092 1057 1136 illo
1076 1093 1151 1152 qui
1167 1102 1230 1137 est
1246 1092 1291 1136 in
1311 1091 1471 1137 medio.
1492 1111 1512 1134 n

406 1164 520 1207 Auo.
556 1162 691 1207 dixit:
715 1163 834 1207 Sicut
860 1163 937 1207 tibi
959 1163 1141 1223 elegisti,
1168 1179 1308 1224 usque
1330 1163 1385 1208 ad
1410 1164 1526 1208 diem
1550 1179 1651 1208 cum
1670 1163 1746 1209 illo

348 1248 446 1277 eris.

407 1308 440 1349 F
446 1322 513 1349 EL.
549 1304 655 1349 dixit
673 1324 682 1351 :
704 1324 723 1347 «
743 1305 902 1362 Etiam,
923 1315 966 1350 et
983 1322 1063 1366 ego
1078 1308 1162 1352 hoc
1179 1307 1421 1352 consentio.
1443 1325 1464 1348 ι»

406 1378 667 1422 Bommcms
698 1376 832 1422 dixit:
863 1378 1128 1422 «Praestabit
1156 1379 1371 1434 Christus,
1403 1386 1455 1421 ut
1484 1377 1517 1422 si
1545 1391 1647 1422 cum
1668 1376 1746 1422 illo

347 1448 536 1503 veniam,
557 1448 831 1492 Christianus
849 1458 927 1492 est.
952 1467 972 1490 »

407 1523 685 1565 Ancus-rmus
717 1519 945 1578 episcopus
973 1519 1178 1564 Ecclesiae
1212 1519 1439 1564 catholicae
1469 1520 1745 1579 Hipponere-

350 1590 522 1650 giensis‚
543 1592 608 1636 his
625 1591 670 1636 in
691 1590 869 1636 ecclesia
892 1607 1037 1636 coram
1064 1592 1227 1652 populo
1249 1592 1388 1637 Gestis
1405 1592 1654 1651 subscripsi.

413 1682 433 1706 «
470 1666 610 1708 FELix
631 1664 910 1719 christianus,
943 1663 1085 1709 cultor
1112 1663 1216 1723 legis
1247 1664 1494 1721 Manichaei,
1521 1664 1586 1708 his
1607 1664 1650 1708 in
1675 1679 1749 1709 ec-

350 1733 479 1781 clesia
497 1752 644 1782 coram
668 1736 833 1797 populo
855 1737 994 1782 Gestis
1011 1737 1297 1798 subscripsi.»
