1803 3250
308 184 387 219 2:32
737 194 769 217 s.
809 191 1035 219 alueus-rim
1072 193 1249 219 EPISCOP!

304 258 379 302 lud
409 257 626 301 crudelius
655 264 733 310 est,
765 257 867 316 quia
894 260 1003 301 Deus
1025 256 1122 301 illos
1145 272 1234 301 non
1258 257 1400 316 potuit
1421 273 1621 317 purgare,
1646 269 1689 305 et

303 329 435 388 globo
471 326 639 384 ligavit,
666 336 708 372 et
731 327 775 372 id
797 328 1015 373 crudelius
1038 329 1210 373 videtur
1231 344 1335 383 esse,
1363 345 1473 389 quos
1493 330 1689 375 Christus

300 415 386 444 non
411 398 554 458 potuit
576 413 777 458 purgare,
795 399 848 444 ad
864 400 1007 458 ignem
1025 409 1238 444 aeternum
1263 400 1459 445 mittere:
1485 400 1568 445 hoc
1584 400 1690 446 mihi

299 470 510 515 Sanctitas
524 471 614 514 Tua
631 479 817 530 exponat
832 471 887 514 de
901 471 989 530 ipsa
1002 470 1273 514 erudelitate.

353 543 466 585 Auo.
503 539 633 585 dixit:
662 542 704 585 Si
727 556 773 585 ea
797 543 1000 601 quaejam
1024 540 1127 596 dixi,
1149 540 1217 586 vel
1240 540 1537 596 intellexisses,
1557 540 1628 586 vel
1648 549 1692 586 te

297 609 535 669 intelligere
558 610 767 666 fatereris,
791 610 1000 669 (fortassis
1018 612 1135 656 enim
1154 627 1244 656 non
1262 611 1469 656 habendo
1492 610 1601 671 quid
1623 611 1692 656 di-

290 699 378 738 caS,
403 683 563 727 finxisti
587 692 628 728 te
651 699 739 728 non
762 683 1003 741 intelligere
1022 682 1143 743 quod
1161 692 1361 742 apertum
1385 684 1488 741 est,)
1503 682 1582 727 ista
1601 697 1690 728 non

292 753 470 798 diceres.
510 755 607 798 Jam
642 755 758 797 enim
792 753 978 797 diximus
1013 761 1056 797 et
1092 752 1371 812 probavimus
1410 768 1487 814 per
1522 752 1691 798 divinas

294 825 554 884 Scripturas,
581 839 671 869 esse
694 824 880 867 liberum
904 823 1131 868 arbitrium
1155 843 1164 868 :
1191 826 1329 868 Deum
1354 833 1500 868 autem
1525 839 1614 869 esse
1636 824 1691 868 li-

295 896 386 939 beri
409 895 573 939 arbitrii
587 896 754 954 justum
766 893 981 953 judicem,
1018 903 1389 939 remuneratorem
1414 893 1610 938 fidelium
1628 895 1692 938 ei-

291 981 378 1026 que
400 981 444 1010 se
466 966 794 1025 subjicientium
814 976 857 1010 et
873 965 1117 1010 volentium
1139 981 1184 1011 se
1206 966 1364 1021 sanari,
1391 967 1692 1011 damnatorem

292 1045 438 1081 autem
462 1036 752 1095 superborum
776 1045 819 1081 ct
840 1037 1091 1096 impiorum.
1119 1037 1222 1097 quia
1245 1052 1348 1097 ergo
1373 1036 1427 1082 ad
1445 1046 1692 1096 peccatores

291 1106 506 1152 sanandos
529 1108 664 1163 venit,
690 1116 813 1151 sanat
835 1108 988 1168 utique
1006 1118 1182 1167 peccata
1201 1107 1435 1163 confessos,
1453 1118 1574 1153 sanat
1592 1124 1692 1169 poe-

292 1179 479 1224 nitentes
499 1198 506 1223 :
534 1179 751 1223 neminem
771 1188 918 1224 autem
934 1180 1119 1239 poenitet
1136 1195 1235 1224 cum
1253 1179 1360 1224 alius
1378 1181 1596 1240 peccavit:
1617 1179 1693 1225 sed

286 1252 316 1294 si
342 1261 405 1295 est
428 1250 686 1310 poenitentia
701 1252 818 1310 justa
837 1259 879 1295 et
898 1266 1045 1306 verax,
1068 1250 1187 1295 unde
1213 1261 1256 1295 et
1279 1251 1367 1310 ipse
1388 1251 1598 1296 Dominus
1622 1250 1692 1294 di-

292 1323 376 1366 cit:
398 1341 417 1363 «
439 1324 535 1367 Non
558 1322 654 1365 veni
679 1337 833 1366 vocare
850 1323 1004 1381 justos,
1031 1324 1107 1367 sed
1131 1332 1379 1382 peccatores
1403 1323 1447 1366 iu
1471 1322 1694 1382 poeniten-

297 1411 315 1433 »
353 1393 456 1436 tiam
474 1396 484 1417 ¹
500 1414 510 1450 3
532 1412 550 1433 η
571 1393 660 1451 ipsa
675 1393 934 1451 poenitentia
948 1393 1112 1437 indicat
1129 1409 1217 1438 non
1233 1393 1386 1437 alienae
1400 1409 1488 1437 esse
1506 1402 1690 1450 naturae‚

294 1462 369 1506 sed
390 1462 624 1507 voluntatis
646 1472 820 1517 nostrae,
847 1463 880 1507 si
906 1464 1014 1523 quid
1036 1462 1148 1509 forte
1169 1479 1410 1523 peccamus.
1434 1467 1541 1510 Nam
1558 1464 1591 1508 si
1610 1463 1694 1509 alio

297 1544 519 1593 peccante,
541 1535 672 1579 alium
693 1535 894 1594 poenitet,
919 1551 1009 1580 non
1027 1545 1090 1580 est
1110 1537 1188 1581 ista
1211 1535 1420 1595 prudens,
1445 1537 1521 1580 sed
1544 1536 1696 1582 insana

295 1606 572 1666 poenitentia.
623 1605 874 1651 Secundum
909 1621 985 1650 vos
1022 1615 1169 1651 autem
1206 1606 1325 1651 nulla
1365 1615 1542 1666 peccata
1575 1615 1691 1650 sunt.

296 1678 411 1720 Gens
434 1677 550 1720 enim
573 1676 850 1721 tenebrarum
875 1691 964 1722 non
987 1686 1138 1736 peccat
1155 1713 1166 1733 ,
1202 1678 1303 1738 quia
1339 1692 1458 1721 suam
1496 1685 1695 1722 naturam

298 1747 428 1793 facit:
456 1757 610 1793 natura
646 1747 754 1793 lueis
788 1763 877 1793 non
911 1758 1080 1808 peccat,
1112 1749 1215 1809 quia
1245 1749 1368 1810 quod
1399 1749 1520 1803 facit,
1552 1748 1696 1793 facere

298 1819 483 1878 cogitur.
501 1819 680 1864 Nullum
697 1834 799 1878 ergo
812 1820 979 1863 invenis
994 1828 1222 1878 peceatum
1237 1819 1358 1879 quod
1371 1818 1549 1864 damnet
1565 1822 1693 1874 Deus,

300 1888 474 1933 nullum
504 1890 669 1933 invenis
691 1898 920 1949 peccatum
943 1890 1063 1950 quod
1096 1890 1357 1949 poenitentia
1383 1890 1514 1949 possit
1539 1889 1693 1933 sanari.

303 1961 345 2005 Si
369 1969 515 2004 autem
534 1961 792 2020 poenitentia
813 1969 892 2016 est,
919 1970 962 2005 et
979 1960 1108 2020 culpa
1125 1969 1188 2004 est
1209 1980 1217 2006 2
1249 1961 1283 2004 si
1304 1958 1434 2019 culpa
1457 1968 1534 2015 est,
1559 1968 1602 2004 et
1620 1975 1699 2006 vo-

304 2030 448 2076 luntas
483 2040 575 2076 est:
601 2031 634 2074 si
662 2031 866 2076 voluntas
898 2040 961 2076 est
992 2031 1037 2075 in
1066 2031 1310 2091 peccando,
1346 2040 1500 2075 natura
1524 2046 1614 2075 non
1635 2040 1698 2076 est

303 2117 403 2161 quae
435 2112 578 2162 cogat.
613 2103 697 2148 Sed
728 2104 761 2147 si
794 2104 901 2164 quid
934 2103 1196 2147 infirmitatis
1229 2103 1472 2163 patiuntur,
1511 2104 1699 2163 quinon

306 2183 488 2232 possunt
511 2173 693 2233 implere
715 2174 837 2233 quod
859 2173 1035 2232 volunt,
1062 2174 1182 2219 unde
1204 2174 1427 2234 apostolus
1449 2173 1609 2218 Paulus
1631 2172 1700 2218 di-

307 2243 389 2288 cit:
419 2263 439 2286 «
465 2244 604 2289 Video
635 2244 763 2290 aliam
785 2245 926 2304 legem
953 2245 999 2289 in
1028 2245 1235 2289 membris
1259 2244 1363 2288 meis
1385 2253 1699 2303 repugnantem

309 2333 329 2357 »
364 2315 449 2374 legi
467 2316 624 2360 mentis
642 2332 766 2372 meae,
788 2326 830 2362 et
848 2317 1138 2377 captivantem
1157 2315 1288 2360 mein
1306 2315 1402 2374 lege
1420 2316 1585 2375 peccati
1601 2331 1702 2375 quae

315 2404 334 2427 »
371 2395 434 2430 est
456 2387 500 2430 in
524 2386 730 2432 membris
746 2387 881 2432 meis²
899 2406 908 2433 :
932 2406 952 2429 »
971 2385 1250 2432 manifestum
1273 2396 1337 2431 est
1358 2387 1441 2432 hoc
1463 2385 1630 2431 venisse
1648 2387 1704 2431 de

312 2457 491 2501 traduce
524 2459 651 2518 primi
684 2459 851 2519 peccati
883 2457 1050 2514 Adam,
1082 2467 1125 2502 et
1147 2459 1201 2502 de
1223 2456 1539 2504 consuetudine
1571 2456 1700 2502 mala.

365 2549 371 2563 ¹
400 2543 502 2574 nami
534 2555 576 2577 ix.
602 2545 647 2575 13.
672 2563 696 2567 -
723 2552 734 2565 ⁷
755 2548 845 2577 Rom.
866 2556 922 2584 vn,
942 2545 997 2575 ¹23.
