1803 3250
303 133 385 170 322
744 135 777 162 s.
814 135 1046 164 Anousnm
1079 138 1262 165 Efflscol'l

358 208 478 250 xxt.
517 203 597 248 Sed
615 199 817 246 videlicet
834 202 976 247 bonus
994 203 1104 247 amic
1113 218 1161 247 us
1178 203 1367 262 benigne
1386 217 1454 247 me
1471 204 1687 265 objurgas,

301 277 560 322 Manichaeos
585 273 706 333 quod
740 273 1015 335 reliquerim,
1050 283 1093 319 ct
1115 289 1184 318 me
1207 274 1261 318 ad
1283 276 1305 318 J
1314 274 1537 318 udaeorum
1558 275 1693 321 libros

299 347 574 392 contulerim.
607 345 693 404 Ipsi
722 355 824 390 sunt
846 346 922 406 qui
943 356 1135 390 vestrum
1167 361 1357 390 errorem
1389 345 1694 406 fallaciamque

299 417 540 461 suffocant:
566 414 611 458 in
633 415 692 459 eis
714 416 878 476 quippe
897 418 1182 477 prophetatus
1201 426 1266 460 est
1283 417 1499 472 Christus,
1516 417 1696 478 qualem

299 488 376 532 Dci
399 486 551 532 veritas
572 484 778 542 reddidit,
805 503 894 532 non
913 487 1088 547 qualem
1107 487 1340 532 Manichaei
1364 489 1529 532 vanitas
1552 487 1692 532 finxit.

300 558 385 604 Sed
407 559 536 603 homo
555 557 866 602 urbanissimus
883 560 1070 618 exagitas
1088 559 1315 619 antiquam
1336 559 1622 618 Scripturam,
1644 573 1696 602 eo

298 628 417 689 quod
435 627 646 687 scriptum
668 628 723 672 sit
744 629 787 672 in
807 629 1024 688 Propheta
1049 648 1058 674 :
1081 648 1102 671 «
1124 632 1182 673 Et
1202 629 1272 674 fac
1295 628 1405 673 filios
1428 630 1482 672 de
1503 630 1696 673 fornica-

304 719 324 741 »
362 700 502 754 tione,
540 699 749 760 quoniam
777 698 1068 744 fornicabitur
1101 709 1215 743 terra
1239 716 1262 743 a
1285 700 1495 744 Domino¹
1523 719 1532 744 ε
1556 718 1576 741 »
1597 715 1699 744 cum

297 771 445 815 audias
468 771 514 813 in
536 769 775 828 Evangelio
795 788 804 814 2
828 789 849 811 α
868 770 1117 814 Meretrices
1135 779 1179 814 et
1200 769 1426 830 publicani
1450 769 1702 830 praecedent

299 860 320 883 »
356 856 428 885 vos
449 841 494 883 in
518 854 703 898 regnum
724 838 939 883 coelorum
954 841 986 883 2.
1012 859 1030 880 n
1054 841 1167 886 Novi
1189 841 1308 885 unde
1328 842 1474 885 veniat
1496 841 1701 900 indigna-

298 912 356 956 tio
380 920 478 954 tua:
507 925 596 953 non
618 909 733 953 enim
758 909 839 953 tibi
861 919 951 954 tam
973 908 1204 955 fornicaria
1226 911 1428 970 displicet
1450 912 1494 956 in
1514 910 1702 956 fornica-

296 983 430 1036 tione,
467 996 601 1041 quam
639 979 759 1040 quod
794 981 840 1024 in
879 982 1207 1026 matrimonium
1243 991 1513 1027 commutata
1543 992 1624 1036 est,
1659 991 1703 1026 et

296 1068 499 1098 conversa
522 1052 576 1097 ad
599 1052 854 1112 pudicitiam
883 1052 1195 1113 conjugalem,
1234 1053 1311 1097 ubi
1349 1057 1489 1098 Deum
1523 1052 1698 1098 creditis

296 1135 487 1169 vestrum
521 1125 567 1168 in
600 1123 872 1183 procreando
903 1123 1013 1169 filios
1047 1124 1304 1168 arctioribus
1341 1125 1482 1168 carnis
1518 1124 1704 1169 vinculis

296 1195 517 1254 colligari:
543 1194 614 1239 cui
636 1196 796 1255 putatis
820 1210 996 1255 parcere
1021 1195 1285 1250 meretrices,
1320 1195 1425 1255 quia
1453 1194 1562 1240 dant
1595 1211 1703 1255 ope-

298 1283 390 1313 ram
413 1282 468 1311 ne
490 1267 763 1325 concipiant,
791 1276 839 1310 ut
861 1266 916 1310 ab
940 1267 1085 1311 ossicio
1108 1267 1307 1326 pariendi
1329 1266 1502 1322 liberae,
1527 1266 1703 1310 libidini

297 1338 499 1383 serviant.
528 1340 559 1381 F
566 1337 742 1381 oeminae
765 1338 930 1398 quippe
950 1347 1189 1397 conceptus
1219 1337 1339 1396 apud
1372 1352 1449 1381 vos
1471 1352 1618 1381 carcer
1641 1345 1706 1381 est

297 1417 338 1453 et
361 1407 588 1453 vinculum
613 1408 703 1451 Dei.
738 1407 851 1452 Hinc
875 1408 956 1451 tibi
978 1408 1108 1451 etiam
1132 1406 1245 1450 illud
1268 1406 1500 1466 displicet:
1525 1410 1707 1451 «Erunt

302 1499 321 1521 »
357 1477 446 1523 duo
464 1479 511 1522 in
530 1493 661 1522 carne
679 1477 791 1521 una³
810 1496 818 1521 ε
841 1495 861 1518 »
884 1492 986 1521 cum
1004 1478 1087 1522 hoc
1105 1479 1151 1522 in
1169 1478 1343 1523 Christo
1361 1488 1492 1538 atque
1512 1478 1707 1523 Ecclesia

298 1559 444 1594 sancta
469 1563 679 1608 magnum
702 1548 962 1606 mysterium
981 1549 1264 1593 commendet
1286 1548 1566 1609 Apostolus⁴.
1593 1550 1706 1594 Hinc

299 1620 527 1681 displicet:
553 1640 572 1663 (ι
598 1620 808 1676 Crescite,
846 1629 888 1664 et
925 1620 1326 1678 multiplicamini⁵z
1352 1640 1370 1661 »
1397 1636 1453 1665 ne
1477 1621 1553 1664 Dei
1575 1621 1706 1665 vestri

302 1692 650 1752 multiplicentur
692 1691 923 1750 ergastula.
965 1695 1037 1737 Me
1075 1701 1223 1736 autem
1263 1690 1403 1736 fateor
1434 1692 1481 1736 in
1515 1691 1707 1736 Ecclesia

300 1763 513 1808 catholica
547 1762 765 1817 didicisse,
791 1763 902 1807 sicut
934 1763 1142 1817 animam,
1167 1763 1227 1807 ita
1250 1772 1293 1806 et
1314 1778 1490 1823 corpus,
1515 1777 1705 1823 quorum

301 1834 487 1879 alterum
529 1833 782 1894 praeditum,
823 1833 1011 1877 alterum
1048 1832 1277 1878 subditum
1311 1842 1402 1892 est,
1442 1834 1502 1878 ita
1538 1833 1707 1877 bonum

300 1907 456 1951 animae
484 1921 532 1950 ac
566 1906 681 1950 bona
703 1906 920 1964 corporis,
947 1921 1038 1950 non
1059 1921 1150 1950 esse
1171 1905 1253 1949 nisi
1276 1921 1299 1949 a
1322 1920 1495 1949 summo
1522 1905 1658 1959 bono,
1684 1919 1710 1948 a

301 1993 391 2039 quo
411 1987 513 2022 sunt
530 1977 676 2021 omnia
699 1977 827 2031 bona,
849 1977 937 2021 sive
960 1992 1133 2036 magna,
1157 1977 1246 2021 sive
1269 1992 1424 2036 parva,
1448 1976 1536 2021 sive
1553 1975 1710 2020 coeles-

302 2050 377 2105 tia,
392 2049 479 2093 sive
498 2048 741 2107 terrestria3
763 2049 851 2093 sive
871 2047 1095 2109 spiritalia,
1109 2049 1197 2094 sive
1211 2048 1475 2108 corporalia,
1497 2048 1584 2092 sive
1601 2057 1710 2092 tem·

304 2120 484 2180 poralia‚
523 2121 611 2165 sive
647 2121 939 2179 sempiterna:
971 2135 1051 2164 nec
1079 2120 1179 2166 ideo
1210 2122 1290 2165 ista
1324 2119 1705 2180 reprehendenda,

304 2192 404 2252 quia
424 2190 497 2234 illa
516 2189 806 2251 praeferenda.

361 2263 510 2307 XXII.
547 2260 665 2305 Illud
683 2276 786 2306 vero
803 2260 925 2322 quod
947 2261 1061 2305 inter
1080 2259 1299 2320 culpanda
1322 2261 1448 2320 ponis
1468 2279 1477 2305 :
1503 2279 1522 2302 «
1545 2263 1705 2315 Macta‚

308 2352 328 2375 »
365 2343 408 2378 et
431 2332 698 2378 manduea⁶2
724 2352 742 2375 »
769 2333 901 2377 etiam
922 2332 966 2376 in
991 2332 1173 2377 Actibus
1195 2332 1510 2392 Apostolorum
1532 2331 1707 2392 spirita-

353 2442 361 2458 ¹
384 2437 479 2473 Osee,
505 2446 530 2476 1,
553 2444 585 2467 2.
604 2452 645 2458 -
662 2441 676 2457 ²
705 2435 827 2468 Matth.
850 2445 918 2478 ιιι,
946 2434 1000 2467 31.
1026 2450 1066 2457 --
1090 2432 1105 2457 3
1123 2436 1205 2468 Gen.
1229 2446 1266 2475 ιι,
1291 2434 1347 2476 24.
1372 2433 1440 2465 -4
1462 2434 1578 2478 Ephes.
1597 2444 1630 2477 v,
1653 2434 1706 2467 31.

308 2490 377 2516 -5
396 2494 477 2525 Gen.
498 2503 521 2533 ι,
541 2489 678 2525 28.--6
697 2493 771 2525 Act.
791 2500 825 2534 x,
849 2490 899 2534 14.
