1803 3250
321 223 372 257 5113
765 226 797 253 s.
837 226 1064 255 Aucus'rfflr
1098 227 1278 255 Emscom

323 302 389 343 tire
427 297 627 341 meritum
660 303 965 354 consequatur.
1000 297 1223 348 Quantum
1259 294 1374 338 enim
1409 294 1548 350 valet,
1587 294 1707 355 quod

322 368 449 413 inodo
480 366 815 410 commemoravi
841 381 931 410 esse
958 366 1191 425 seriptum:
1215 385 1234 408 «
1252 365 1507 425 Concupisti
1535 366 1707 425 sapien-

326 461 342 481 η
381 440 500 494 tiam,
523 453 644 482 serva
667 436 885 492 mandata,
913 447 954 482 et
977 439 1186 482 Dominus
1205 438 1391 496 prccbet¹
1419 436 1539 481 illam
1556 437 1637 481 tibi
1656 456 1664 481 :
1686 455 1706 477 »

323 519 491 555 tantum
523 519 565 554 et
600 509 709 554 illud
742 510 885 554 valere
918 509 1125 554 arbitror:
1146 529 1163 551 «
1184 510 1271 555 Nisi
1305 508 1591 564 credideritis,
1621 523 1710 553 non

323 601 342 624 »
379 581 673 640 intelligetis²3
693 599 713 622 »
734 590 781 626 ut
799 582 961 641 justitia
990 582 1043 625 ad
1074 580 1221 636 fidem,
1254 580 1307 624 ad
1331 582 1587 640 sapientiam
1609 595 1712 624 vero

319 654 603 714 intelligentia
627 653 844 712 pertinere
867 662 1147 697 monstretur.
1172 652 1361 697 Proinde
1384 653 1429 695 in
1452 653 1517 696 his
1537 653 1614 712 qui
1634 652 1714 696 ssa-

321 735 445 785 grant
479 724 643 783 ingenti
672 739 818 768 amore
840 724 1079 783 perspicuae
1102 723 1315 777 veritatis,
1352 738 1440 767 non
1463 732 1524 767 cst
1549 724 1713 782 impro-

322 796 516 842 bandum
538 795 748 850 studium,
775 793 849 838 sed
870 795 925 837 ad
949 795 1143 838 ordinem
1172 794 1484 849 revocandum,
1511 804 1561 838 ut
1584 810 1604 837 a
1628 793 1714 838 fido

319 869 513 927 incipiat,
540 876 582 911 et
604 866 727 911 bonis
764 866 955 909 moribus
984 865 1151 908 nitatur
1173 866 1398 923 pervenire
1433 881 1522 925 quo
1554 864 1711 910 tendit.

321 944 370 984 In
385 956 435 984 eo
449 940 612 999 quippe
627 936 748 996 quod
762 945 974 990 versatur,
995 936 1130 980 virtus
1149 945 1212 979 est
1232 936 1468 980 laboriosa:
1489 937 1531 979 in
1547 952 1597 980 eo
1613 951 1716 981 vero

319 1011 438 1071 quod
468 1008 649 1068 appetit,
676 1007 890 1052 luminosa
920 1006 1145 1066 sapientia.
1173 1007 1291 1060 Quid
1313 1022 1422 1066 opus
1447 1016 1525 1062 est,
1552 1007 1713 1067 inquit,

320 1080 512 1135 credere,
549 1079 670 1139 quod
693 1094 781 1124 non
805 1079 912 1122 mihi
934 1077 1179 1122 ostenditur
1198 1078 1502 1122 manifestum?
1526 1078 1717 1138 Aliquod

318 1154 501 1198 verbum
524 1166 603 1210 pro
627 1166 718 1205 me,
741 1165 828 1210 quo
847 1149 1019 1193 videam
1044 1165 1188 1193 rerum
1213 1149 1411 1192 omnium
1434 1149 1714 1208 principium.

324 1223 374 1268 Id
397 1224 513 1267 enim
530 1232 592 1265 est
616 1223 658 1265 in
680 1221 800 1281 quod
824 1221 1007 1264 maxime
1027 1235 1075 1264 ac
1094 1221 1294 1280 primitus
1312 1220 1560 1274 inardescit,
1579 1221 1610 1264 si
1630 1221 1719 1265 veri

322 1294 540 1338 studiosus
570 1301 634 1336 est
669 1291 840 1335 animus
869 1290 1116 1335 rationalis:
1145 1292 1214 1335 eui
1246 1290 1583 1350 respondeatur:
1614 1291 1719 1335 Pul-

322 1366 478 1410 chrum
499 1372 562 1407 est
584 1362 762 1422 quidem
785 1361 905 1421 quod
934 1361 1150 1405 desideras
1173 1370 1214 1405 et
1238 1362 1372 1405 amari
1395 1361 1715 1421 dignissimum,

321 1435 397 1482 sed
415 1435 532 1495 prius
556 1434 684 1477 nubit
707 1432 804 1486 Lia,
827 1442 870 1476 et
893 1440 1039 1491 postea
1062 1432 1242 1475 Rachel.
1273 1432 1414 1476 Ardor
1438 1447 1540 1490 ergo
1563 1433 1641 1476 iste
1665 1432 1720 1477 ad

323 1507 367 1552 id
402 1505 559 1560 valeat,
597 1514 646 1548 ut
680 1502 787 1548 ordo
817 1519 906 1547 non
938 1511 1176 1558 recusetur,
1209 1502 1284 1547 sed
1307 1504 1450 1562 potius
1480 1503 1718 1562 toleretur,

324 1581 414 1624 sine
437 1593 526 1638 quo
549 1592 638 1621 non
667 1584 809 1635 potest
832 1575 884 1619 ad
916 1574 961 1619 id
985 1574 1221 1633 perveniri,
1258 1575 1381 1635 quod
1410 1584 1533 1620 tanto
1567 1576 1722 1621 ardore

324 1649 531 1707 diligitur.
559 1649 672 1692 Cum
694 1655 840 1690 autem
862 1654 1119 1704 perventum
1142 1644 1298 1700 fuerit,
1325 1645 1452 1689 simul
1483 1646 1721 1691 habebitur

328 1723 372 1764 in
390 1721 472 1763 hoc
495 1717 672 1772 saeculo,
695 1731 784 1760 non
799 1715 940 1760 solum
961 1715 1151 1775 speciosa
1166 1714 1474 1774 intelligentia,
1500 1717 1575 1760 sed
1593 1717 1721 1761 etiam

326 1791 540 1836 laboriosa
559 1787 742 1849 justitia.
773 1807 793 1829 «
823 1786 1074 1840 Quamlibet
1109 1787 1224 1830 enim
1259 1795 1385 1831 acute
1413 1787 1723 1848 sinceriterque

330 1882 348 1904 »
386 1869 588 1905 cernatur
611 1874 634 1902 a
663 1856 920 1902 mortalibus
956 1857 1311 1902 incommutabile
1346 1858 1541 1913 bonum,
1580 1858 1724 1903 adhuc

329 1952 348 1974 »
387 1947 544 1991 corpus
559 1928 680 1990 quod
698 1929 994 1988 corrumpitur
1011 1937 1217 1987 aggravat
1233 1929 1439 1984 animam,
1459 1938 1502 1973 et
1519 1929 1724 1989 deprimit

330 2024 349 2046 »
390 2012 558 2047 terrena
596 2000 856 2045 inhabitatio
891 2014 1064 2043 sensum
1101 1998 1239 2043 multa
1273 2000 1582 2057 cogitantem?
1612 2002 1723 2045 »Ad

326 2090 465 2120 unum
499 2088 602 2133 ergo
641 2070 928 2127 tendendum,
965 2069 1041 2115 sed
1075 2080 1252 2130 propter
1274 2072 1357 2116 hoc
1379 2071 1518 2116 multa
1541 2071 1722 2117 ferenda

329 2156 446 2192 sunt.

390 2219 501 2261 LIV.
544 2218 697 2275 Itaque
739 2214 837 2258 duae
875 2223 976 2258 sunt
1006 2228 1158 2257 uxores
1187 2213 1322 2257 Jacob
1361 2212 1510 2257 liberae
1536 2233 1545 2258 :
1582 2214 1724 2259 ambae

327 2290 490 2351 quippe
513 2295 616 2331 sunt.
637 2285 737 2329 filiae
774 2285 1030 2330 remissionis
1062 2293 1357 2344 peccatorum,
1384 2285 1467 2329 hoc
1489 2294 1574 2340 est,
1600 2284 1723 2329 deal-

333 2359 545 2413 bationis,
581 2357 702 2417 quod
734 2366 797 2401 est
820 2356 984 2400 Laban.
1013 2357 1325 2399 Verumtamen
1348 2371 1434 2399 una
1461 2364 1646 2410 amatur,
1681 2365 1724 2401 et

331 2431 464 2476 altera
487 2429 711 2473 toleratur.
740 2428 824 2473 Sed
847 2443 945 2488 quae
969 2427 1193 2482 toleratur,
1224 2427 1314 2486 ipsa
1341 2427 1460 2486 prius
1481 2436 1525 2471 et
1546 2427 1723 2472 uberius

338 2501 631 2555 foecundatur‚
658 2510 706 2544 ut
742 2500 774 2544 si
813 2514 900 2543 non
930 2507 1107 2558 propter
1135 2513 1178 2541 sc
1214 2498 1367 2557 ipsam,
1401 2508 1518 2544 certe
1545 2507 1722 2558 propter

384 2598 390 2612 ¹
417 2590 518 2620 For-le
536 2587 703 2629 prwlwbit.
721 2605 759 2610 -—-
780 2594 788 2609 ³
807 2586 877 2618 lsai.
903 2597 960 2627 vn,
980 2597 1011 2628 ς).
1031 2584 1098 2609 ——3
1122 2586 1195 2628 Sap.
1217 2597 1261 2627 lx,
1282 2585 1333 2617 15.
