1803 3250
392 270 556 301 conTnA
589 273 822 301 sEnMONEM
857 274 1123 301 Ammonnm.
1367 261 1450 299 473

71 343 183 384 Ecce
202 340 247 383 in
268 339 428 399 quibus
448 340 590 384 verbis
613 340 698 383 suis
722 339 901 383 omnino
921 338 1195 383 manifestant
1213 353 1369 398 negare
1390 353 1449 392 se,

69 409 190 469 quod
211 409 265 454 ad
286 410 498 454 unitatem
526 425 718 468 personae
747 409 905 452 Christi
934 410 1062 453 etiam
1093 411 1283 453 humana
1314 410 1456 453 anima

72 481 307 540 pertineat3
327 480 401 523 sed
425 480 470 522 in
497 480 669 524 Christo
691 494 862 522 earnem
892 488 933 522 et
963 480 1234 523 divinitatem
1260 489 1455 523 tantum-

69 550 202 595 modo
234 550 447 595 confiteri.
481 549 846 609 Quandoquidem
875 565 974 593 cum
1004 550 1211 609 penderet
1239 552 1283 594 in
1309 551 1454 608 ligno,

29 645 36 649 -
70 621 180 665 illud
201 620 277 664 ubi
299 620 357 663 ait
382 639 390 664 :
417 638 437 661 «
457 623 599 674 Pater,
624 620 668 663 in
693 634 846 663 manus
868 628 962 663 tuas
984 619 1242 665 commendo
1260 621 1456 679 spiritum

72 711 91 734 »
109 706 255 735 meum
270 693 330 746 ¹‚»
348 690 618 735 divinitatem
629 691 765 750 ipsam
775 691 928 735 volunt
938 707 1037 734 eum
1050 691 1228 750 intelligi
1243 707 1458 736 commen-

71 763 193 806 dasse
202 763 334 816 Patri,
353 777 441 805 non
455 762 696 805 humanum
712 762 911 820 spiritum
925 761 1045 820 quod
1057 770 1120 804 est
1136 762 1291 804 anima.
1304 762 1459 804 Merito

69 833 115 876 in
132 833 211 876 ista
231 833 321 891 ipsa
346 831 638 891 disputatione
667 833 886 891 superius,
916 832 991 875 ubi
1019 831 1252 876 voluerunt
1278 830 1459 889 intelligi

69 903 293 948 Christum
317 904 453 947 Patris
475 902 746 948 voluntatem
771 901 943 956 fecisse,
970 918 1059 946 non
1077 918 1214 956 suam,
1239 903 1340 945 hinc
1360 917 1456 944 eum

70 973 248 1016 minoris
266 983 397 1033 atque
418 974 599 1017 diversae
620 982 822 1032 putantes
839 988 926 1016 esse
938 982 1121 1027 naturae,
1139 971 1249 1016 illud
1263 987 1456 1016 comme-

68 1051 294 1087 moi-arunt
317 1043 438 1102 quod
460 1043 534 1097 ait,
560 1062 576 1082 «
600 1046 742 1096 Pater,
765 1052 951 1087 transeat
974 1059 997 1086 a
1019 1057 1087 1085 me
1109 1042 1218 1086 calix
1240 1043 1318 1085 iste
1337 1077 1346 1095 ,
1368 1057 1455 1085 non

72 1131 92 1152 »
119 1121 266 1156 tamen
287 1112 408 1172 quod
428 1128 507 1170 ego
528 1112 652 1167 volo,
680 1114 754 1156 sed
777 1113 896 1172 quod
928 1122 974 1156 tu
1002 1113 1106 1156 vis2.
1123 1131 1142 1153 η
1168 1111 1285 1155 Illud
1313 1121 1457 1155 autem

70 1183 308 1228 noluerunt
324 1182 445 1243 quod
457 1184 514 1227 ait
538 1203 546 1227 ε
572 1203 591 1225 «
610 1184 757 1227 Tristis
775 1193 837 1227 est
850 1184 991 1227 anima
1007 1199 1101 1227 mea
1121 1199 1260 1242 usque
1279 1182 1333 1225 ad
1348 1198 1460 1226 mor-

73 1272 92 1293 »
119 1262 258 1297 tem.»
280 1253 474 1296 Audiant
491 1253 662 1311 egoista
674 1254 1115 1298 commemorantibus
1133 1253 1257 1297 nobis
1280 1272 1287 1296 :
1310 1272 1328 1294 «
1346 1253 1460 1296 Tris-

73 1342 93 1364 »
115 1323 168 1367 tis
187 1332 250 1366 est
273 1324 417 1367 anima
434 1338 529 1367 mea
550 1339 688 1383 usque
703 1324 758 1367 ad
776 1326 984 1367 mortem3
1005 1344 1012 1367 :
1037 1328 1295 1367 Potestatem
1320 1323 1462 1367 habeo

75 1413 94 1435 »
118 1393 314 1453 ponendi
335 1394 524 1438 animam
540 1410 679 1438 meam
705 1414 713 1438 ;
738 1396 950 1454 Majorem
964 1395 1045 1438 hac
1061 1395 1314 1438 charitatem
1335 1409 1462 1437 nemo

73 1483 94 1506 »
118 1465 254 1509 habet
271 1500 281 1519 ‚
309 1480 442 1524 quam
461 1474 509 1508 ut
534 1466 720 1509 animam
741 1480 862 1508 suam
889 1474 1023 1523 ponat
1044 1480 1122 1522 pro
1146 1464 1292 1507 amicis
1315 1465 1415 1507 suis.
1441 1483 1458 1504 n

71 1536 128 1579 Et
169 1534 291 1594 quod
329 1533 384 1578 de
421 1534 498 1579 illo
541 1534 850 1578 intellexerunt
887 1533 1083 1592 Apostoli
1119 1535 1426 1592 prophetatum
1450 1552 1458 1577 ε

76 1625 96 1647 (ι
123 1606 334 1658 Quoniam
359 1620 450 1649 non
472 1604 748 1665 derelinques
771 1606 958 1648 animam
978 1620 1119 1648 meam
1136 1605 1180 1647 in
1198 1603 1369 1647 inferno
1386 1606 1416 1646 ⁴.
1443 1626 1458 1643 »

73 1679 130 1719 Et
147 1676 214 1719 his
236 1684 368 1734 atque
386 1675 638 1734 hujusmodi
658 1685 904 1719 sanctarum
931 1677 1251 1734 Scripturarum
1270 1676 1464 1718 testimo-

73 1747 154 1792 niis
184 1763 274 1792 non
306 1747 532 1801 resistant,
569 1746 876 1806 fateanturque
910 1747 1154 1801 Christum,
1180 1762 1270 1790 non
1291 1755 1462 1790 tantum

73 1833 272 1872 carnem,
297 1818 372 1861 sed
392 1818 581 1861 animam
606 1833 783 1877 quoque
813 1819 1048 1861 humanam
1073 1817 1218 1861 Verbo
1241 1818 1464 1875 unigenito

73 1897 295 1948 coaptasse
312 1909 324 1945 3
342 1898 393 1931 ut
415 1897 525 1932 esset
546 1903 634 1932 una
657 1903 856 1947 persona,
883 1889 1002 1948 quod
1025 1889 1221 1933 Christus
1239 1898 1324 1942 est,
1357 1891 1464 1930 Ver-

72 1960 181 2003 bum
203 1968 247 2003 et
268 1961 404 2002 humo
426 1977 434 2002 :
461 1957 536 2002 sed
557 1958 648 2018 ipse
672 1959 821 2012 homo,
847 1961 989 2002 anima
1010 1969 1052 2002 et
1072 1975 1194 2016 caro3
1216 1975 1264 2003 ac
1283 1974 1359 2018 per
1381 1959 1464 2002 hoe

73 2030 269 2075 Christus
293 2029 490 2073 Verbum
510 2030 651 2073 anima
676 2039 717 2072 et
740 2045 854 2073 caro.
883 2031 938 2072 Et
961 2029 1058 2073 ideo
1081 2030 1138 2073 sic
1155 2029 1464 2087 intelligendus

75 2100 261 2159 geminae
281 2099 552 2153 substantiae,
564 2099 725 2142 divinae
739 2099 899 2143 scilicet
916 2108 958 2142 et
974 2100 1194 2153 humanae,
1210 2109 1259 2142 ut
1271 2100 1361 2157 ipsa
1379 2100 1464 2142 hu-

75 2186 204 2215 mana
226 2186 276 2214 ex
298 2163 442 2213 anima
459 2178 630 2214 constet
648 2179 691 2213 et
712 2185 855 2213 carne.
886 2174 972 2213 Aut
991 2170 1025 2212 si
1038 2185 1088 2213 eo
1102 2178 1333 2213 moventur
1347 2170 1463 2229 quod

79 2243 288 2301 scriptum
301 2250 366 2285 est
386 2260 394 2285 z
415 2241 643 2284 «Verbum
658 2256 757 2285 caro
776 2240 938 2284 factum
955 2250 1018 2283 est
1031 2242 1069 2295 53
1087 2258 1106 2280 n
1129 2256 1208 2284 nec
1222 2239 1309 2284 illic
1323 2241 1465 2284 anima

25 2360 31 2363 ,
76 2312 301 2356 nominata
322 2319 385 2355 est
413 2330 421 2355 ε
447 2309 693 2368 intelligant
716 2326 886 2354 carnem
916 2325 991 2369 pro
1013 2310 1190 2353 homine
1212 2310 1419 2369 positam,
1443 2327 1463 2353 a

78 2392 200 2442 parte
216 2391 358 2426 totum
376 2381 645 2440 significante
661 2379 892 2426 locutionis
909 2379 1039 2424 modo
1058 2401 1067 2436 3
1092 2380 1218 2423 sicuti
1237 2389 1300 2424 est
1321 2400 1328 2424 :
1355 2399 1374 2421 «
1396 2381 1462 2423 Ad

125 2508 136 2524 ¹
157 2503 235 2533 Luc.
255 2511 330 2533 xxm
345 2524 353 2539 ,
383 2499 438 2541 46.
463 2516 504 2523 -
520 2506 533 2522 2
552 2500 673 2533 Matth.
703 2511 790 2541 xxvi,
814 2500 853 2542 39
867 2514 905 2522 -⁴
926 2498 937 2519 3
958 2498 1037 2530 lbid.
1060 2499 1111 2530 38.
1129 2515 1169 2521 --
1185 2497 1201 2527 4
1223 2499 1341 2531 Matth.
1363 2509 1459 2536 xw1;

79 2561 172 2591 Joan.
199 2569 232 2599 x,
267 2557 404 2598 1831d.
433 2568 494 2599 xv,
526 2556 600 2598 13.;
629 2557 707 2589 Psal.
738 2567 800 2595 xv,
831 2568 888 2597 103
915 2559 987 2588 Act.
1021 2566 1064 2595 11,
1097 2555 1133 2587 31
1152 2580 1161 2596 ,
1191 2559 1224 2587 et
1246 2567 1321 2596 xm,
1351 2556 1400 2587 35,
1421 2571 1460 2577 -

81 2613 96 2638 ⁵
118 2610 210 2648 Joan.
236 2624 260 2653 1,
285 2613 336 2656 14.
