1803 3250
329 148 411 187 226
759 157 791 182 ³.
827 153 1058 183 Aucus‘russ
1092 155 1271 183 Bmscom

328 245 347 267 »
382 233 445 269 est
464 220 640 267 diabolo
662 229 704 264 et
721 221 883 280 angelis
905 223 1009 282 ejus.
1033 239 1053 262 »
1074 221 1158 275 Qui
1173 221 1536 281 suntquinomen
1549 223 1709 269 Christi

324 296 505 345 habent,
543 302 586 337 et
613 292 847 337 mittuntur
872 293 916 336 in
946 294 1091 353 ignem
1113 302 1325 337 aeternum
1349 308 1448 338 cum
1470 293 1647 339 diabolo
1668 303 1711 339 et

323 365 486 424 angelis
520 365 634 425 ejus3
669 373 712 408 et
745 365 799 408 ad
827 381 957 426 quam
988 374 1155 425 partem
1187 365 1408 425 pertinent
1429 365 1512 421 isti,
1550 366 1711 425 quibus

320 437 517 482 Christus
548 451 638 480 non
670 436 968 495 permiscetur,
1003 447 1045 482 et
1075 452 1235 482 nomen
1267 438 1357 497 ejus
1388 438 1590 496 portant?
1619 439 1713 482 Hoc

322 508 436 553 enim
461 508 728 553 Manichacus
749 508 870 565 dicit,
893 508 996 570 quia
1019 524 1128 569 quos
1150 509 1348 554 Christus
1369 508 1564 563 damnat,
1585 508 1715 568 ipsius

321 595 411 625 non
429 588 545 624 sunt.
564 582 673 625 Nam
694 579 852 624 Paulus
875 579 1095 640 apostolus
1118 579 1253 625 dicit:
1280 599 1298 622 «
1321 580 1556 624 Prudentia
1577 580 1717 624 carnis

321 669 341 692 »
377 651 551 695 inimica
579 660 641 695 est
671 654 782 705 Deo,
815 650 900 710 legi
928 651 1044 695 enim
1076 653 1154 696 Dei
1183 667 1273 696 non
1295 660 1360 695 est
1382 651 1599 710 subjecta,
1634 665 1714 695 nec

324 742 343 764 »
380 723 495 767 enirn
514 725 697 782 potest¹.
723 743 738 764 n
760 725 853 766 Hoc
871 723 1139 768 Manicliaeus
1162 722 1283 777 dicit,
1304 723 1406 783 quia
1424 738 1523 782 quae
1542 721 1716 766 inimica

319 805 383 840 est
426 798 514 839 Deo
530 829 541 850 ,
587 793 643 838 ad
676 797 816 838 Deum
854 809 945 838 non
982 795 1196 853 pertinet:
1234 794 1268 839 si
1309 804 1453 839 autem
1490 794 1545 839 ad
1576 797 1716 838 Deum

319 867 508 927 pertinet
530 900 541 920 ,
596 866 686 924 ipse
738 864 818 908 sibi
864 864 1089 909 inimicum
1130 865 1235 911 fecit
1259 885 1269 911 z
1317 866 1402 910 hoc
1450 865 1717 910 Manichaeus

319 937 440 982 dicit.
465 939 629 980 Iterum
650 933 810 978 Paulus
832 934 959 982 dicit:
996 955 1016 978 «
1041 939 1155 980 Deus
1173 938 1321 981 saeeuli
1345 938 1472 997 hujus
1488 936 1718 981 excaecavit

323 1026 343 1049 »
391 1016 558 1050 mentes
586 1004 878 1061 infidelium,
909 1024 929 1047 »
955 1005 1010 1050 ad
1037 1023 1128 1051 non
1161 1007 1546 1067 contemplandam
1588 1006 1718 1051 clari-

320 1086 454 1122 tatem
481 1075 701 1134 Evangelii
730 1076 908 1131 Christi,
940 1077 1015 1136 qui
1041 1087 1105 1122 est
1135 1078 1276 1136 imago
1307 1079 1397 1122 Dei.
1433 1081 1528 1138 Ipse
1560 1078 1719 1123 Paulus

323 1149 481 1194 iterum
509 1147 643 1191 dicit:
673 1166 693 1188 «
720 1150 854 1191 Datus
881 1156 943 1191 est
971 1148 1079 1191 mihi
1103 1149 1305 1193 stimulus
1332 1150 1471 1194 carnis
1492 1184 1503 1203 ‚
1540 1148 1720 1208 angelus

328 1240 348 1263 »
387 1223 556 1265 Satanae
576 1219 650 1279 qui
674 1234 742 1262 me
762 1219 1005 1278 colaphizet
1026 1220 1095 1263 die
1117 1236 1166 1264 ac
1190 1223 1344 1266 nocte³
1364 1240 1372 1265 :
1400 1230 1576 1281 propter
1599 1219 1720 1280 quod

325 1310 346 1333 »
382 1300 448 1335 ter
470 1289 707 1334 Dominum
731 1290 879 1348 rogavi
902 1299 951 1333 ut
973 1289 1214 1336 discederet
1236 1307 1260 1335 a
1282 1307 1375 1348 me,
1401 1301 1442 1335 et
1461 1291 1568 1335 dixit
1582 1291 1716 1335 mihi:

331 1382 350 1406 »
389 1363 558 1409 Sufficit
581 1361 661 1406 tibi
685 1361 820 1420 gratia
843 1376 956 1416 mea,
981 1377 1081 1406 nam
1103 1363 1241 1407 virtus
1270 1363 1314 1406 in
1340 1363 1590 1406 infirmitate
1620 1378 1722 1422 pro-

331 1453 351 1476 »
386 1435 530 1478 batur.
553 1452 572 1474 »
594 1436 707 1477 Ecce
729 1431 838 1492 quid
861 1432 1095 1491 Apostolus
1117 1433 1240 1488 dixit,
1267 1449 1367 1478 eece
1390 1432 1497 1494 quid
1519 1436 1722 1492 Evange-

327 1505 452 1550 lista:
478 1519 579 1549 cum
613 1503 880 1549 Manieliaeus
907 1503 990 1547 hoc
1023 1513 1198 1559 asserat,
1231 1504 1333 1564 quia
1362 1513 1424 1548 est
1446 1513 1677 1549 extraneus
1699 1519 1722 1548 a

330 1580 437 1633 Deo,
461 1577 538 1637 qui
561 1584 712 1621 contra
736 1578 874 1619 Deum
898 1574 1101 1620 bellavit:
1126 1576 1215 1621 sive
1238 1576 1341 1636 quia
1361 1577 1559 1621 Christus
1581 1576 1723 1621 cruci-

332 1650 440 1695 fixus
456 1658 536 1704 est,
555 1648 643 1693 sive
660 1647 763 1708 quia
779 1646 977 1706 Apostoli
992 1662 1141 1692 omnes
1154 1657 1332 1708 propter
1350 1649 1422 1692 Dei
1440 1647 1695 1692 mandatum
1710 1668 1722 1707 3

331 1723 410 1766 iste
429 1721 506 1782 qui
528 1736 600 1765 eos
622 1719 852 1774 crucifixit,
874 1718 945 1763 cui
965 1719 1221 1764 mandatum
1246 1720 1323 1764 Dei
1345 1736 1434 1765 non
1458 1718 1615 1780 placet,
1640 1720 1726 1764 hoc

336 1793 442 1839 mihi
460 1792 576 1838 dicat
595 1791 809 1837 Sanctitas
827 1793 934 1846 Tua,
954 1792 988 1835 si
1005 1792 1060 1836 ad
1081 1795 1218 1836 Deum
1236 1792 1442 1851 pertinet.
1465 1810 1485 1834 >›

397 1867 480 1908 ΙΙΙ.
515 1866 630 1908 Aue.
663 1861 796 1906 dixit:
828 1861 1070 1920 Scripturas
1100 1871 1285 1918 sanctas,
1315 1879 1423 1923 quas
1452 1878 1542 1907 non
1563 1861 1726 1906 intelli-

338 1936 483 1996 gendo
504 1934 632 1993 longe
654 1948 678 1978 a
699 1933 879 1978 veritate
902 1933 1127 1989 aberratis,
1159 1949 1501 1979 commemorare
1525 1932 1724 1988 voluisti,

339 2006 460 2052 velut
475 2021 526 2051 ex
539 2006 598 2050 eis
615 2004 906 2065 patrocinium
923 2003 1134 2050 adhibens
1146 2005 1407 2065 vaniloquiis
1423 2005 1587 2050 vestris.
1608 2007 1730 2048 Inter

340 2077 486 2124 omnia
509 2085 672 2132 tamen,
690 2091 789 2136 quae
811 2076 968 2136 partim
992 2076 1103 2121 sieut
1124 2092 1224 2121 vere
1246 2076 1403 2136 scripta
1425 2084 1543 2130 sunt,
1568 2074 1727 2135 partim

340 2149 462 2195 aliter
484 2163 617 2208 quam
642 2148 800 2207 scripta
823 2158 924 2193 sunt
948 2149 1314 2204 commemorasti,
1344 2163 1564 2208 nusquam
1583 2156 1730 2192 osten-

340 2221 443 2266 dere
456 2220 650 2281 potuisti,
665 2220 767 2280 quia
781 2223 894 2265 Deus
907 2221 1048 2280 regnis
1063 2221 1148 2264 suis
1162 2220 1364 2265 hostilem
1378 2229 1577 2265 naturam
1589 2218 1730 2263 immi-

340 2303 517 2338 nentem
534 2292 743 2352 repellere
757 2291 922 2348 volens,
939 2292 1156 2336 uthabeat
1173 2293 1383 2353 quietem,
1402 2301 1569 2352 partem
1586 2306 1725 2345 suam,

340 2381 440 2426 quae
460 2366 544 2410 hoc
566 2372 628 2408 est
650 2363 771 2424 quod
791 2363 897 2424 ipse,
915 2373 1084 2409 naturae
1102 2363 1331 2408 contrariae
1352 2363 1604 2408 daemonum
1626 2362 1730 2406 mis-

339 2450 457 2492 cens,
476 2434 667 2495 colligari
688 2435 744 2479 ab
760 2434 821 2480 eis
837 2444 882 2482 et
896 2435 1184 2481 contaminari
1205 2434 1371 2482 feeerit.
1389 2437 1483 2481 Hoc
1500 2443 1648 2480 autem
1665 2441 1730 2478 est

390 2526 397 2543 ¹
420 2522 511 2554 Rom.
534 2530 606 2562 vni,
626 2533 659 2564 7.
674 2537 686 2543 -
728 2526 740 2543 ²
762 2530 781 2553 2
798 2522 871 2555 Cor.
892 2518 989 2564 1v‚4.
1008 2538 1048 2546 --
1063 2519 1137 2555 ³1d.
1158 2531 1214 2564 ιιι,
1235 2531 1267 2563 7.
