1803 3250
283 188 335 216 DE
368 189 481 217 am'ris
512 189 600 217 cuM
634 187 780 216 Fauen
812 184 1058 226 MAmcuAEo,
1095 188 1175 214 Lm.
1214 188 1261 213 11.
1378 174 1461 214 223

78 404 631 423 wwflmvwmlvmmwvmmmmmm
634 404 905 422 wwmwmm
908 405 976 421 WUU
979 405 1117 421 mmmm
1122 407 1134 422 ἱ
1138 405 1253 422 vmwu
1257 404 1462 422 ἋΜΜΝΜΜ

591 583 819 635 LIBER
866 583 942 635 II.

102 807 252 854 ACTA
282 807 407 855 CUM
434 808 638 855 FELICE
669 808 994 854 MANICHAEO
1025 807 1286 853 SECUNDA
1318 808 1432 851 DIE.

132 1034 167 1075 I.
203 1032 306 1076 CUM
328 1039 509 1075 ventum
530 1041 639 1075 esset
661 1031 715 1075 ad
736 1030 852 1075 diem
874 1031 1191 1091 praestitutum,
1223 1030 1267 1074 id
1290 1040 1374 1085 est,
1411 1030 1468 1075 ad

71 1102 210 1162 pridie
233 1101 394 1146 Iduum
419 1103 742 1156 Decembrium,
779 1118 844 1146 res
874 1103 932 1146 sic
965 1102 1030 1160 agi
1059 1104 1193 1161 coepit
1212 1102 1258 1145 in
1288 1101 1467 1146 ecclesia

70 1174 201 1233 pacis.
227 1175 494 1232 Augustinus
516 1175 743 1233 episcopus
762 1173 965 1219 Ecclesiae
988 1174 1216 1218 catholicae
1238 1174 1469 1232 Hippone-

69 1245 329 1304 regiensium
353 1246 580 1304 regionum
598 1244 704 1288 dixit
724 1265 732 1290 :
760 1245 933 1289 Pridem
951 1260 1051 1289 cum
1070 1260 1313 1289 sermonem
1332 1243 1464 1288 habe-

72 1330 232 1371 remus,
270 1314 525 1366 dilationem
554 1324 597 1359 te
626 1316 794 1375 petiisse
818 1316 1065 1371 meministi,
1093 1330 1193 1360 cum
1219 1316 1274 1359 ad
1293 1331 1340 1359 ea
1364 1331 1467 1375 quae

70 1386 436 1445 interrogaveram
454 1387 499 1430 in
516 1386 720 1446 praesenti
738 1387 998 1446 respondere
1017 1402 1105 1431 non
1124 1401 1282 1445 posses.
1302 1385 1345 1430 Si
1363 1401 1468 1444 ergo

70 1466 159 1502 tam
189 1457 279 1501 lato
305 1458 510 1517 temporis
531 1457 685 1517 spatio,
710 1466 807 1516 post
828 1457 944 1501 diem
966 1457 1129 1503 scilicet
1151 1457 1359 1517 quintum
1382 1456 1465 1500 ali-

69 1528 175 1589 quid
188 1529 453 1587 excogitasti,
471 1529 700 1588 responde.
718 1532 811 1573 Hoc
824 1529 938 1572 enim
954 1538 1059 1573 tunc
1071 1529 1439 1586 interrogaveram
1454 1547 1464 1573 ε

71 1600 112 1646 Si
146 1603 237 1644 Deo
264 1615 422 1645 nocere
461 1600 566 1644 nihil
604 1609 792 1660 poterat,
830 1616 966 1660 quare
1002 1598 1169 1644 bellum
1201 1599 1328 1657 gessit
1364 1612 1468 1643 cum

70 1680 222 1731 gente,
257 1687 390 1731 quam
424 1670 566 1715 dicitis
600 1671 877 1716 tenebrarum
895 1706 905 1726 ,
944 1671 988 1715 in
1021 1686 1111 1731 quo
1146 1669 1262 1714 bello
1296 1679 1468 1714 naturae

68 1741 320 1787 daemonum
343 1742 539 1786 misceret
561 1742 845 1787 substantiam
870 1758 1008 1797 suam,
1035 1757 1134 1802 quae
1156 1742 1240 1786 hoc
1263 1750 1326 1785 est
1345 1740 1466 1801 quod

68 1812 182 1872 ipse⁷
215 1813 327 1857 sicut
354 1814 445 1873 jam
478 1815 767 1870 interrogatus
800 1812 968 1856 dixisti?
1004 1814 1045 1857 Si
1078 1822 1224 1856 autem
1248 1827 1405 1856 nocere
1427 1811 1467 1854 ei

68 1893 254 1943 poterat,
274 1899 363 1928 non
380 1883 757 1942 incorruptibilem
775 1886 914 1927 Deum
932 1883 1088 1939 colitis,
1113 1882 1289 1944 qualem
1306 1882 1465 1927 veritas

69 1963 113 1999 et
129 1953 363 2014 apostolica
380 1954 578 2000 doctrina
595 1963 796 1999 testatur.

126 2028 233 2070 FEL.
268 2025 377 2070 dixit
393 2044 402 2071 z
418 2028 518 2070 «Ex
534 2041 623 2086 quo
636 2041 660 2069 a
677 2025 914 2070 Sanctitate
926 2027 1017 2069 Tua
1031 2025 1202 2079 recessi,
1217 2033 1266 2068 ut
1277 2023 1333 2068 ad
1348 2022 1467 2068 diem

0 2136 4 2143 .
69 2098 357 2143 constitutum
377 2112 572 2141 reversus
594 2112 746 2152 essem,
768 2105 817 2140 ut
834 2095 1140 2155 responderem
1164 2104 1251 2139 tuae
1273 2095 1466 2139 interro-

69 2170 248 2228 gationi,
283 2184 576 2230 quaecumque
606 2167 738 2214 velles
772 2168 1062 2227 interrogare,
1096 2175 1278 2212 ventum
1313 2175 1378 2210 est
1409 2164 1466 2211 ad

68 2240 183 2284 diem
203 2259 213 2284 :
249 2248 292 2284 et
323 2240 426 2300 quia
468 2238 638 2283 nullam
676 2238 936 2298 scripturam
968 2239 1082 2282 inter
1119 2252 1275 2281 manus
1307 2236 1461 2291 habui,

68 2306 186 2371 quia'
200 2325 291 2354 non
323 2310 431 2354 mihi
462 2318 564 2353 sunt
596 2308 778 2353 redditae
799 2310 919 2353 unde
940 2325 1010 2353 me
1032 2309 1246 2352 instruere
1267 2322 1462 2368 possem3

68 2381 216 2427 nullus
238 2382 354 2426 enim
378 2380 434 2426 ad
455 2390 674 2426 certamen
695 2381 798 2436 exit,
837 2381 920 2425 nisi
949 2381 1068 2440 prius
1093 2380 1289 2425 munitus
1312 2378 1461 2435 fuerit,

70 2462 113 2499 et
135 2452 284 2499 nullus
306 2453 498 2513 litigator
518 2462 660 2513 potest
685 2453 777 2498 sine
801 2453 887 2498 suis
910 2453 1068 2498 chartis
1089 2451 1281 2511 litigare,
1312 2449 1464 2497 simili-

70 2531 137 2570 ter
153 2531 198 2570 et
211 2538 294 2583 ego
306 2524 400 2570 sine
415 2538 512 2570 mea
529 2524 739 2585 scriptura
754 2522 1015 2585 respondere
1031 2538 1122 2571 non
1140 2537 1370 2585 possum.»
