1803 3250
365 239 528 270 CONTRA
562 239 864 270 Anvssnsuumvi
898 242 1033 279 Lucis,
1069 243 1152 269 Lm.
1189 244 1219 268 1.
1403 231 1485 270 383

104 305 224 365 quod
241 306 453 366 obstrepit
468 308 632 351 vanitas
648 326 658 362 3
679 314 729 349 ut
745 320 846 349 cum
865 306 1150 364 respondetur
1163 306 1488 367 inquietissimae

103 376 310 431 vanitati,
336 376 604 421 auscultetur
625 375 918 420 sincerissimae
941 377 1126 421 veritati.

163 449 259 490 LII.
287 449 348 490 De
369 448 485 506 turpi
509 445 740 491 maledicto
760 445 903 503 arguit
931 447 1096 490 vanitas
1118 466 1126 492 ς
1151 446 1226 491 sed
1249 456 1376 507 turpe
1400 463 1489 492 non

104 532 208 572 esse,
221 517 482 576 quibusdam
497 518 626 560 rebus
642 516 843 575 turpibus
854 518 1085 560 nominatis
1099 518 1334 562 cavendam
1345 528 1490 563 osten-

103 588 205 632 dere
227 587 543 647 turpitudinem
565 623 576 643 ,
612 589 851 632 misericors
875 587 1039 632 indicat
1060 590 1215 633 veritas
1231 626 1242 644 ,
1278 601 1320 635 et
1343 607 1490 636 vecors

107 659 295 704 vincitur
317 660 496 703 vanitas.
523 660 628 704 Nam
649 657 703 702 de
721 658 839 717 turpi
856 658 1088 703 maledicto
1106 670 1246 719 potest
1264 678 1284 705 a
1302 662 1492 707 verbosis

104 731 244 790 impiis
268 729 527 789 reprehendi
549 740 592 773 et
613 729 834 789 apostolus
860 730 1034 786 Paulus,
1062 732 1135 775 ubi
1158 733 1215 775 ait
1241 751 1249 776 :
1275 752 1293 774 «
1320 734 1488 778 Utinam

107 820 126 842 »
152 810 196 845 et
218 800 532 845 abscindantur
552 801 628 861 qui
652 817 727 846 vos
749 802 1043 845 conturbantl
1066 821 1074 846 :
1097 821 1116 843 »
1143 802 1262 862 quod
1282 805 1358 846 etsi
1381 804 1492 848 bene

102 869 447 930 intelligentibus
464 871 711 916 benedictio
728 871 862 930 magis
878 882 1073 931 apparet,
1091 881 1140 916 ut
1157 873 1263 917 fiant
1281 874 1492 932 spadones

103 950 284 1000 propter
313 957 495 1001 regnum
519 942 759 1000 coelorum,
784 952 924 1002 potest
958 952 1101 987 tamen
1125 944 1295 1001 garrula
1324 946 1492 989 caecitas

103 1013 233 1056 etiarn
250 1013 295 1056 in
314 1011 521 1072 Apostolo
536 1014 620 1058 hoe
635 1013 966 1073 reprehendere,
988 1014 1258 1059 contendens
1272 1015 1390 1075 quod
1405 1032 1491 1060 non

102 1083 305 1128 debuerit
327 1100 415 1128 rem
439 1086 667 1129 honestam
691 1086 806 1144 turpi
831 1085 964 1129 verbo
981 1086 1224 1130 enuntiare.
1247 1090 1432 1131 Possunt
1450 1097 1491 1132 et

102 1155 244 1214 ipsum
272 1155 500 1198 Dominum
521 1190 531 1208 ,
558 1155 633 1214 qui
656 1154 847 1214 ejusdem
879 1156 1157 1200 continentiae
1181 1156 1345 1201 donum
1369 1174 1490 1202 eom-

103 1225 313 1270 mendans
353 1227 409 1270 ait
439 1246 447 1270 :
478 1229 625 1270 «Sunt
647 1227 719 1286 qui
751 1242 794 1270 se
834 1228 947 1286 ipsos
984 1238 1279 1273 castraverunt
1316 1240 1492 1289 propter

108 1315 126 1337 »
154 1311 336 1355 regnum
358 1295 568 1340 coelorum
582 1300 613 1340 2.
643 1318 658 1337 »
686 1299 858 1355 Legunt
875 1298 1038 1357 quippe
1061 1299 1125 1342 isti
1150 1298 1409 1344 litteriones:
1431 1302 1491 1344 sic

105 1366 220 1411 enim
244 1368 387 1426 potius
409 1383 539 1427 quam
570 1367 747 1411 litterati
784 1367 1031 1428 appellandi
1068 1379 1169 1413 sunt
1197 1371 1271 1430 qui
1302 1370 1489 1430 legendo

104 1436 331 1492 litteratos,
351 1438 458 1482 nihil
474 1453 621 1497 sapere
635 1437 883 1482 didicerunt
903 1458 911 1483 :
940 1439 1088 1497 legunt
1110 1456 1213 1499 ergo
1232 1440 1348 1500 apud
1365 1443 1488 1487 Cice--

107 1523 257 1552 ronem
290 1508 375 1552 tale
407 1507 599 1568 aliquid,
646 1509 762 1552 unde
797 1508 878 1552 sibi
916 1509 1146 1553 videantur
1175 1511 1304 1555 docte
1331 1513 1490 1558 Christi

106 1580 238 1622 verba
260 1579 436 1639 culpare
456 1615 466 1634 ,
499 1579 658 1639 perditi
693 1579 834 1638 potius
867 1595 996 1639 quam
1030 1580 1170 1638 periti.
1202 1580 1280 1625 Ille
1304 1598 1492 1642 namque

108 1665 206 1694 cum
229 1649 419 1704 doceret,
442 1651 485 1693 in
509 1649 788 1694 translatione
807 1650 1039 1694 verborum
1056 1652 1387 1696 obscoenitatem
1404 1669 1492 1698 csse

106 1720 328 1764 vitandam
350 1739 358 1765 ;
384 1720 516 1775 Nolo,
540 1720 706 1779 inquit,
729 1718 813 1763 dici
830 1755 840 1773 ,
876 1729 1014 1764 morte
1039 1721 1230 1765 Africani
1263 1732 1491 1767 castratam

106 1806 195 1834 esse
219 1790 533 1850 rempublicam
549 1792 580 1833 3.
619 1790 702 1834 Sed
723 1791 757 1833 si
787 1790 870 1834 hoe
898 1792 1080 1835 verbum
1114 1792 1204 1852 ipse
1227 1793 1347 1854 quod
1368 1794 1493 1838 vitari

106 1861 297 1917 volebat,
315 1870 364 1905 ut
375 1859 602 1905 vitandum
625 1860 888 1915 ostenderet,
914 1877 1002 1905 non
1022 1863 1187 1919 vitavit,
1209 1874 1252 1908 et
1269 1865 1388 1924 quod
1407 1865 1493 1910 dici

107 1932 274 1988 noluit,
299 1941 473 1978 coactus
495 1941 558 1976 est
579 1931 750 1989 dicere,
782 1944 949 1992 quanto
981 1934 1114 1992 magis
1146 1951 1210 1979 res
1233 1953 1331 1996 quae
1359 1937 1493 1982 verbo

107 2005 261 2049 eodem
286 2013 400 2049 recte
421 2003 710 2062 significatur,
736 2013 786 2046 ut
818 2005 872 2047 ab
895 2005 1101 2049 audiente
1128 2008 1260 2065 possit
1283 2006 1488 2067 intelligi,

105 2091 184 2119 suo
206 2075 341 2120 verbo
363 2075 645 2118 enuntiatur?
667 2078 811 2134 Atque
829 2084 875 2118 ut
900 2075 954 2118 ad
976 2074 1086 2118 illud
1110 2076 1350 2133 redeamus,
1373 2080 1492 2139 quod

107 2145 185 2190 iste
206 2150 251 2190 in
274 2145 612 2190 Deuteronomio
636 2145 913 2204 reprehendit
936 2164 944 2189 :
971 2146 1006 2188 si
1028 2147 1180 2191 Cicero
1203 2149 1266 2191 vir
1288 2148 1490 2210 eloquen-

107 2217 292 2262 tissimus
314 2226 357 2262 et
372 2217 606 2261 verborum
629 2216 976 2274 vigilantissimus
1000 2233 1212 2277 appensor
1235 2229 1278 2263 et
1301 2236 1486 2277 mensor,

104 2289 224 2349 quod
247 2287 333 2333 dici
349 2287 506 2344 noluit,
529 2287 652 2343 dixit,
674 2303 728 2332 ne
745 2287 963 2332 diceretur
984 2307 992 2332 :
1019 2299 1185 2348 quanto
1206 2291 1358 2335 melius
1375 2295 1488 2341 Deus

107 2361 238 2418 magis
271 2375 438 2404 morum
468 2375 599 2420 quam
622 2359 857 2405 verborum
887 2360 1259 2419 pulchritudinem
1289 2380 1488 2423 quaerens

105 2442 236 2491 atque
254 2431 538 2485 munditiam,
566 2441 691 2490 turpe
713 2431 878 2491 aliquid
901 2449 990 2476 non
1010 2433 1225 2492 turpiter,
1250 2437 1323 2479 sed
1349 2437 1489 2480 mina-

105 2502 212 2545 citer
234 2501 367 2557 dixit,
399 2511 448 2546 ut
471 2503 554 2547 hoc
587 2504 862 2556 horreretur,
890 2519 943 2546 ne
972 2501 1084 2547 illud
1113 2509 1486 2562 committeretur,

158 2594 161 2601 “
186 2585 252 2618 Gal.
272 2597 304 2628 v,
326 2594 376 2616 12.
396 2602 433 2607 ν-
448 2592 460 2608 ²
479 2586 592 2618 Matth-
616 2596 679 2626 xix,
702 2595 749 2619 12.
769 2603 803 2608 ——-
821 2585 831 2607 3
851 2586 953 2618 nicer.
971 2587 1010 2619 de
1029 2588 1176 2620 Oratore.
