1803 3250
402 203 565 232 comam
600 204 813 243 FAUSTUM,
851 208 932 234 Lis.
972 209 1092 236 xxxi.
1359 204 1435 241 161

59 269 355 315 christianum.
394 289 412 313 κ
434 274 593 317 Omnes
610 272 723 316 enirn
739 272 857 331 apud
880 289 971 329 vos,
988 284 1037 319 ut
1051 283 1205 320 caetera
1220 278 1437 334 reticeam,

61 359 80 383 »
108 341 336 387 morticina
351 351 493 387 tamen
507 353 549 387 et
566 343 785 388 immolata
798 343 1178 403 inquinamentum
1196 349 1442 395 existimant

62 430 81 452 υ
109 427 198 456 esse
231 428 320 457 non
352 415 590 473 parvum1:
624 434 640 454 »
680 423 755 458 aut
783 414 817 457 si
847 424 891 458 et
923 430 945 458 a
979 416 1214 476 vohisjure
1244 420 1442 465 christia-

57 483 202 527 nitatis
230 484 312 529 hoe
346 484 503 542 agitur,
531 499 584 528 ne
605 485 733 544 hujus
769 485 949 544 quidem
971 501 1073 545 ergo
1104 488 1321 546 religionis
1343 508 1440 536 sen-

59 553 192 598 tentia
213 563 296 609 est,
331 569 431 614 quae
462 569 637 598 omnem
672 555 843 614 penitus
865 555 1190 601 immundorum
1217 559 1440 606 abstinen-

58 624 160 668 tiam
189 623 317 669 tollit.
350 627 569 678 Quorsum
592 641 694 684 ergo
724 643 746 670 a
775 626 909 671 Paulo
941 627 985 670 id
1018 628 1102 672 dici
1125 630 1294 688 potuit,
1320 634 1440 691 quod

56 694 166 738 nulli
203 696 256 740 sit
299 694 495 755 religioni
539 697 835 741 conveniens?
873 698 1045 742 Etenim
1082 701 1315 758 Apostolus
1353 718 1439 747 non

59 775 144 810 tam
180 766 430 823 religionem
469 767 585 812 exuit
605 803 615 822 ,
663 783 795 828 quam
834 769 963 812 ritum
1003 770 1187 814 mutavit
1207 805 1217 823 ,
1250 787 1350 815 cum
1392 788 1442 817 ex

55 836 211 881 Judaeo
236 835 376 881 faetus
394 847 458 881 est
479 838 764 884 Christianus.
791 842 848 885 At
872 854 974 884 vero
997 840 1072 899 qui
1095 840 1178 884 hoc
1200 842 1441 901 capitulum

55 907 242 966 scripsit,
280 906 452 951 videtur
486 906 559 952 ille
583 909 688 952 mihi
724 908 844 953 nulla
869 925 1041 968 prorsus
1075 909 1281 968 religione
1312 911 1444 958 fuisse

55 977 280 1021 subnixus.
303 995 322 1018 »

115 1051 196 1093 III.
237 1067 256 1090 «
274 1051 547 1109 Quapropter
565 1050 598 1094 si
616 1050 723 1110 quid
740 1050 795 1094 de
810 1059 968 1094 caetero
981 1051 1026 1094 in
1043 1050 1264 1096 laesionem
1283 1062 1442 1098 nostrae

55 1118 156 1165 fidei
178 1117 232 1162 de
258 1119 489 1177 Scripturis
512 1129 756 1178 quaerentes
774 1120 1022 1164 inveneritis
1038 1156 1048 1176 ,
1076 1130 1182 1166 tunc
1201 1121 1378 1167 demum
1398 1124 1443 1168 id

55 1190 180 1236 nobis
208 1204 429 1249 opponere
459 1198 750 1245 mementote,
785 1205 885 1234 cum
913 1190 1036 1234 vobis
1060 1192 1330 1251 pervideritis
1354 1209 1443 1238 non

53 1279 142 1307 esse
163 1259 428 1307 contrarium
448 1280 457 1305 ;
483 1260 856 1320 quemadmodum
878 1270 922 1305 et
942 1261 1068 1317 illud,
1095 1263 1216 1322 quod
1233 1263 1288 1308 de
1313 1268 1443 1309 Petro

53 1333 199 1379 soletis
227 1331 399 1387 afferre,
426 1340 635 1392 tanquam
664 1330 781 1375 idem
808 1331 962 1376 viderit
991 1332 1229 1393 aliquando
1253 1334 1307 1378 de
1330 1336 1444 1380 coelo

53 1404 288 1450 demissum
310 1419 408 1459 vas,
433 1403 478 1446 in
500 1419 589 1463 quo
606 1412 748 1447 essent
772 1403 917 1448 omnia
941 1418 1097 1462 genera
1126 1405 1379 1450 animalium
1402 1417 1446 1451 et

53 1484 302 1535 serpentes·⁷
329 1483 459 1534 atque
482 1489 533 1518 eo
557 1474 742 1518 attonito
765 1483 808 1518 et
831 1473 1092 1526 admirante,
1114 1491 1197 1521 vox
1221 1476 1369 1521 audita
1391 1478 1447 1522 sit

53 1546 201 1591 dicens
225 1545 280 1590 ad
296 1560 397 1589 eum
417 1564 426 1589 :
458 1563 474 1584 «
494 1548 635 1599 Petre,
659 1545 876 1604 quidquid
893 1545 937 1589 in
954 1561 1054 1590 vase
1068 1546 1203 1601 vides,
1228 1557 1384 1604 macta,
1401 1557 1445 1592 et

56 1636 76 1659 »
99 1616 313 1662 manduca
325 1619 356 1659 2.
395 1615 477 1661 Cui
499 1615 614 1659 idem
635 1614 898 1674 respondens
919 1635 926 1660 :
956 1617 1139 1661 Domine
1154 1653 1164 1671 ,
1189 1633 1439 1672 commune,

54 1707 75 1731 »
96 1687 256 1747 inquit,
277 1696 320 1731 et
342 1684 621 1730 immundum
642 1701 731 1730 non
755 1687 1021 1744 contingam.
1042 1689 1098 1731 Et
1114 1688 1272 1732 iterum
1287 1704 1370 1733 vox
1388 1689 1443 1733 ad

55 1778 74 1801 υ
96 1774 197 1803 eum
219 1777 227 1802 :
253 1755 382 1811 Quod
399 1771 480 1814 ego
496 1756 775 1810 sanctificavi,
801 1756 1079 1801 immundum
1101 1773 1156 1801 ne
1173 1759 1439 1804 vocaveris.»

52 1829 184 1886 Quod
203 1827 383 1889 quidem
396 1828 536 1887 ipsum
551 1826 653 1872 lieet
666 1836 708 1871 et
728 1843 804 1886 per
823 1827 1071 1886 allegoriam
1086 1829 1203 1873 aliud
1215 1830 1440 1890 quiddam,

52 1912 96 1946 et
117 1917 206 1946 non
228 1899 568 1944 indifferentiam
591 1899 787 1943 videatur
802 1899 1041 1956 significare
1058 1900 1274 1956 ciborum,
1297 1911 1445 1946 tamen

51 1973 156 2034 quia
176 1971 297 2017 vobis
325 1979 368 2014 et
394 1971 478 2014 hoe
501 1970 559 2013 ita
581 1967 824 2028 intelligere
856 1969 995 2028 placet
1024 1991 1032 2014 ι
1058 1972 1291 2016 vescamini
1314 1973 1444 2031 igitur

52 2059 226 2089 necesse
239 2051 303 2087 est
318 2041 473 2101 passim
491 2039 647 2085 belluis
667 2041 886 2096 omnibus,
909 2050 951 2085 et
967 2041 1159 2086 echidnis
1176 2053 1218 2086 et
1232 2043 1440 2098 colubris,

53 2133 102 2161 ae
125 2115 293 2175 reliquo
326 2113 445 2159 omni
481 2128 637 2172 genere
675 2113 923 2172 serpentino
953 2114 1076 2173 juxta
1106 2114 1283 2158 horama
1307 2114 1438 2159 Petri.

56 2191 274 2233 Hactenus
303 2186 417 2230 enim
445 2200 545 2229 vere
574 2184 690 2229 dicto
718 2184 942 2229 audientes
973 2200 1048 2230 vos
1082 2200 1171 2229 esse
1207 2187 1443 2245 probabitis

53 2260 174 2314 voci,
203 2273 336 2319 quam
370 2255 508 2301 fertur
536 2256 703 2301 audisse
727 2276 735 2301 ε
760 2266 802 2301 et
825 2268 971 2301 tamen
994 2257 1120 2317 hujus
1149 2273 1327 2318 quoque
1348 2274 1441 2303 me<

52 2331 263 2376 mineritis
284 2344 469 2387 semper,
494 2329 597 2388 quia
615 2331 786 2386 Moyses
811 2329 912 2373 hinc
931 2337 972 2372 et
992 2329 1221 2388 Prophetae
1245 2329 1442 2375 damnati

53 2410 177 2456 sunt,
209 2400 285 2460 qui
307 2400 362 2442 de
384 2399 432 2442 iis
455 2414 554 2458 quae
576 2399 906 2443 sanctificaverit
935 2403 1043 2443 Deus
1061 2401 1183 2458 juxta
1214 2402 1330 2446 vocis
1353 2402 1441 2445 hu-

50 2474 122 2534 jus
144 2469 416 2524 sententiam,
442 2469 575 2513 multa
600 2470 848 2529 putaverint
866 2485 954 2514 esse
974 2469 1155 2530 polluta.
1179 2489 1198 2512 »

101 2560 111 2578 ¹
130 2559 201 2589 Act.
223 2567 278 2597 xv,
299 2564 352 2597 ας).
369 2571 411 2578 -
428 2562 439 2577 ²
462 2553 630 2596 ld.x‚1ii.

244 2620 433 2651 cxxxvl.
1209 2614 1248 2651 11
