<?xml version="1.0" encoding="UTF-8"?>
<!DOCTYPE html PUBLIC "-//W3C//DTD XHTML 1.0 Transitional//EN"
    "http://www.w3.org/TR/xhtml1/DTD/xhtml1-transitional.dtd">
<html xmlns="http://www.w3.org/1999/xhtml" xml:lang="en" lang="en">
 <head>
  <title>
</title>
<meta http-equiv="Content-Type" content="text/html;charset=utf-8" />
  <meta name='ocr-system' content='tesseract 3.04.00' />
  <meta name='ocr-capabilities' content='ocr_page ocr_carea ocr_par ocr_line ocrx_word'/>
</head>
<body>
  <div class='ocr_page' id='page_1' title='image "./operaomniaaccura29auguuoft/operaomniaaccura29auguuoft_0474.png"; bbox 0 0 1803 3250; ppageno 0'>
   <div class='ocr_carea' id='block_1_1' title="bbox 320 220 1266 258">
    <p class='ocr_par' dir='ltr' id='par_1_1' title="bbox 320 220 1266 258">
     <span class='ocr_line' id='line_1_1' title="bbox 320 220 1266 258; baseline -0.002 0"><span class='ocrx_word' id='word_1_1' title='bbox 320 220 401 258; x_wconf 75' lang='lat'>464</span> <span class='ocrx_word' id='word_1_2' title='bbox 750 226 783 254; x_wconf 86' lang='lat' dir='ltr'>s.</span> <span class='ocrx_word' id='word_1_3' title='bbox 821 226 1051 256; x_wconf 64' lang='lat' dir='ltr'>mausum</span> <span class='ocrx_word' id='word_1_4' title='bbox 1085 229 1266 256; x_wconf 77' lang='lat' dir='ltr'>El&#39;lseol‘l</span> 
     </span>
    </p>
   </div>
   <div class='ocr_carea' id='block_1_2' title="bbox 315 293 1728 2564">
    <p class='ocr_par' dir='ltr' id='par_1_2' title="bbox 315 293 1708 410">
     <span class='ocr_line' id='line_1_2' title="bbox 315 293 1708 353; baseline -0.001 -13"><span class='ocrx_word' id='word_1_5' title='bbox 315 297 370 340; x_wconf 85' lang='lat' dir='ltr'>de</span> <span class='ocrx_word' id='word_1_6' title='bbox 392 295 563 340; x_wconf 90' lang='lat' dir='ltr'>Christo</span> <span class='ocrx_word' id='word_1_7' title='bbox 583 293 747 336; x_wconf 85' lang='lat' dir='ltr'>dietum</span> <span class='ocrx_word' id='word_1_8' title='bbox 770 302 833 336; x_wconf 88' lang='lat' dir='ltr'>est</span> <span class='ocrx_word' id='word_1_9' title='bbox 855 309 878 337; x_wconf 89' lang='lat' dir='ltr'>a</span> <span class='ocrx_word' id='word_1_10' title='bbox 904 295 1074 338; x_wconf 88' lang='lat' dir='ltr'>Joanne</span> <span class='ocrx_word' id='word_1_11' title='bbox 1092 293 1290 353; x_wconf 84' lang='lat' dir='ltr'>apostolo</span> <span class='ocrx_word' id='word_1_12' title='bbox 1309 309 1318 335; x_wconf 89' lang='lat'><strong>:</strong></span> <span class='ocrx_word' id='word_1_13' title='bbox 1343 311 1363 336; x_wconf 90' lang='lat'>«</span> <span class='ocrx_word' id='word_1_14' title='bbox 1386 297 1482 353; x_wconf 88' lang='lat' dir='ltr'>lpse</span> <span class='ocrx_word' id='word_1_15' title='bbox 1499 302 1562 338; x_wconf 90' lang='lat' dir='ltr'>est</span> <span class='ocrx_word' id='word_1_16' title='bbox 1579 309 1708 339; x_wconf 87' lang='lat' dir='ltr'>verus</span> 
     </span>
     <span class='ocr_line' id='line_1_3' title="bbox 323 364 921 410; baseline -0.003 0"><span class='ocrx_word' id='word_1_17' title='bbox 323 388 338 406; x_wconf 63' lang='grc' dir='ltr'>ι»</span> <span class='ocrx_word' id='word_1_18' title='bbox 366 370 479 410; x_wconf 88' lang='lat' dir='ltr'>Deus</span> <span class='ocrx_word' id='word_1_19' title='bbox 502 373 544 409; x_wconf 90' lang='lat' dir='ltr'>et</span> <span class='ocrx_word' id='word_1_20' title='bbox 567 364 654 408; x_wconf 90' lang='lat' dir='ltr'>vita</span> <span class='ocrx_word' id='word_1_21' title='bbox 672 373 834 408; x_wconf 83' lang='lat' dir='ltr'>aeterna</span> <span class='ocrx_word' id='word_1_22' title='bbox 850 367 879 408; x_wconf 83' lang='lat'>¹.</span> <span class='ocrx_word' id='word_1_23' title='bbox 901 383 921 407; x_wconf 65' lang='grc' dir='ltr'><strong>η</strong></span> 
     </span>
    </p>

    <p class='ocr_par' dir='ltr' id='par_1_3' title="bbox 316 435 1727 2354">
     <span class='ocr_line' id='line_1_4' title="bbox 380 435 1712 482; baseline 0.002 -2"><span class='ocrx_word' id='word_1_24' title='bbox 380 440 434 480; x_wconf 91' lang='lat' dir='ltr'>ll.</span> <span class='ocrx_word' id='word_1_25' title='bbox 474 440 582 480; x_wconf 76' lang='lat' dir='ltr'>Item</span> <span class='ocrx_word' id='word_1_26' title='bbox 605 451 705 480; x_wconf 85' lang='lat' dir='ltr'>cum</span> <span class='ocrx_word' id='word_1_27' title='bbox 720 435 874 480; x_wconf 88' lang='lat' dir='ltr'>dieunt</span> <span class='ocrx_word' id='word_1_28' title='bbox 891 437 1115 482; x_wconf 78' lang='lat' dir='ltr'>Christum</span> <span class='ocrx_word' id='word_1_29' title='bbox 1137 456 1157 480; x_wconf 93' lang='lat'>«</span> <span class='ocrx_word' id='word_1_30' title='bbox 1177 436 1404 482; x_wconf 81' lang='lat' dir='ltr'>voluntate</span> <span class='ocrx_word' id='word_1_31' title='bbox 1425 437 1501 482; x_wconf 90' lang='lat' dir='ltr'>Dei</span> <span class='ocrx_word' id='word_1_32' title='bbox 1515 446 1558 481; x_wconf 86' lang='lat' dir='ltr'>et</span> <span class='ocrx_word' id='word_1_33' title='bbox 1576 437 1712 482; x_wconf 87' lang='lat' dir='ltr'>Patris</span> 
     </span>
     <span class='ocr_line' id='line_1_5' title="bbox 316 507 1713 567; baseline 0.001 -17"><span class='ocrx_word' id='word_1_34' title='bbox 316 509 380 551; x_wconf 87' lang='lat' dir='ltr'>sui</span> <span class='ocrx_word' id='word_1_35' title='bbox 411 517 510 551; x_wconf 87' lang='lat' dir='ltr'>aute</span> <span class='ocrx_word' id='word_1_36' title='bbox 539 507 684 551; x_wconf 82' lang='lat' dir='ltr'>omnia</span> <span class='ocrx_word' id='word_1_37' title='bbox 706 507 863 552; x_wconf 82' lang='lat' dir='ltr'>saecula</span> <span class='ocrx_word' id='word_1_38' title='bbox 888 509 1194 564; x_wconf 84' lang='lat' dir='ltr'>constitutum,</span> <span class='ocrx_word' id='word_1_39' title='bbox 1221 530 1236 549; x_wconf 89' lang='lat'>»</span> <span class='ocrx_word' id='word_1_40' title='bbox 1269 517 1487 567; x_wconf 81' lang='lat' dir='ltr'>eoguntur</span> <span class='ocrx_word' id='word_1_41' title='bbox 1514 508 1713 554; x_wconf 84' lang='lat' dir='ltr'>confiteri</span> 
     </span>
     <span class='ocr_line' id='line_1_6' title="bbox 317 579 1715 641; baseline 0 -18"><span class='ocrx_word' id='word_1_42' title='bbox 317 580 477 624; x_wconf 86' lang='lat' dir='ltr'>Filium</span> <span class='ocrx_word' id='word_1_43' title='bbox 513 580 627 623; x_wconf 82' lang='lat' dir='ltr'>Patri</span> <span class='ocrx_word' id='word_1_44' title='bbox 659 595 748 623; x_wconf 88' lang='lat' dir='ltr'>esse</span> <span class='ocrx_word' id='word_1_45' title='bbox 782 589 1066 625; x_wconf 84' lang='lat' dir='ltr'>coaeternum.</span> <span class='ocrx_word' id='word_1_46' title='bbox 1105 581 1148 626; x_wconf 90' lang='lat' dir='ltr'>Si</span> <span class='ocrx_word' id='word_1_47' title='bbox 1182 581 1298 625; x_wconf 87' lang='lat' dir='ltr'>enim</span> <span class='ocrx_word' id='word_1_48' title='bbox 1332 579 1567 641; x_wconf 85' lang='lat' dir='ltr'>aliquando</span> <span class='ocrx_word' id='word_1_49' title='bbox 1588 584 1715 625; x_wconf 88' lang='lat' dir='ltr'>Pater</span> 
     </span>
     <span class='ocr_line' id='line_1_7' title="bbox 316 650 1716 712; baseline 0.001 -18"><span class='ocrx_word' id='word_1_50' title='bbox 316 652 408 695; x_wconf 87' lang='lat' dir='ltr'>sine</span> <span class='ocrx_word' id='word_1_51' title='bbox 430 650 538 695; x_wconf 87' lang='lat' dir='ltr'>Filio</span> <span class='ocrx_word' id='word_1_52' title='bbox 557 651 663 706; x_wconf 84' lang='lat' dir='ltr'>fuit,</span> <span class='ocrx_word' id='word_1_53' title='bbox 691 661 781 696; x_wconf 87' lang='lat' dir='ltr'>erat</span> <span class='ocrx_word' id='word_1_54' title='bbox 805 662 905 697; x_wconf 86' lang='lat' dir='ltr'>ante</span> <span class='ocrx_word' id='word_1_55' title='bbox 929 652 1088 696; x_wconf 88' lang='lat' dir='ltr'>Filium</span> <span class='ocrx_word' id='word_1_56' title='bbox 1114 652 1293 712; x_wconf 84' lang='lat' dir='ltr'>aliquod</span> <span class='ocrx_word' id='word_1_57' title='bbox 1313 661 1500 711; x_wconf 87' lang='lat' dir='ltr'>tempus,</span> <span class='ocrx_word' id='word_1_58' title='bbox 1524 667 1612 711; x_wconf 89' lang='lat' dir='ltr'>quo</span> <span class='ocrx_word' id='word_1_59' title='bbox 1634 655 1716 696; x_wconf 88' lang='lat' dir='ltr'>Pa-</span> 
     </span>
     <span class='ocr_line' id='line_1_8' title="bbox 320 721 1714 782; baseline 0 -15"><span class='ocrx_word' id='word_1_60' title='bbox 320 732 382 767; x_wconf 79' lang='lat' dir='ltr'>ter</span> <span class='ocrx_word' id='word_1_61' title='bbox 403 722 495 766; x_wconf 77' lang='lat' dir='ltr'>sine</span> <span class='ocrx_word' id='word_1_62' title='bbox 518 721 593 767; x_wconf 89' lang='lat' dir='ltr'>illo</span> <span class='ocrx_word' id='word_1_63' title='bbox 615 722 732 767; x_wconf 87' lang='lat' dir='ltr'>solus</span> <span class='ocrx_word' id='word_1_64' title='bbox 754 722 856 768; x_wconf 86' lang='lat' dir='ltr'>fuit.</span> <span class='ocrx_word' id='word_1_65' title='bbox 884 726 940 767; x_wconf 89' lang='lat' dir='ltr'>Et</span> <span class='ocrx_word' id='word_1_66' title='bbox 962 723 1186 782; x_wconf 81' lang='lat' dir='ltr'>quomodo</span> <span class='ocrx_word' id='word_1_67' title='bbox 1208 732 1301 767; x_wconf 90' lang='lat' dir='ltr'>erat</span> <span class='ocrx_word' id='word_1_68' title='bbox 1325 732 1425 767; x_wconf 89' lang='lat' dir='ltr'>ante</span> <span class='ocrx_word' id='word_1_69' title='bbox 1460 723 1604 767; x_wconf 88' lang='lat' dir='ltr'>omnia</span> <span class='ocrx_word' id='word_1_70' title='bbox 1633 739 1714 767; x_wconf 83' lang='lat' dir='ltr'>sae-</span> 
     </span>
     <span class='ocr_line' id='line_1_9' title="bbox 317 792 1716 854; baseline 0.001 -16"><span class='ocrx_word' id='word_1_71' title='bbox 317 794 413 839; x_wconf 83' lang='lat' dir='ltr'>cula</span> <span class='ocrx_word' id='word_1_72' title='bbox 442 794 592 849; x_wconf 75' lang='lat' dir='ltr'>Filius,</span> <span class='ocrx_word' id='word_1_73' title='bbox 619 804 718 838; x_wconf 84' lang='lat' dir='ltr'>ante</span> <span class='ocrx_word' id='word_1_74' title='bbox 741 809 872 854; x_wconf 86' lang='lat' dir='ltr'>quem</span> <span class='ocrx_word' id='word_1_75' title='bbox 898 793 981 837; x_wconf 91' lang='lat' dir='ltr'>fuit</span> <span class='ocrx_word' id='word_1_76' title='bbox 1005 802 1176 852; x_wconf 88' lang='lat' dir='ltr'>tempus</span> <span class='ocrx_word' id='word_1_77' title='bbox 1197 810 1286 854; x_wconf 87' lang='lat' dir='ltr'>quo</span> <span class='ocrx_word' id='word_1_78' title='bbox 1308 794 1399 838; x_wconf 89' lang='lat' dir='ltr'>sine</span> <span class='ocrx_word' id='word_1_79' title='bbox 1423 792 1498 839; x_wconf 91' lang='lat' dir='ltr'>illo</span> <span class='ocrx_word' id='word_1_80' title='bbox 1521 803 1614 839; x_wconf 84' lang='lat' dir='ltr'>erat</span> <span class='ocrx_word' id='word_1_81' title='bbox 1632 798 1716 839; x_wconf 91' lang='lat' dir='ltr'>Pa-</span> 
     </span>
     <span class='ocr_line' id='line_1_10' title="bbox 321 864 1717 924; baseline 0 -14"><span class='ocrx_word' id='word_1_82' title='bbox 321 875 383 910; x_wconf 91' lang='lat' dir='ltr'>ter</span> <span class='ocrx_word' id='word_1_83' title='bbox 396 868 413 907; x_wconf 72' lang='grc' dir='ltr'>’ἲ</span> <span class='ocrx_word' id='word_1_84' title='bbox 440 869 570 909; x_wconf 89' lang='lat' dir='ltr'>Porro</span> <span class='ocrx_word' id='word_1_85' title='bbox 596 867 629 908; x_wconf 91' lang='lat' dir='ltr'>si</span> <span class='ocrx_word' id='word_1_86' title='bbox 646 875 746 910; x_wconf 86' lang='lat' dir='ltr'>ante</span> <span class='ocrx_word' id='word_1_87' title='bbox 771 864 914 909; x_wconf 87' lang='lat' dir='ltr'>omnia</span> <span class='ocrx_word' id='word_1_88' title='bbox 939 873 1136 924; x_wconf 83' lang='lat' dir='ltr'>tempora</span> <span class='ocrx_word' id='word_1_89' title='bbox 1162 864 1298 910; x_wconf 88' lang='lat' dir='ltr'>Filius</span> <span class='ocrx_word' id='word_1_90' title='bbox 1321 874 1434 922; x_wconf 68' lang='lat' dir='ltr'>erat,</span> <span class='ocrx_word' id='word_1_91' title='bbox 1459 869 1575 921; x_wconf 87' lang='lat' dir='ltr'>(non</span> <span class='ocrx_word' id='word_1_92' title='bbox 1599 866 1717 910; x_wconf 91' lang='lat' dir='ltr'>enim</span> 
     </span>
     <span class='ocr_line' id='line_1_11' title="bbox 319 935 1715 997; baseline 0.001 -17"><span class='ocrx_word' id='word_1_93' title='bbox 319 936 442 980; x_wconf 83' lang='lat' dir='ltr'>aliter</span> <span class='ocrx_word' id='word_1_94' title='bbox 464 935 798 994; x_wconf 83' lang='lat' dir='ltr'>intelligendum</span> <span class='ocrx_word' id='word_1_95' title='bbox 817 945 896 990; x_wconf 84' lang='lat' dir='ltr'>est,</span> <span class='ocrx_word' id='word_1_96' title='bbox 921 955 941 978; x_wconf 92' lang='lat'>«</span> <span class='ocrx_word' id='word_1_97' title='bbox 955 938 1006 980; x_wconf 90' lang='lat' dir='ltr'>In</span> <span class='ocrx_word' id='word_1_98' title='bbox 1023 936 1240 997; x_wconf 81' lang='lat' dir='ltr'>principio</span> <span class='ocrx_word' id='word_1_99' title='bbox 1259 946 1350 981; x_wconf 87' lang='lat' dir='ltr'>erat</span> <span class='ocrx_word' id='word_1_100' title='bbox 1368 937 1589 995; x_wconf 79' lang='lat' dir='ltr'>Verbum3</span> <span class='ocrx_word' id='word_1_101' title='bbox 1613 955 1633 979; x_wconf 90' lang='lat'>»</span> <span class='ocrx_word' id='word_1_102' title='bbox 1656 945 1715 992; x_wconf 87' lang='lat' dir='ltr'>et,</span> 
     </span>
     <span class='ocr_line' id='line_1_12' title="bbox 322 1007 1719 1069; baseline 0.001 -20"><span class='ocrx_word' id='word_1_103' title='bbox 322 1028 341 1049; x_wconf 87' lang='lat'>«</span> <span class='ocrx_word' id='word_1_104' title='bbox 367 1007 523 1052; x_wconf 85' lang='lat' dir='ltr'>Omnia</span> <span class='ocrx_word' id='word_1_105' title='bbox 544 1023 620 1067; x_wconf 88' lang='lat' dir='ltr'>per</span> <span class='ocrx_word' id='word_1_106' title='bbox 645 1008 787 1066; x_wconf 90' lang='lat' dir='ltr'>ipsum</span> <span class='ocrx_word' id='word_1_107' title='bbox 810 1008 925 1052; x_wconf 82' lang='lat' dir='ltr'>facta</span> <span class='ocrx_word' id='word_1_108' title='bbox 943 1011 1069 1052; x_wconf 69' lang='lat' dir='ltr'>sunt²</span> <span class='ocrx_word' id='word_1_109' title='bbox 1085 1028 1096 1066; x_wconf 73' lang='lat'>3</span> <span class='ocrx_word' id='word_1_110' title='bbox 1114 1028 1132 1050; x_wconf 91' lang='lat'>»</span> <span class='ocrx_word' id='word_1_111' title='bbox 1159 1008 1263 1069; x_wconf 85' lang='lat' dir='ltr'>quia</span> <span class='ocrx_word' id='word_1_112' title='bbox 1280 1018 1323 1053; x_wconf 89' lang='lat' dir='ltr'>et</span> <span class='ocrx_word' id='word_1_113' title='bbox 1340 1018 1512 1068; x_wconf 89' lang='lat' dir='ltr'>tempus</span> <span class='ocrx_word' id='word_1_114' title='bbox 1530 1008 1622 1053; x_wconf 90' lang='lat' dir='ltr'>sine</span> <span class='ocrx_word' id='word_1_115' title='bbox 1641 1007 1719 1052; x_wconf 89' lang='lat' dir='ltr'>ali-</span> 
     </span>
     <span class='ocr_line' id='line_1_13' title="bbox 318 1078 1718 1140; baseline 0 -18"><span class='ocrx_word' id='word_1_116' title='bbox 318 1079 478 1139; x_wconf 81' lang='lat' dir='ltr'><strong>quibus</strong></span> <span class='ocrx_word' id='word_1_117' title='bbox 494 1087 707 1123; x_wconf 77' lang='lat' dir='ltr'>creaturae</span> <span class='ocrx_word' id='word_1_118' title='bbox 727 1079 918 1123; x_wconf 89' lang='lat' dir='ltr'>motibus</span> <span class='ocrx_word' id='word_1_119' title='bbox 936 1095 1024 1124; x_wconf 90' lang='lat' dir='ltr'>non</span> <span class='ocrx_word' id='word_1_120' title='bbox 1042 1088 1186 1140; x_wconf 88' lang='lat' dir='ltr'>potest</span> <span class='ocrx_word' id='word_1_121' title='bbox 1202 1095 1308 1135; x_wconf 85' lang='lat' dir='ltr'>esse,</span> <span class='ocrx_word' id='word_1_122' title='bbox 1329 1089 1372 1125; x_wconf 89' lang='lat' dir='ltr'>et</span> <span class='ocrx_word' id='word_1_123' title='bbox 1389 1080 1489 1125; x_wconf 92' lang='lat' dir='ltr'>ideo</span> <span class='ocrx_word' id='word_1_124' title='bbox 1506 1078 1718 1140; x_wconf 90' lang='lat' dir='ltr'>perillum</span> 
     </span>
     <span class='ocr_line' id='line_1_14' title="bbox 320 1149 1721 1212; baseline 0 -18"><span class='ocrx_word' id='word_1_125' title='bbox 320 1149 432 1194; x_wconf 75' lang='lat' dir='ltr'>facta</span> <span class='ocrx_word' id='word_1_126' title='bbox 449 1151 711 1195; x_wconf 84' lang='lat' dir='ltr'>confitemur</span> <span class='ocrx_word' id='word_1_127' title='bbox 729 1159 771 1194; x_wconf 91' lang='lat' dir='ltr'>et</span> <span class='ocrx_word' id='word_1_128' title='bbox 787 1159 984 1210; x_wconf 84' lang='lat' dir='ltr'>tempora</span> <span class='ocrx_word' id='word_1_129' title='bbox 996 1186 1006 1204; x_wconf 92' lang='lat'>,</span> <span class='ocrx_word' id='word_1_130' title='bbox 1026 1167 1102 1211; x_wconf 86' lang='lat' dir='ltr'>per</span> <span class='ocrx_word' id='word_1_131' title='bbox 1118 1168 1249 1212; x_wconf 83' lang='lat' dir='ltr'>quem</span> <span class='ocrx_word' id='word_1_132' title='bbox 1266 1151 1380 1197; x_wconf 86' lang='lat' dir='ltr'>facta</span> <span class='ocrx_word' id='word_1_133' title='bbox 1401 1160 1504 1196; x_wconf 87' lang='lat' dir='ltr'>sunt</span> <span class='ocrx_word' id='word_1_134' title='bbox 1521 1151 1666 1196; x_wconf 89' lang='lat' dir='ltr'>omnia</span> <span class='ocrx_word' id='word_1_135' title='bbox 1684 1152 1721 1208; x_wconf 91' lang='lat'>:)</span> 
     </span>
     <span class='ocr_line' id='line_1_15' title="bbox 320 1220 1720 1281; baseline 0.001 -17"><span class='ocrx_word' id='word_1_136' title='bbox 320 1221 475 1281; x_wconf 83' lang='lat' dir='ltr'>procul</span> <span class='ocrx_word' id='word_1_137' title='bbox 493 1220 630 1266; x_wconf 84' lang='lat' dir='ltr'>dubio</span> <span class='ocrx_word' id='word_1_138' title='bbox 652 1230 896 1267; x_wconf 67' lang='lat' dir='ltr'>coaeternus</span> <span class='ocrx_word' id='word_1_139' title='bbox 919 1231 982 1266; x_wconf 88' lang='lat' dir='ltr'>est</span> <span class='ocrx_word' id='word_1_140' title='bbox 1006 1223 1123 1267; x_wconf 88' lang='lat' dir='ltr'>Patri</span> <span class='ocrx_word' id='word_1_141' title='bbox 1143 1222 1278 1267; x_wconf 90' lang='lat' dir='ltr'>Filius</span> <span class='ocrx_word' id='word_1_142' title='bbox 1300 1242 1308 1268; x_wconf 90' lang='lat'>:</span> <span class='ocrx_word' id='word_1_143' title='bbox 1339 1242 1358 1265; x_wconf 93' lang='lat'>«</span> <span class='ocrx_word' id='word_1_144' title='bbox 1383 1223 1468 1268; x_wconf 87' lang='lat' dir='ltr'>Sed</span> <span class='ocrx_word' id='word_1_145' title='bbox 1491 1221 1720 1268; x_wconf 87' lang='lat' dir='ltr'>voluntate</span> 
     </span>
     <span class='ocr_line' id='line_1_16' title="bbox 322 1292 1721 1350; baseline 0.001 -14"><span class='ocrx_word' id='word_1_146' title='bbox 322 1294 456 1337; x_wconf 84' lang='lat' dir='ltr'>Patris</span> <span class='ocrx_word' id='word_1_147' title='bbox 492 1292 646 1337; x_wconf 86' lang='lat' dir='ltr'>dicunt</span> <span class='ocrx_word' id='word_1_148' title='bbox 686 1294 975 1339; x_wconf 86' lang='lat' dir='ltr'>constitutum</span> <span class='ocrx_word' id='word_1_149' title='bbox 995 1330 1005 1350; x_wconf 81' lang='lat'>‚</span> <span class='ocrx_word' id='word_1_150' title='bbox 1028 1312 1047 1335; x_wconf 90' lang='lat'>»</span> <span class='ocrx_word' id='word_1_151' title='bbox 1078 1294 1276 1339; x_wconf 82' lang='lat' dir='ltr'>nolentes</span> <span class='ocrx_word' id='word_1_152' title='bbox 1310 1294 1454 1339; x_wconf 85' lang='lat' dir='ltr'>dicere</span> <span class='ocrx_word' id='word_1_153' title='bbox 1484 1297 1625 1338; x_wconf 90' lang='lat' dir='ltr'>Deum</span> <span class='ocrx_word' id='word_1_154' title='bbox 1666 1294 1721 1337; x_wconf 91' lang='lat' dir='ltr'>de</span> 
     </span>
     <span class='ocr_line' id='line_1_17' title="bbox 322 1365 1721 1426; baseline 0 -17"><span class='ocrx_word' id='word_1_155' title='bbox 322 1369 410 1410; x_wconf 78' lang='lat' dir='ltr'>Deo</span> <span class='ocrx_word' id='word_1_156' title='bbox 433 1365 645 1426; x_wconf 75' lang='lat' dir='ltr'>aequalem</span> <span class='ocrx_word' id='word_1_157' title='bbox 676 1366 871 1424; x_wconf 84' lang='lat' dir='ltr'>genitum</span> <span class='ocrx_word' id='word_1_158' title='bbox 908 1376 1040 1426; x_wconf 82' lang='lat' dir='ltr'>atque</span> <span class='ocrx_word' id='word_1_159' title='bbox 1067 1376 1352 1411; x_wconf 75' lang='lat' dir='ltr'>coaeternum.</span> <span class='ocrx_word' id='word_1_160' title='bbox 1394 1369 1618 1426; x_wconf 87' lang='lat' dir='ltr'>Nusquam</span> <span class='ocrx_word' id='word_1_161' title='bbox 1649 1381 1721 1409; x_wconf 87' lang='lat' dir='ltr'>au-</span> 
     </span>
     <span class='ocr_line' id='line_1_18' title="bbox 322 1436 1722 1496; baseline -0.001 -15"><span class='ocrx_word' id='word_1_162' title='bbox 322 1446 408 1481; x_wconf 86' lang='lat' dir='ltr'>tem</span> <span class='ocrx_word' id='word_1_163' title='bbox 435 1436 590 1496; x_wconf 83' lang='lat' dir='ltr'>legunt</span> <span class='ocrx_word' id='word_1_164' title='bbox 622 1457 640 1479; x_wconf 90' lang='lat'>«</span> <span class='ocrx_word' id='word_1_165' title='bbox 666 1437 894 1482; x_wconf 84' lang='lat' dir='ltr'>voluntate</span> <span class='ocrx_word' id='word_1_166' title='bbox 918 1438 1052 1482; x_wconf 87' lang='lat' dir='ltr'>Patris</span> <span class='ocrx_word' id='word_1_167' title='bbox 1074 1437 1235 1481; x_wconf 88' lang='lat' dir='ltr'>Filium</span> <span class='ocrx_word' id='word_1_168' title='bbox 1266 1447 1366 1482; x_wconf 86' lang='lat' dir='ltr'>aute</span> <span class='ocrx_word' id='word_1_169' title='bbox 1395 1438 1542 1482; x_wconf 87' lang='lat' dir='ltr'>omnia</span> <span class='ocrx_word' id='word_1_170' title='bbox 1564 1436 1722 1482; x_wconf 82' lang='lat' dir='ltr'>saecula</span> 
     </span>
     <span class='ocr_line' id='line_1_19' title="bbox 321 1507 1723 1568; baseline -0.001 -16"><span class='ocrx_word' id='word_1_171' title='bbox 321 1509 625 1552; x_wconf 83' lang='lat' dir='ltr'>constitutum.</span> <span class='ocrx_word' id='word_1_172' title='bbox 654 1529 669 1547; x_wconf 94' lang='lat'>»</span> <span class='ocrx_word' id='word_1_173' title='bbox 701 1507 783 1552; x_wconf 90' lang='lat' dir='ltr'>Sed</span> <span class='ocrx_word' id='word_1_174' title='bbox 822 1509 905 1551; x_wconf 85' lang='lat' dir='ltr'>hoc</span> <span class='ocrx_word' id='word_1_175' title='bbox 940 1517 1167 1567; x_wconf 84' lang='lat' dir='ltr'>propterea</span> <span class='ocrx_word' id='word_1_176' title='bbox 1206 1508 1384 1564; x_wconf 77' lang='lat' dir='ltr'>dieunt,</span> <span class='ocrx_word' id='word_1_177' title='bbox 1426 1518 1475 1554; x_wconf 87' lang='lat' dir='ltr'>ut</span> <span class='ocrx_word' id='word_1_178' title='bbox 1500 1508 1618 1568; x_wconf 86' lang='lat' dir='ltr'>prior</span> <span class='ocrx_word' id='word_1_179' title='bbox 1646 1507 1723 1551; x_wconf 93' lang='lat' dir='ltr'>illo</span> 
     </span>
     <span class='ocr_line' id='line_1_20' title="bbox 321 1578 1724 1639; baseline 0.001 -17"><span class='ocrx_word' id='word_1_180' title='bbox 321 1578 520 1623; x_wconf 84' lang='lat' dir='ltr'>videatur</span> <span class='ocrx_word' id='word_1_181' title='bbox 542 1578 743 1623; x_wconf 84' lang='lat' dir='ltr'>voluntas</span> <span class='ocrx_word' id='word_1_182' title='bbox 767 1579 918 1631; x_wconf 85' lang='lat' dir='ltr'>Patris,</span> <span class='ocrx_word' id='word_1_183' title='bbox 945 1595 1031 1639; x_wconf 88' lang='lat' dir='ltr'>qua</span> <span class='ocrx_word' id='word_1_184' title='bbox 1048 1595 1151 1623; x_wconf 90' lang='lat' dir='ltr'>eum</span> <span class='ocrx_word' id='word_1_185' title='bbox 1168 1581 1458 1625; x_wconf 89' lang='lat' dir='ltr'>constitutum</span> <span class='ocrx_word' id='word_1_186' title='bbox 1473 1579 1643 1624; x_wconf 89' lang='lat' dir='ltr'>volunt.</span> <span class='ocrx_word' id='word_1_187' title='bbox 1667 1582 1724 1623; x_wconf 88' lang='lat' dir='ltr'>Et</span> 
     </span>
     <span class='ocr_line' id='line_1_21' title="bbox 323 1649 1723 1711; baseline -0.001 -17"><span class='ocrx_word' id='word_1_188' title='bbox 323 1651 641 1709; x_wconf 76' lang='lat' dir='ltr'>argumentatio</span> <span class='ocrx_word' id='word_1_189' title='bbox 674 1666 825 1695; x_wconf 90' lang='lat' dir='ltr'>eorum</span> <span class='ocrx_word' id='word_1_190' title='bbox 866 1649 962 1694; x_wconf 85' lang='lat' dir='ltr'>talis</span> <span class='ocrx_word' id='word_1_191' title='bbox 999 1666 1090 1695; x_wconf 81' lang='lat' dir='ltr'>esse</span> <span class='ocrx_word' id='word_1_192' title='bbox 1122 1651 1232 1696; x_wconf 90' lang='lat' dir='ltr'>solet</span> <span class='ocrx_word' id='word_1_193' title='bbox 1264 1652 1571 1711; x_wconf 82' lang='lat' dir='ltr'>:interrogant</span> <span class='ocrx_word' id='word_1_194' title='bbox 1607 1651 1723 1695; x_wconf 87' lang='lat' dir='ltr'>enim</span> 
     </span>
     <span class='ocr_line' id='line_1_22' title="bbox 325 1720 1725 1781; baseline 0.001 -16"><span class='ocrx_word' id='word_1_195' title='bbox 325 1731 472 1765; x_wconf 85' lang='lat' dir='ltr'>utrum</span> <span class='ocrx_word' id='word_1_196' title='bbox 497 1725 622 1766; x_wconf 84' lang='lat' dir='ltr'>Pater</span> <span class='ocrx_word' id='word_1_197' title='bbox 646 1721 807 1765; x_wconf 89' lang='lat' dir='ltr'>Filium</span> <span class='ocrx_word' id='word_1_198' title='bbox 831 1720 982 1766; x_wconf 89' lang='lat' dir='ltr'>volens</span> <span class='ocrx_word' id='word_1_199' title='bbox 1006 1738 1061 1766; x_wconf 89' lang='lat' dir='ltr'>an</span> <span class='ocrx_word' id='word_1_200' title='bbox 1086 1722 1239 1766; x_wconf 86' lang='lat' dir='ltr'>nolens</span> <span class='ocrx_word' id='word_1_201' title='bbox 1261 1724 1488 1781; x_wconf 65' lang='lat' dir='ltr'>genuerit,</span> <span class='ocrx_word' id='word_1_202' title='bbox 1512 1732 1562 1766; x_wconf 90' lang='lat' dir='ltr'>ut</span> <span class='ocrx_word' id='word_1_203' title='bbox 1580 1722 1613 1766; x_wconf 89' lang='lat' dir='ltr'>si</span> <span class='ocrx_word' id='word_1_204' title='bbox 1636 1738 1725 1766; x_wconf 85' lang='lat' dir='ltr'>res-</span> 
     </span>
     <span class='ocr_line' id='line_1_23' title="bbox 324 1793 1725 1854; baseline 0 -16"><span class='ocrx_word' id='word_1_205' title='bbox 324 1809 511 1853; x_wconf 85' lang='lat' dir='ltr'>ponsum</span> <span class='ocrx_word' id='word_1_206' title='bbox 541 1793 673 1838; x_wconf 86' lang='lat' dir='ltr'>fuerit</span> <span class='ocrx_word' id='word_1_207' title='bbox 711 1793 832 1854; x_wconf 84' lang='lat' dir='ltr'>quod</span> <span class='ocrx_word' id='word_1_208' title='bbox 868 1793 1019 1838; x_wconf 89' lang='lat' dir='ltr'>volens</span> <span class='ocrx_word' id='word_1_209' title='bbox 1053 1795 1268 1854; x_wconf 74' lang='lat' dir='ltr'>genuerit,</span> <span class='ocrx_word' id='word_1_210' title='bbox 1301 1795 1480 1840; x_wconf 87' lang='lat' dir='ltr'>dicant:</span> <span class='ocrx_word' id='word_1_211' title='bbox 1507 1794 1629 1839; x_wconf 81' lang='lat' dir='ltr'>Prior</span> <span class='ocrx_word' id='word_1_212' title='bbox 1661 1803 1725 1838; x_wconf 89' lang='lat' dir='ltr'>est</span> 
     </span>
     <span class='ocr_line' id='line_1_24' title="bbox 324 1866 1726 1926; baseline 0 -17"><span class='ocrx_word' id='word_1_213' title='bbox 324 1881 426 1924; x_wconf 82' lang='lat' dir='ltr'>ergo</span> <span class='ocrx_word' id='word_1_214' title='bbox 452 1866 656 1910; x_wconf 73' lang='lat' dir='ltr'>voluntas</span> <span class='ocrx_word' id='word_1_215' title='bbox 680 1866 831 1910; x_wconf 67' lang='lat' dir='ltr'>Patris</span> <span class='ocrx_word' id='word_1_216' title='bbox 873 1866 1002 1919; x_wconf 88' lang='lat' dir='ltr'>Quod</span> <span class='ocrx_word' id='word_1_217' title='bbox 1028 1875 1176 1910; x_wconf 85' lang='lat' dir='ltr'>autem</span> <span class='ocrx_word' id='word_1_218' title='bbox 1198 1866 1352 1911; x_wconf 88' lang='lat' dir='ltr'>nolens</span> <span class='ocrx_word' id='word_1_219' title='bbox 1382 1867 1604 1926; x_wconf 81' lang='lat' dir='ltr'>genuerit,</span> <span class='ocrx_word' id='word_1_220' title='bbox 1629 1866 1726 1926; x_wconf 86' lang='lat' dir='ltr'>quis</span> 
     </span>
     <span class='ocr_line' id='line_1_25' title="bbox 326 1936 1722 1999; baseline -0.001 -17"><span class='ocrx_word' id='word_1_221' title='bbox 326 1946 466 1997; x_wconf 87' lang='lat' dir='ltr'>potest</span> <span class='ocrx_word' id='word_1_222' title='bbox 497 1936 666 1982; x_wconf 86' lang='lat' dir='ltr'>dicere?</span> <span class='ocrx_word' id='word_1_223' title='bbox 692 1937 775 1982; x_wconf 88' lang='lat' dir='ltr'>Sed</span> <span class='ocrx_word' id='word_1_224' title='bbox 799 1947 845 1981; x_wconf 88' lang='lat' dir='ltr'>ut</span> <span class='ocrx_word' id='word_1_225' title='bbox 877 1938 1079 1982; x_wconf 86' lang='lat' dir='ltr'>noverint</span> <span class='ocrx_word' id='word_1_226' title='bbox 1113 1953 1245 1999; x_wconf 84' lang='lat' dir='ltr'>quam</span> <span class='ocrx_word' id='word_1_227' title='bbox 1281 1938 1427 1982; x_wconf 84' lang='lat' dir='ltr'>inania</span> <span class='ocrx_word' id='word_1_228' title='bbox 1454 1937 1722 1998; x_wconf 81' lang='lat' dir='ltr'>loquantur,</span> 
     </span>
     <span class='ocr_line' id='line_1_26' title="bbox 326 2008 1725 2067; baseline -0.001 -15"><span class='ocrx_word' id='word_1_229' title='bbox 326 2010 455 2052; x_wconf 86' lang='lat' dir='ltr'>etiam</span> <span class='ocrx_word' id='word_1_230' title='bbox 484 2008 564 2067; x_wconf 85' lang='lat' dir='ltr'>ipsi</span> <span class='ocrx_word' id='word_1_231' title='bbox 587 2008 882 2065; x_wconf 81' lang='lat' dir='ltr'>interrogandi</span> <span class='ocrx_word' id='word_1_232' title='bbox 908 2019 1025 2061; x_wconf 86' lang='lat' dir='ltr'>sunt,</span> <span class='ocrx_word' id='word_1_233' title='bbox 1056 2018 1203 2052; x_wconf 91' lang='lat' dir='ltr'>utrum</span> <span class='ocrx_word' id='word_1_234' title='bbox 1225 2012 1338 2052; x_wconf 84' lang='lat' dir='ltr'>Deus</span> <span class='ocrx_word' id='word_1_235' title='bbox 1364 2012 1490 2052; x_wconf 90' lang='lat' dir='ltr'>Pater</span> <span class='ocrx_word' id='word_1_236' title='bbox 1505 2008 1656 2053; x_wconf 87' lang='lat' dir='ltr'>volens</span> <span class='ocrx_word' id='word_1_237' title='bbox 1671 2024 1725 2053; x_wconf 86' lang='lat' dir='ltr'>an</span> 
     </span>
     <span class='ocr_line' id='line_1_27' title="bbox 325 2078 1726 2135; baseline 0 -12"><span class='ocrx_word' id='word_1_238' title='bbox 325 2078 478 2123; x_wconf 89' lang='lat' dir='ltr'>nolens</span> <span class='ocrx_word' id='word_1_239' title='bbox 499 2080 551 2122; x_wconf 82' lang='lat' dir='ltr'>sit</span> <span class='ocrx_word' id='word_1_240' title='bbox 576 2082 703 2123; x_wconf 86' lang='lat' dir='ltr'>Deus.</span> <span class='ocrx_word' id='word_1_241' title='bbox 731 2082 828 2124; x_wconf 90' lang='lat' dir='ltr'>Non</span> <span class='ocrx_word' id='word_1_242' title='bbox 851 2080 967 2122; x_wconf 87' lang='lat' dir='ltr'>enim</span> <span class='ocrx_word' id='word_1_243' title='bbox 991 2080 1221 2123; x_wconf 86' lang='lat' dir='ltr'>audebunt</span> <span class='ocrx_word' id='word_1_244' title='bbox 1243 2094 1345 2123; x_wconf 90' lang='lat' dir='ltr'>eum</span> <span class='ocrx_word' id='word_1_245' title='bbox 1364 2078 1530 2135; x_wconf 79' lang='lat' dir='ltr'>dicere,</span> <span class='ocrx_word' id='word_1_246' title='bbox 1546 2078 1664 2124; x_wconf 91' lang='lat' dir='ltr'>nolle</span> <span class='ocrx_word' id='word_1_247' title='bbox 1682 2095 1726 2123; x_wconf 90' lang='lat' dir='ltr'>se</span> 
     </span>
     <span class='ocr_line' id='line_1_28' title="bbox 326 2149 1727 2210; baseline 0.001 -17"><span class='ocrx_word' id='word_1_248' title='bbox 326 2165 416 2193; x_wconf 88' lang='lat' dir='ltr'>esse</span> <span class='ocrx_word' id='word_1_249' title='bbox 441 2152 595 2193; x_wconf 91' lang='lat' dir='ltr'>Deum.</span> <span class='ocrx_word' id='word_1_250' title='bbox 625 2150 667 2194; x_wconf 90' lang='lat' dir='ltr'>Si</span> <span class='ocrx_word' id='word_1_251' title='bbox 690 2164 791 2207; x_wconf 84' lang='lat' dir='ltr'>ergo</span> <span class='ocrx_word' id='word_1_252' title='bbox 816 2149 1119 2209; x_wconf 84' lang='lat' dir='ltr'>responderint</span> <span class='ocrx_word' id='word_1_253' title='bbox 1141 2149 1262 2210; x_wconf 84' lang='lat' dir='ltr'>quod</span> <span class='ocrx_word' id='word_1_254' title='bbox 1285 2149 1435 2195; x_wconf 90' lang='lat' dir='ltr'>volens</span> <span class='ocrx_word' id='word_1_255' title='bbox 1450 2150 1503 2194; x_wconf 87' lang='lat' dir='ltr'>sit</span> <span class='ocrx_word' id='word_1_256' title='bbox 1522 2153 1652 2205; x_wconf 88' lang='lat' dir='ltr'>Deus,</span> <span class='ocrx_word' id='word_1_257' title='bbox 1674 2166 1727 2195; x_wconf 91' lang='lat' dir='ltr'>eo</span> 
     </span>
     <span class='ocr_line' id='line_1_29' title="bbox 328 2218 1727 2281; baseline 0.002 -19"><span class='ocrx_word' id='word_1_258' title='bbox 328 2220 459 2265; x_wconf 91' lang='lat' dir='ltr'>modo</span> <span class='ocrx_word' id='word_1_259' title='bbox 477 2219 559 2263; x_wconf 88' lang='lat' dir='ltr'>illis</span> <span class='ocrx_word' id='word_1_260' title='bbox 582 2218 812 2264; x_wconf 84' lang='lat' dir='ltr'>inferenda</span> <span class='ocrx_word' id='word_1_261' title='bbox 829 2230 893 2265; x_wconf 90' lang='lat' dir='ltr'>est</span> <span class='ocrx_word' id='word_1_262' title='bbox 909 2221 1077 2265; x_wconf 83' lang='lat' dir='ltr'>vanitas</span> <span class='ocrx_word' id='word_1_263' title='bbox 1100 2236 1192 2276; x_wconf 86' lang='lat' dir='ltr'>sua,</span> <span class='ocrx_word' id='word_1_264' title='bbox 1225 2237 1311 2281; x_wconf 87' lang='lat' dir='ltr'>qua</span> <span class='ocrx_word' id='word_1_265' title='bbox 1335 2219 1419 2265; x_wconf 85' lang='lat' dir='ltr'>dici</span> <span class='ocrx_word' id='word_1_266' title='bbox 1443 2230 1586 2280; x_wconf 83' lang='lat' dir='ltr'>potest</span> <span class='ocrx_word' id='word_1_267' title='bbox 1609 2222 1727 2280; x_wconf 88' lang='lat' dir='ltr'>prior</span> 
     </span>
     <span class='ocr_line' id='line_1_30' title="bbox 329 2292 1521 2354; baseline 0.003 -19"><span class='ocrx_word' id='word_1_268' title='bbox 329 2292 405 2336; x_wconf 94' lang='lat' dir='ltr'>illo</span> <span class='ocrx_word' id='word_1_269' title='bbox 428 2308 516 2336; x_wconf 88' lang='lat' dir='ltr'>esse</span> <span class='ocrx_word' id='word_1_270' title='bbox 533 2292 733 2337; x_wconf 84' lang='lat' dir='ltr'>voluntas</span> <span class='ocrx_word' id='word_1_271' title='bbox 752 2293 868 2352; x_wconf 85' lang='lat' dir='ltr'>ejus:</span> <span class='ocrx_word' id='word_1_272' title='bbox 894 2309 982 2353; x_wconf 87' lang='lat' dir='ltr'>quo</span> <span class='ocrx_word' id='word_1_273' title='bbox 1005 2292 1115 2354; x_wconf 85' lang='lat' dir='ltr'>quid</span> <span class='ocrx_word' id='word_1_274' title='bbox 1133 2294 1295 2338; x_wconf 85' lang='lat' dir='ltr'>dicitur</span> <span class='ocrx_word' id='word_1_275' title='bbox 1312 2293 1521 2338; x_wconf 79' lang='lat' dir='ltr'>stultius?</span> 
     </span>
    </p>

    <p class='ocr_par' dir='ltr' id='par_1_4' title="bbox 327 2362 1728 2564">
     <span class='ocr_line' id='line_1_31' title="bbox 384 2362 1722 2423; baseline 0 -16"><span class='ocrx_word' id='word_1_276' title='bbox 384 2365 465 2407; x_wconf 89' lang='lat'><em>111.</em></span> <span class='ocrx_word' id='word_1_277' title='bbox 494 2363 659 2408; x_wconf 89' lang='lat' dir='ltr'>Deinde</span> <span class='ocrx_word' id='word_1_278' title='bbox 676 2362 831 2408; x_wconf 87' lang='lat' dir='ltr'>dieunt</span> <span class='ocrx_word' id='word_1_279' title='bbox 853 2379 954 2408; x_wconf 88' lang='lat' dir='ltr'>eum</span> <span class='ocrx_word' id='word_1_280' title='bbox 985 2364 1243 2409; x_wconf 85' lang='lat' dir='ltr'>«voluntate</span> <span class='ocrx_word' id='word_1_281' title='bbox 1263 2373 1306 2409; x_wconf 87' lang='lat' dir='ltr'>et</span> <span class='ocrx_word' id='word_1_282' title='bbox 1327 2373 1550 2423; x_wconf 75' lang='lat' dir='ltr'>praecepto</span> <span class='ocrx_word' id='word_1_283' title='bbox 1568 2365 1722 2419; x_wconf 86' lang='lat' dir='ltr'>Patris,</span> 
     </span>
     <span class='ocr_line' id='line_1_32' title="bbox 327 2433 1728 2494; baseline 0.002 -18"><span class='ocrx_word' id='word_1_284' title='bbox 327 2433 518 2477; x_wconf 85' lang='lat' dir='ltr'>coelestia</span> <span class='ocrx_word' id='word_1_285' title='bbox 545 2443 589 2478; x_wconf 91' lang='lat' dir='ltr'>et</span> <span class='ocrx_word' id='word_1_286' title='bbox 617 2435 858 2490; x_wconf 86' lang='lat' dir='ltr'>terrestria,</span> <span class='ocrx_word' id='word_1_287' title='bbox 883 2434 1065 2479; x_wconf 85' lang='lat' dir='ltr'>visibilia</span> <span class='ocrx_word' id='word_1_288' title='bbox 1099 2444 1142 2479; x_wconf 87' lang='lat' dir='ltr'>et</span> <span class='ocrx_word' id='word_1_289' title='bbox 1179 2434 1432 2490; x_wconf 83' lang='lat' dir='ltr'>invisibilia,</span> <span class='ocrx_word' id='word_1_290' title='bbox 1467 2450 1650 2494; x_wconf 85' lang='lat' dir='ltr'>corpora</span> <span class='ocrx_word' id='word_1_291' title='bbox 1685 2444 1728 2479; x_wconf 86' lang='lat' dir='ltr'>et</span> 
     </span>
     <span class='ocr_line' id='line_1_33' title="bbox 327 2504 1726 2564; baseline 0.001 -17"><span class='ocrx_word' id='word_1_292' title='bbox 327 2504 502 2564; x_wconf 85' lang='lat' dir='ltr'>spiritus</span> <span class='ocrx_word' id='word_1_293' title='bbox 523 2540 533 2559; x_wconf 90' lang='lat'><strong>‚</strong></span> <span class='ocrx_word' id='word_1_294' title='bbox 569 2520 622 2550; x_wconf 82' lang='lat' dir='ltr'>ex</span> <span class='ocrx_word' id='word_1_295' title='bbox 643 2504 775 2550; x_wconf 89' lang='lat' dir='ltr'>nullis</span> <span class='ocrx_word' id='word_1_296' title='bbox 804 2506 1075 2561; x_wconf 86' lang='lat' dir='ltr'>extantibus,</span> <span class='ocrx_word' id='word_1_297' title='bbox 1106 2515 1155 2550; x_wconf 90' lang='lat' dir='ltr'>ut</span> <span class='ocrx_word' id='word_1_298' title='bbox 1185 2514 1351 2562; x_wconf 88' lang='lat' dir='ltr'>essent,</span> <span class='ocrx_word' id='word_1_299' title='bbox 1371 2521 1448 2550; x_wconf 85' lang='lat' dir='ltr'>sua</span> <span class='ocrx_word' id='word_1_300' title='bbox 1469 2506 1631 2551; x_wconf 88' lang='lat' dir='ltr'>virtute</span> <span class='ocrx_word' id='word_1_301' title='bbox 1660 2505 1726 2549; x_wconf 83' lang='lat' dir='ltr'>fe-</span> 
     </span>
    </p>
   </div>
   <div class='ocr_carea' id='block_1_3' title="bbox 375 2593 936 2632">
    <p class='ocr_par' dir='ltr' id='par_1_5' title="bbox 375 2593 936 2632">
     <span class='ocr_line' id='line_1_34' title="bbox 375 2593 936 2632; baseline 0 -9"><span class='ocrx_word' id='word_1_302' title='bbox 375 2593 383 2609; x_wconf 94' lang='lat'>&#39;</span> <span class='ocrx_word' id='word_1_303' title='bbox 410 2593 501 2623; x_wconf 78' lang='lat' dir='ltr'>Joau.</span> <span class='ocrx_word' id='word_1_304' title='bbox 524 2602 557 2628; x_wconf 78' lang='lat' dir='ltr'>v.</span> <span class='ocrx_word' id='word_1_305' title='bbox 579 2600 632 2625; x_wconf 83' lang='lat'>20.</span> <span class='ocrx_word' id='word_1_306' title='bbox 648 2608 688 2614; x_wconf 91' lang='lat'>—-</span> <span class='ocrx_word' id='word_1_307' title='bbox 705 2598 717 2614; x_wconf 86' lang='lat'><em>²</em></span> <span class='ocrx_word' id='word_1_308' title='bbox 739 2594 819 2626; x_wconf 82' lang='lat' dir='ltr'>Joan</span> <span class='ocrx_word' id='word_1_309' title='bbox 854 2604 877 2632; x_wconf 82' lang='lat'>1,</span> <span class='ocrx_word' id='word_1_310' title='bbox 908 2605 936 2624; x_wconf 78' lang='lat' dir='ltr'>J.</span> 
     </span>
    </p>
   </div>
  </div>
 </body>
</html>
