1803 3250
607 211 661 239 nr:
692 209 864 240 NATURA
897 211 1012 238 nom.
1414 200 1497 240 265

115 297 135 321 »
157 294 236 339 pro
257 278 381 323 nobis
401 287 598 323 mortuus
621 287 711 322 est:
733 275 872 320 multo
903 276 1038 335 magis
1065 291 1183 321 nunc
1204 276 1428 337 justificati
1450 279 1497 322 in

113 369 132 391 »
160 351 370 410 sanguine
390 351 536 409 ipsius,
562 348 666 394 salvi
687 349 846 392 erimus
865 347 917 390 ab
941 348 1000 392 ira
1025 363 1101 407 per
1118 348 1278 407 ipsum.
1304 350 1346 394 Si
1362 350 1494 406 enim,

113 439 133 461 »
158 436 258 465 cum
280 421 442 464 inimici
460 434 646 464 essemus
664 454 674 474 ,
701 417 964 462 reconciliati
986 433 1134 462 sumus
1158 422 1245 463 Deo
1271 434 1349 478 per
1374 435 1494 465 mor-

114 511 134 534 »
160 501 246 536 tem
276 492 372 536 Filii
403 494 494 552 ejus
515 512 526 549 3
550 491 690 535 multo
723 490 859 549 magis
891 490 1179 545 reconciliati,
1205 491 1311 535 salvi
1333 492 1493 538 erimus

113 581 133 604 »
158 564 204 607 in
225 564 311 607 vita
334 561 507 622 ipsius¹.
531 563 641 616 Quia
658 576 761 606 vero
775 561 903 605 etiam
925 576 1027 605 cum
1048 563 1347 620 peccatoribus
1361 579 1494 622 poena

110 633 257 678 debita
279 631 499 687 redditur,
524 648 613 677 non
635 641 699 676 est
718 632 926 692 iniquitas
949 631 1067 691 apud
1091 635 1246 687 Deum,
1271 634 1329 677 sic
1357 633 1462 679 dicit
1483 654 1493 682 :

113 723 133 746 «
156 704 269 758 Quid
284 704 503 748 dicemus?
515 702 739 763 Numquid
749 702 923 763 iniquus
935 706 1065 758 Deus,
1077 703 1152 763 qui
1167 703 1209 746 in
1217 701 1299 747 fert
1312 704 1490 748 iram²?»

110 777 207 820 Uno
235 784 349 819 atem
377 774 474 819 loco
504 783 547 819 et
573 774 815 819 bonitatem
846 783 888 818 et
914 774 1184 819 severitatem
1212 774 1266 818 ab
1294 773 1370 819 illo
1405 790 1494 820 esse

106 845 296 891 breviter
313 844 554 899 admonuit,
576 845 722 890 dicens
741 865 749 890 :
775 865 794 888 «
817 844 946 889 Vides
969 860 1070 903 ergo
1093 845 1336 890 bonitatem
1360 855 1402 890 et
1423 862 1495 891 se-

110 935 130 957 »
148 917 372 961 veritatem
386 917 462 960 Dei
480 936 488 961 ;
502 917 545 959 in
560 931 631 961 eos
649 916 824 976 quidem
841 916 916 976 qui
931 916 1183 960 ceciderunt
1197 917 1492 976 severitatem,

112 1007 130 1028 »
151 987 195 1031 in
216 996 260 1031 te
277 996 423 1031 autem
445 986 702 1042 bonitatem,
722 987 754 1031 si
777 987 1059 1047 permanseris
1077 987 1122 1030 in
1141 987 1376 1032 bonitate3.
1397 1007 1417 1030 »

165 1060 353 1102 XXXII.
389 1060 499 1102 Item
526 1058 628 1118 quia
653 1056 782 1102 etiam
815 1059 1067 1102 nocentium
1096 1067 1285 1118 potestas
1314 1075 1402 1103 non
1431 1070 1496 1105 est

105 1129 187 1174 nisi
209 1145 232 1174 a
255 1132 362 1183 Deo,
387 1129 445 1173 sic
466 1130 674 1188 scriptum
697 1138 760 1173 est
781 1129 990 1190 loquente
1013 1129 1257 1189 Sapientia:
1289 1149 1309 1172 «
1329 1133 1409 1174 Per
1425 1146 1494 1175 me

110 1220 129 1242 »
150 1215 270 1259 reges
292 1209 492 1259 regnant,
515 1209 559 1245 et
580 1201 753 1258 tyranni
767 1216 844 1260 per
862 1216 930 1244 me
948 1210 1098 1246 tenent
1114 1202 1313 1246 terram4.
1335 1220 1355 1243 »
1382 1202 1494 1247 Dicit

105 1281 148 1317 et
171 1272 404 1332 Apostolus
425 1292 433 1317 :
464 1291 481 1313 «
499 1274 599 1317 Non
619 1282 682 1317 est
705 1273 820 1316 enim
843 1282 1030 1333 potestas
1047 1273 1128 1317 nisi
1146 1289 1168 1317 a
1192 1277 1280 1318 Deo
1295 1276 1325 1318 ⁵.
1354 1275 1493 1334 Digne

106 1353 250 1388 autem
264 1345 372 1398 fieri,
398 1344 444 1387 in
460 1343 572 1388 libro
589 1344 672 1388 Job
687 1345 895 1403 scriptum
917 1353 980 1388 est
1000 1363 1008 1389 ;
1034 1363 1053 1385 «
1072 1344 1153 1397 Qui
1171 1360 1352 1404 regnare
1367 1345 1490 1401 facit,

111 1435 127 1455 »
150 1415 310 1475 inquit,
327 1415 550 1459 hominem
566 1416 856 1475 hypocritam,
876 1424 1053 1475 propter
1069 1416 1393 1475 perversitatem
1411 1431 1492 1476 po-

108 1504 127 1527 »
149 1485 281 1545 puliss.
298 1504 317 1527 »
338 1488 394 1530 Et
409 1487 464 1530 de
480 1486 645 1546 populo
669 1485 801 1530 Israel
817 1486 922 1531 dicit
941 1489 1054 1530 Deus
1075 1507 1084 1530 z
1112 1486 1253 1531 «Dedi
1273 1487 1332 1532 eis
1348 1502 1492 1545 regem

107 1574 127 1597 »
149 1556 194 1599 in
207 1556 268 1600 ira
282 1558 409 1600 mea⁷.
422 1574 440 1597 »
455 1557 517 1615 Inj
526 1565 667 1600 ustum
682 1557 796 1600 enim
812 1572 900 1601 non
915 1565 1049 1611 est,ut
1061 1557 1267 1617 improbis
1280 1558 1492 1616 accipien-

103 1626 221 1671 tibus
236 1625 423 1671 nocendi
438 1635 712 1685 potestatem,
728 1635 770 1670 et
795 1627 1009 1671 bonorum
1034 1627 1237 1686 patientia
1260 1629 1486 1687 probetur,

103 1706 144 1742 et
153 1696 368 1741 malorum
378 1697 582 1757 iniquitas
591 1698 798 1757 puniatur
811 1717 819 1742 ι
833 1700 939 1744 Nam
952 1714 1027 1758 per
1041 1707 1297 1757 potestatem
1311 1698 1488 1744 diabolo

104 1767 268 1823 datam,
288 1777 331 1811 et
346 1767 430 1812 Joh
452 1768 661 1827 probatus
683 1778 745 1812 est
764 1778 813 1813 ut
830 1770 973 1829 justus
991 1771 1260 1828 appareretss,
1278 1779 1320 1814 et
1338 1773 1491 1814 Petrus

103 1847 295 1883 tentatus
308 1854 362 1882 ne
380 1838 435 1882 de
446 1854 490 1882 se
502 1848 783 1898 praesumeret
797 1841 829 1894 ⁹,
846 1850 889 1884 et
903 1840 1061 1884 Paulus
1077 1839 1370 1900 colaphizatus
1381 1857 1436 1885 ne
1447 1856 1492 1886 se

103 1909 390 1965 extolleret¹⁰,
410 1918 454 1953 et
474 1909 610 1954 Judas
625 1909 857 1954 damnatus
877 1920 926 1955 ut
949 1926 992 1955 se
1014 1913 1356 1971 suspenderet¹¹.
1378 1914 1491 1957 Cum

103 1995 205 2039 ergo
223 1995 301 2040 per
322 1989 579 2039 potestatem
598 1996 728 2040 quam
748 1981 924 2026 diabolo
941 1982 1078 2036 dedit,
1108 1984 1251 2027 omnia
1264 1984 1380 2042 juste
1401 1983 1492 2042 ipse

104 2054 219 2096 Deus
240 2050 419 2109 fecerit,
444 2067 534 2096 non
551 2060 698 2096 tamen
716 2053 874 2111 probis
892 2053 1007 2112 juste
1029 2052 1152 2098 factis
1172 2089 1183 2108 ‚
1209 2054 1284 2098 sed
1307 2069 1386 2114 pro
1407 2054 1492 2097 ini-

103 2139 191 2184 qua
214 2123 402 2169 nocendi
420 2123 662 2179 voluntate,
683 2140 784 2184 quae
806 2125 936 2183 ipsius
957 2125 1120 2169 diaboli
1137 2125 1222 2169 fuit
1239 2160 1249 2179 ,
1275 2126 1314 2169 ei
1337 2124 1493 2170 redde-

104 2204 176 2240 tur
197 2196 243 2239 in
265 2197 352 2239 fine
373 2195 650 2255 supplicium,
671 2211 772 2240 cum
791 2195 960 2241 dicetur
977 2197 1119 2256 impiis
1134 2197 1210 2256 qui
1228 2198 1319 2257 ejus
1335 2197 1492 2257 nequi-

108 2266 177 2311 tiae
199 2267 443 2311 consentire
469 2267 837 2326 perseveraverint
857 2286 866 2312 :
895 2287 914 2309 «
931 2270 994 2311 Ite
1017 2268 1062 2311 in
1084 2268 1228 2326 ignem
1251 2277 1487 2324 aeternum,

110 2357 128 2379 »
149 2352 279 2397 quem
302 2337 468 2396 paravit
491 2340 617 2381 Pater
630 2353 750 2382 meus
765 2337 941 2383 diabolo
957 2347 999 2382 et
1016 2337 1175 2397 angelis
1198 2339 1353 2398 ejus12.
1379 2357 1398 2380 »

154 2459 165 2475 ¹
188 2454 280 2484 Rom.
300 2461 332 2493 v,
351 2453 384 2484 8.
398 2469 438 2475 -
453 2452 531 2484 ²1d.
551 2463 598 2494 ni,
616 2451 796 2485 5.-³1d.
815 2464 860 2495 ¹1,
879 2462 986 2486 22.-
1000 2452 1015 2482 4
1033 2455 1129 2485 Prov.
1150 2464 1221 2496 vm,
1243 2454 1294 2486 15.
1311 2472 1352 2477 —
1366 2453 1381 2477 ⁵
1399 2457 1489 2488 Rom.

105 2516 173 2550 xm,
199 2518 230 2540 1.
245 2525 287 2532 —
301 2505 316 2530 ⁶
335 2507 412 2541 Joh.
432 2518 543 2549 xum,
563 2516 696 2542 11.—7
715 2510 808 2551 Osee,
826 2520 895 2551 1111,
917 2520 968 2541 11.
993 2526 1022 2532 -
1037 2507 1052 2532 3
1069 2508 1147 2551 Job,
1168 2521 1191 2550 i,
1213 2518 1264 2543 12.
1280 2526 1322 2533 —
1337 2518 1352 2542 9
1369 2511 1489 2544 Matth.

105 2573 195 2605 xxvi,
215 2563 267 2606 34.
280 2567 367 2587 -10
385 2571 405 2596 2
423 2564 496 2597 Cor.
519 2573 578 2606 xn,
597 2574 683 2606 7.—
697 2570 726 2589 ¹¹
748 2563 865 2599 Matth.
886 2574 986 2606 xxvii,
1005 2565 1037 2598 5.
1054 2581 1095 2590 —
1113 2572 1143 2590 ¹²
1162 2565 1211 2599 Id.
1229 2576 1308 2609 xxv,
1326 2566 1385 2609 [μ.
