1803 3250
319 200 395 234 1522
753 202 785 230 s.
824 202 1053 234 AUGnsTtNl
1089 206 1269 233 eviscovi

310 275 374 329 rio
400 274 497 324 lioc,
524 285 602 314 nec
632 271 673 312 in
698 269 897 314 doctrina
921 270 1258 327 daemoniorum,
1282 271 1357 316 scd
1378 272 1421 315 in
1446 274 1535 316 Deo
1558 272 1707 331 potius

310 354 351 388 ct
377 345 419 386 in
441 350 589 385 sancto
613 341 776 400 Spiritu
799 340 966 386 locutos
984 357 1073 385 esse
1096 342 1381 386 arbitremini.
1404 342 1538 399 Igitur
1558 351 1606 386 ut
1621 343 1704 387 hoc

308 415 384 458 tibi
408 412 578 455 interim
606 411 788 456 Paulum
813 413 966 456 dixisse
995 414 1248 467 concedam,
1276 414 1417 457 victus
1450 421 1596 457 tamen
1625 414 1703 457 abs

309 495 347 529 tc
378 498 466 528 non
490 492 590 527 ante
614 480 754 538 fuero,
781 499 911 542 quam
937 492 983 527 tu
1011 487 1192 541 Moysen
1214 483 1488 528 damnaveris
1519 492 1562 528 et
1593 486 1709 528 Pro-

314 556 466 615 phetas
493 573 500 599 :
530 564 577 598 ut
604 554 724 614 quod
758 555 923 599 ratione
951 555 1175 600 convictus
1204 564 1247 599 ct
1277 555 1459 600 veritate
1483 569 1710 615 nunquam

318 625 493 671 sortasse
522 624 715 680 fecisses,
755 625 798 669 id
831 641 949 670 nunc
983 626 1144 670 ventris
1180 640 1306 670 causa
1327 625 1469 669 facere
1499 624 1708 682 videaris,

318 697 615 757 blasphemare
633 699 832 754 Moysen.
853 715 872 737 »

374 772 433 813 ΙΙ.
475 788 495 810 «
513 771 589 812 Est
612 783 715 812 vero
733 777 777 813 et
800 767 918 811 aliud
935 766 989 810 de
1006 767 1144 810 tribus
1162 767 1306 825 pueris
1335 767 1452 826 apud
1475 782 1550 812 vos
1566 767 1612 811 in
1630 770 1714 811 Da-

314 840 471 894 niele¹‚
498 854 587 899 quo
618 840 899 883 veliementer
931 837 1113 896 perinde
1143 836 1503 893 confundemini,
1535 839 1567 882 si
1595 838 1711 882 istud

314 910 580 963 constiterit,
607 924 631 952 a
659 909 766 952 cibis
797 907 1036 962 abstinere,
1070 906 1388 952 daemoniorum
1419 924 1508 953 esse
1539 908 1705 967 religio.

317 980 387 1024 Illi
417 980 534 1023 enim
570 993 660 1023 non
696 987 867 1022 tantum
899 978 954 1022 ab
982 978 1221 1023 interdictis
1250 983 1389 1038 Leg03
1422 981 1496 1025 sed
1528 981 1656 1024 etiam
1690 995 1713 1023 a

314 1051 526 1096 concessis
563 1050 821 1094 abstinuisse
853 1049 1091 1109 leguntur:
1118 1065 1226 1110 quos
1258 1051 1538 1095 vehementer
1569 1051 1715 1095 mirari

314 1123 460 1168 soletis
472 1157 483 1178 ,
499 1130 542 1166 et
558 1123 602 1165 in
620 1121 889 1179 Martyribus
912 1137 1141 1165 numerare
1154 1143 1164 1180 3
1179 1137 1278 1166 cum
1293 1122 1377 1167 sint
1390 1132 1432 1166 et
1450 1122 1529 1182 ipsi
1549 1122 1713 1167 doctri-

317 1209 420 1238 nam
444 1193 626 1238 assecuti
645 1192 984 1247 daemoniorum,
1009 1192 1044 1236 si
1068 1193 1151 1237 hoc
1178 1208 1267 1237 esse
1294 1192 1491 1252 Apostoli
1520 1192 1715 1239 testimo-

317 1265 440 1309 nium
462 1273 647 1310 constat.
680 1263 749 1307 Ad
776 1264 869 1307 haec
900 1272 943 1307 ct
967 1263 1117 1307 Daniel
1140 1263 1231 1322 ipse
1255 1263 1394 1307 tribus
1426 1263 1714 1308 hebdomadis

317 1336 487 1380 dierum
506 1336 722 1395 jejunasse
745 1348 788 1377 se
811 1332 1055 1393 perhibet2‚
1078 1342 1121 1377 et
1145 1349 1319 1378 carnem
1342 1349 1432 1379 non
1453 1333 1606 1389 edisse,
1634 1349 1714 1379 nec

322 1407 477 1450 bibisse
498 1406 649 1450 vinum
666 1439 677 1459 ,
703 1403 810 1448 dum
834 1413 1030 1448 exoraret
1057 1419 1135 1463 pro
1167 1405 1332 1464 populo
1353 1420 1446 1449 suo.
1471 1405 1587 1458 Quid
1614 1419 1715 1463 ergo

318 1487 362 1521 et
383 1478 453 1521 hic
471 1478 516 1521 in
537 1476 736 1521 doctrina
754 1490 798 1519 se
813 1475 1132 1520 daemoniorum
1148 1476 1414 1534 magnificat,
1432 1486 1474 1521 et
1492 1475 1547 1520 de
1560 1476 1717 1521 seduc-

323 1549 419 1594 torii
437 1548 613 1608 spiritus
630 1556 881 1592 commento
904 1546 1086 1606 gloriam
1107 1550 1278 1607 captat?
1299 1566 1318 1588 »

381 1622 461 1664 111.
491 1638 511 1661 «
529 1622 591 1663 De
613 1618 735 1663 vobis
752 1633 855 1663 vero
872 1618 979 1678 quid
999 1618 1138 1662 dicam
1155 1621 1173 1662 P
1196 1618 1241 1662 id
1259 1627 1338 1674 est,
1359 1617 1414 1663 de
1431 1618 1718 1665 Christianio-

318 1690 438 1735 ribus
451 1690 569 1750 apud
584 1705 676 1745 vos,
691 1705 879 1750 quorum
894 1688 1096 1734 nonnulli
1110 1689 1286 1750 quidem
1302 1690 1496 1749 porcina,
1512 1688 1709 1750 plerique

319 1779 424 1808 vero
446 1761 733 1822 quadrupede
756 1762 902 1816 omni,
933 1761 1003 1805 alii
1019 1761 1148 1805 etiam
1172 1771 1332 1806 cuncto
1347 1761 1522 1806 animali
1541 1763 1715 1821 penitus

321 1833 562 1882 abstinent,
589 1831 761 1891 fertque
789 1831 845 1875 ob
869 1832 1013 1875 hocin
1030 1831 1166 1875 oculis
1189 1846 1261 1876 eos
1281 1832 1421 1876 omnis
1439 1830 1649 1886 Ecclesia,
1670 1841 1712 1877 et

321 1919 493 1949 summa
510 1919 611 1947 cum
624 1903 903 1947 veneratione
917 1902 1172 1962 suscipiens,
1193 1901 1335 1947 solum
1352 1918 1441 1947 non
1459 1902 1562 1947 deos
1577 1903 1716 1948 existi-

324 1985 428 2020 mat.
441 1977 529 2020 Nec
542 1974 697 2018 videtis
710 1973 936 2029 indociles,
948 1974 1049 2034 quia
1063 1974 1188 2018 sihoc
1201 1990 1370 2030 verum,
1386 1984 1428 2019 et
1439 1975 1494 2018 ab
1504 1974 1715 2034 Apostolo

322 2046 491 2092 dictum
515 2046 813 2090 testimonium
836 2054 916 2100 est,
942 2045 1262 2090 daemoniorum
1285 2055 1328 2090 et
1345 2046 1424 2105 ipsi
1443 2056 1546 2090 sunt
1567 2045 1717 2091 ludifi—

322 2117 407 2161 cati
435 2117 658 2161 doctrinis.
690 2115 803 2169 Quid
831 2130 934 2161 vero
963 2124 1006 2159 et
1029 2116 1083 2160 de
1107 2115 1182 2161 illo
1209 2115 1404 2161 dicemus
1421 2152 1431 2172 ,
1464 2117 1586 2176 quod
1617 2131 1718 2161 sane

325 2187 522 2233 frustrari
544 2188 640 2248 quis
664 2187 824 2231 audeat
847 2196 922 2231 aut
943 2186 1175 2244 abnegare,
1202 2202 1300 2231 cum
1321 2196 1491 2232 constet
1508 2188 1592 2232 hoc
1607 2188 1719 2232 inter

326 2273 498 2313 omnes,
524 2267 566 2301 et
587 2273 712 2317 aeque
730 2272 806 2316 per
822 2256 971 2301 orbem
995 2266 1209 2301 terrarum
1229 2257 1464 2318 quotannis
1484 2258 1602 2302 omni
1617 2273 1718 2302 cum

326 2328 469 2374 studio
484 2328 729 2374 celebretur
742 2330 786 2372 in
801 2337 1021 2373 conventu
1035 2328 1281 2373 catholico?
1305 2329 1409 2373 Dico
1427 2337 1573 2374 autem
1597 2331 1718 2382 Qua-

327 2399 630 2460 dragesimam,
655 2416 788 2462 quam
810 2400 886 2460 qui
915 2400 1028 2444 inter
1049 2415 1124 2444 vos
1142 2401 1225 2443 rite
1247 2398 1564 2445 observandam
1585 2408 1716 2459 puta-

327 2472 458 2526 verit,
489 2472 702 2518 abstineat
723 2486 897 2517 necesse
919 2479 981 2516 est
1003 2470 1205 2517 omnibus
1232 2471 1297 2515 his
1313 2506 1323 2526 ,
1349 2486 1449 2531 quse
1473 2470 1713 2530 capitulum

378 2563 386 2579 ¹
410 2560 486 2590 Dan.
508 2568 529 2598 ι,
554 2566 604 2590 12.
620 2564 685 2581 —2
704 2557 752 2590 Id.
772 2567 806 2598 x,
827 2567 859 2589 2.
