1803 3250
319 177 398 216 160
751 181 785 210 s.
820 181 1052 211 Aucusnm
1086 183 1266 210 zriseom

313 261 502 312 pectum.
533 249 720 293 Evanuit
748 263 852 307 ergo
874 250 961 308 jam
979 284 989 303 ,
1015 257 1146 308 atquc
1168 249 1356 293 extincta
1380 247 1509 292 simul
1531 257 1594 293 est
1616 251 1702 293 Da-

312 321 434 366 nielis
462 334 637 380 quoque
670 316 742 363 illa
771 333 820 363 ac
851 320 981 363 trium
1005 333 1240 379 puerorum
1273 318 1528 377 gloriatio¹:
1555 319 1631 378 qui
1659 328 1702 362 et

312 393 391 451 ipsi
414 406 552 450 usque
572 389 628 434 ad
649 390 761 436 hanc
785 389 1139 450 praedicationem
1164 405 1264 450 quae
1293 399 1440 434 censet
1474 389 1584 434 nibil
1617 390 1700 433 im-

310 461 525 507 mundum
543 497 553 515 ,
579 461 800 506 castissimi
824 461 952 521 plane
970 479 1019 507 ac
1042 463 1168 506 bonae
1190 462 1345 505 mentis
1360 463 1543 521 juvenes
1566 461 1702 506 habiti

309 542 410 578 sunt
429 533 474 577 in
490 531 734 593 judaismo,
769 533 871 593 quia
894 532 1055 578 scilicet
1078 542 1358 592 paternarum
1382 547 1593 577 memores
1612 542 1702 577 tra-

309 605 542 659 ditionum,
573 620 595 648 a
633 605 838 649 Gentium
884 604 1092 664 dapibus,
1131 615 1173 649 ct
1212 604 1398 649 maxime
1436 604 1670 649 immolatis
1687 639 1699 658 ,

309 676 429 721 omni
460 690 558 720 cum
583 673 734 720 studio
762 691 805 719 se
827 676 1178 720 conservaverint
1201 674 1407 719 illibatos.
1436 676 1564 720 Nunc
1586 674 1702 719 enim

310 747 489 792 demum
507 746 708 806 apparuit
731 755 773 790 et
795 747 908 805 ipsos
925 746 1244 790 contaminatos
1266 744 1399 789 fuisse
1422 746 1642 790 mentibus
1660 754 1702 789 et

308 819 587 873 conscientia,
621 827 715 862 tum
737 818 938 872 maxime,
964 832 1066 861 cum
1085 832 1132 861 os
1151 833 1173 862 a
1197 818 1406 876 sanguine
1435 827 1478 862 et
1505 817 1613 862 cibis
1638 815 1702 861 fe-

308 890 471 935 ralibus
493 888 788 932 abstinebant.
816 908 834 928 »

368 963 425 1004 II.
466 958 592 1003 «Sed
619 957 714 1002 illos
748 955 928 1001 fortasse
965 967 1137 1002 excuset
1174 958 1447 1017 ignorantia,
1484 972 1564 1003 nec
1596 958 1704 1003 dum

307 1031 424 1074 enim
453 1037 689 1088 apparente
724 1028 956 1072 christiana
988 1029 1069 1072 hac
1102 1028 1190 1072 fide
1218 1044 1318 1086 quae
1352 1027 1530 1073 doceret
1558 1029 1703 1073 omnia

307 1117 396 1146 esse
439 1099 604 1144 munda
643 1098 864 1156 mundisff,
905 1099 1108 1158 quaedam
1131 1108 1174 1143 et
1207 1099 1286 1157 ipsi
1327 1100 1577 1158 putaverint
1613 1115 1704 1144 non

307 1171 470 1217 munda
496 1191 504 1216 :
532 1186 606 1216 vos
627 1186 731 1215 vero
754 1186 839 1230 qua
863 1186 983 1214 nunc
1007 1170 1285 1215 excusatione
1299 1170 1491 1226 utimini,
1512 1171 1547 1215 si
1567 1170 1704 1216 Paulo

305 1243 541 1298 clamante,
568 1241 678 1286 nihil
700 1256 790 1286 esse
817 1257 905 1286 non
928 1241 1193 1296 mundum&
1220 1250 1263 1285 et
1285 1240 1505 1286 doctrinas
1538 1242 1704 1287 daemo-

305 1316 479 1361 niorum
492 1313 738 1374 appellante
753 1313 954 1358 ciborum
977 1313 1306 1367 obstinentiam,
1327 1322 1371 1356 ct
1392 1322 1539 1357 mente
1557 1312 1703 1372 pollu—

306 1395 371 1432 tos
386 1394 568 1431 vocante
583 1383 660 1444 qui
682 1382 848 1443 aliquid
863 1383 1115 1442 putaverint
1128 1383 1424 1441 inquinatum,
1451 1398 1542 1427 non
1558 1383 1701 1429 solum

305 1457 552 1510 abstinetis,
573 1463 624 1499 ut
645 1455 834 1498 diximus
851 1489 861 1509 ,
888 1453 963 1498 sed
978 1455 1108 1498 etiam
1123 1453 1304 1511 gloriam
1326 1454 1508 1513 captatis
1525 1454 1698 1510 exinde,

305 1537 348 1573 et
370 1544 421 1573 eo
443 1526 704 1586 acceptiores
726 1540 801 1570 vos
823 1524 998 1570 creditis
1015 1524 1205 1579 Christo,
1232 1539 1321 1584 quo
1339 1524 1458 1569 eritis
1476 1525 1702 1570 abstinen-

307 1599 435 1646 tiores
457 1614 481 1642 a
498 1597 633 1652 cibis,
666 1596 712 1640 id
739 1605 827 1650 est,
863 1595 1105 1640 secundum
1134 1595 1248 1639 hanc
1285 1595 1546 1640 sententiam
1567 1631 1578 1651 ,
1612 1611 1703 1657 quo

306 1669 527 1715 mentibus
549 1666 767 1726 inquinati
789 1666 926 1725 magis
943 1674 986 1711 et
1001 1666 1137 1725 magis
1159 1665 1424 1711 conscientia
1442 1675 1582 1711 vestra
1604 1667 1703 1727 pol-

304 1741 415 1785 luti?
432 1739 551 1792 Quid
572 1737 694 1798 quod
715 1737 846 1781 etiam
868 1751 970 1781 cum
993 1745 1078 1782 tres
1100 1736 1144 1780 in
1166 1736 1335 1781 mundo
1353 1736 1583 1795 religiones
1597 1737 1699 1793 sint,

303 1828 404 1873 quae
430 1810 587 1856 mentis
618 1807 927 1868 purgationem
955 1807 1116 1866 pariter
1138 1807 1184 1850 in
1206 1806 1472 1852 castimoniis
1497 1816 1541 1852 et
1563 1809 1701 1853 absti-

304 1883 472 1937 nentia,
503 1881 593 1925 ritu
614 1878 811 1940 quamvis
833 1876 1123 1923 diversissimo
1146 1886 1393 1937 reponunt,
1425 1878 1524 1923 dico
1553 1889 1700 1925 autem

303 1954 481 2000 Judaeos
497 1987 508 2008 ,
539 1960 582 1996 et
602 1950 870 1998 Christianos
886 1984 897 2004 ,
928 1957 972 1993 et
994 1950 1154 1993 Gentes
1171 1983 1182 2004 ,
1218 1965 1270 1993 ex
1303 1965 1494 2010 quanam
1519 1951 1702 1996 istarum

305 2027 566 2086 religionum
599 2037 740 2068 sermo
775 2022 846 2066 hic
880 2021 1051 2077 veniat,
1092 2036 1182 2065 non
1210 2030 1352 2080 potest
1383 2023 1598 2079 inveniri,
1623 2025 1700 2084 qui

305 2097 434 2144 docet
452 2094 562 2142 nihil
580 2109 669 2140 esse
693 2109 784 2139 non
800 2102 999 2139 sanctum
1019 2111 1027 2136 :
1054 2102 1171 2138 certe
1188 2108 1238 2136 ex
1249 2092 1472 2153 juda‘i'smo
1489 2095 1697 2154 minime,

304 2169 456 2215 itidem
472 2184 526 2213 ex
547 2165 823 2228 paganismo,
849 2165 951 2226 quia
972 2164 1115 2223 ipsum
1142 2179 1321 2224 quoque
1345 2163 1614 2211 discriminat
1634 2166 1698 2211 ci-

304 2241 407 2299 bos3
430 2255 511 2284 nec
532 2236 776 2300 quidquam
808 2236 1007 2289 interest,
1039 2234 1119 2278 nisi
1141 2235 1261 2294 quod
1289 2236 1501 2281 Hebraeus
1523 2237 1568 2281 in
1597 2238 1698 2297 qui-

304 2310 492 2357 busdam
515 2307 775 2354 animalibus
797 2323 820 2351 a
844 2305 1026 2366 Paganis
1046 2304 1258 2350 dissentit.
1291 2309 1443 2351 Restat
1465 2307 1698 2353 christiana

305 2382 435 2438 fides,
460 2382 583 2442 cujus
604 2380 638 2425 si
659 2378 885 2440 proprium
918 2377 1002 2421 hoc
1035 2391 1124 2421 esse
1146 2386 1289 2436 putas,
1316 2377 1426 2421 nihil
1456 2379 1696 2423 existimare

305 2453 552 2515 pollutum,
590 2451 708 2511 prius
737 2458 802 2495 est
834 2457 885 2494 ut
916 2447 1086 2492 fatearis
1117 2448 1163 2491 in
1197 2447 1321 2493 vobis
1351 2464 1440 2494 esse
1473 2451 1694 2495 neminem

355 2547 364 2563 ¹
384 2542 462 2573 Dan.
481 2548 505 2580 1,
524 2540 557 2572 et
574 2547 622 2579 iu,
643 2545 693 2570 12.
711 2549 752 2558 -τ-
766 2540 778 2558 ²
797 2534 859 2568 Tit.
880 2534 904 2576 i,
925 2531 976 2566 15.
990 2549 1031 2557 -
1049 2530 1062 2555 3
1083 2543 1094 2565 1
1115 2532 1195 2566 Tim.
1215 2543 1261 2575 iv,
1282 2532 1313 2566 3.
