1803 3250
331 160 414 200 320
739 165 772 195 s.
809 163 1039 196 Auousrmi
1074 169 1253 197 EPlscom

331 237 414 280 ritis
436 229 604 291 aliquid
627 229 757 276 fuisse
780 233 1041 288 nocituram,
1062 232 1308 278 fatebimini
1330 236 1659 295 corruptibilem
1673 246 1717 281 et

328 300 571 350 violabilem
595 304 761 361 Deum,
797 303 831 348 si
854 313 1000 349 autem
1022 304 1215 349 dixeritis
1237 304 1357 364 quod
1380 306 1419 350 ei
1442 322 1600 352 nocere
1629 322 1719 353 non

325 382 485 434 posset,
520 383 743 434 quaeretur
766 389 789 420 a
810 376 959 421 vobis:
986 379 1076 422 Cur
1099 391 1201 435 ergo
1224 377 1465 436 pugnavit?
1491 380 1583 424 Cur
1615 379 1721 423 sub-

319 447 522 490 stantiam
540 461 662 491 suam
681 448 1047 508 corrumpendam
1066 458 1198 509 atque
1215 448 1464 494 violandam
1481 458 1525 494 et
1542 449 1597 494 ad
1616 464 1721 510 pec·

319 526 413 562 cata
428 518 575 563 omnia
592 518 834 578 cogendam
855 520 1052 565 hostibus
1071 519 1276 565 tradidit?
1295 524 1459 568 Contra
1477 521 1603 566 istam
1617 536 1722 580 ergo

319 587 666 650 complexionem
686 606 910 650 nunquam
928 591 1042 635 exire
1060 592 1277 652 potuistis.

378 664 589 721 Magnum
609 662 775 723 aliquid
799 664 921 708 vobis
942 672 985 706 et
1006 672 1154 707 tutum
1178 664 1394 707 invenisse
1413 662 1648 718 videmini,
1672 673 1722 708 ut

319 733 616 794 respondeatis
631 733 825 779 dicentes
843 754 851 778 :
873 737 1032 793 Magna
1046 743 1109 778 est
1126 734 1332 794 iniquitas
1345 743 1549 795 appetere
1561 733 1717 790 aliena,

317 806 388 851 cui
418 809 530 851 Deus
555 806 777 867 iniquitati
809 806 1065 865 praebuisset
1098 821 1334 862 assensum,
1369 807 1521 853 sicam
1546 816 1718 867 gentem

318 893 417 937 quae
452 878 537 922 hoc
560 892 660 921 ausa
696 875 856 932 fuerat,
893 892 1141 936 expugnare
1173 877 1397 922 noluisset.
1426 878 1620 922 Haberet
1642 878 1723 923 ista

316 948 539 1007 responsio
551 946 923 1008 qualemcumque
934 948 1113 1008 justitiae
1125 948 1314 993 colorem
1323 985 1333 1004 ,
1350 950 1382 993 si
1396 949 1548 993 saltem
1566 949 1612 993 in
1628 949 1723 1009 ipso

316 1018 434 1063 bello
471 1029 628 1064 natura
663 1020 739 1063 Dei
768 1019 900 1064 vestri
922 1034 966 1063 se
988 1020 1204 1079 integram
1227 1019 1599 1081 impollutamque
1630 1035 1721 1065 ser-

316 1099 473 1146 vasset,
494 1100 537 1136 et
554 1091 767 1151 permixta
786 1089 1017 1135 hostilibus
1035 1092 1242 1136 membris
1262 1092 1371 1137 nihil
1394 1092 1637 1152 iniquitatis
1653 1091 1722 1136 vel

315 1171 466 1207 coacta
486 1161 557 1207 vel
578 1161 758 1208 seducta
781 1161 951 1207 fecisset
969 1181 977 1207 ε
1001 1177 1101 1207 cum
1124 1178 1228 1208 vero
1247 1163 1377 1208 tantis
1390 1162 1658 1209 facinoribus
1679 1171 1724 1208 et

316 1234 490 1294 flagitiis
505 1249 599 1279 eam
623 1234 841 1294 captivam
862 1234 1108 1278 consentire
1130 1234 1304 1293 dicatis,
1328 1250 1430 1280 cum
1453 1233 1643 1296 denique
1665 1234 1740 1295 ab·

315 1304 388 1349 illa
406 1306 629 1365 impietate
646 1315 735 1350 tam
753 1305 950 1359 immani,
971 1321 1059 1366 qua
1076 1305 1207 1350 etiam
1227 1305 1384 1350 lumini
1405 1315 1573 1361 sancto,
1599 1306 1724 1366 cujus

316 1377 458 1436 portio
486 1386 567 1433 est,
605 1377 747 1422 extitit
780 1376 973 1431 inimica,
1009 1391 1089 1420 nec
1122 1384 1261 1421 totam
1299 1377 1563 1435 perhibeatis
1596 1391 1722 1436 posse

316 1449 510 1508 purgari,
530 1448 651 1492 unde
668 1447 730 1492 illi
750 1447 906 1492 merito
926 1447 1168 1491 retribuere
1183 1446 1358 1493 creditis
1377 1447 1587 1493 horrendi
1609 1447 1724 1493 illius

315 1518 434 1576 globi
456 1527 620 1564 aeterna
642 1517 855 1578 supplicia
878 1537 886 1562 ε
911 1527 1080 1579 quanto
1103 1519 1236 1564 satius
1257 1528 1349 1564 erat
1371 1519 1598 1564 inimicum
1618 1519 1723 1564 hos-

314 1599 402 1635 tem
418 1591 465 1636 in
482 1607 559 1636 sua
578 1591 811 1652 iniquitate
835 1590 1084 1651 relinquere
1104 1591 1252 1636 inania
1274 1590 1563 1646 mollientem,
1588 1606 1722 1653 quam

314 1661 486 1707 tradere
502 1663 540 1707 ei
560 1671 730 1724 partem
748 1662 842 1717 Dei,
863 1662 988 1722 cujus
1005 1662 1115 1706 vires
1138 1663 1347 1718 hauriret,
1371 1664 1495 1723 cujus
1516 1663 1721 1708 decorem

314 1744 574 1796 corruptum
596 1750 688 1780 suae
709 1734 932 1795 iniquitati
955 1734 1156 1790 sociaret,
1183 1735 1280 1796 quis
1303 1750 1393 1780 non
1415 1735 1588 1779 videat?
1615 1734 1723 1789 Quis

317 1813 436 1852 tanta
458 1807 752 1852 obstinatione
774 1814 980 1860 caecetur,
1006 1814 1057 1849 ut
1078 1821 1169 1850 non
1190 1807 1365 1862 sentiat,
1390 1821 1482 1851 non
1504 1804 1719 1860 attendat,

318 1888 486 1938 quanto
514 1879 684 1925 minore
706 1877 939 1939 iniquitate
961 1893 1068 1938 gens
1091 1878 1373 1923 tenebrarum
1410 1878 1571 1923 frustra
1592 1887 1725 1923 natu-

316 1964 407 1996 ram
424 1951 631 1997 invadere
649 1960 883 1997 conaretur
907 1949 1111 2005 alienam,
1133 1966 1264 2011 quam
1284 1954 1399 1995 Deus
1420 1949 1723 1996 invadendum

315 2032 358 2067 et
380 2023 434 2068 ad
451 2024 731 2086 iniquitatem
749 2022 1010 2082 cogendam,
1029 2032 1072 2067 et
1090 2023 1144 2067 ad
1163 2038 1345 2083 poenam
1362 2038 1413 2067 ex
1430 2021 1576 2084 aliqua
1591 2023 1723 2068 etiam

314 2104 436 2152 parte
469 2091 765 2141 damnandam
801 2094 992 2140 traderet
1027 2096 1177 2140 suam?
1216 2094 1410 2140 Hoccine
1445 2094 1626 2140 tandem
1659 2103 1725 2140 est

314 2165 537 2228 iniquitati
552 2169 800 2215 consentire
813 2167 1022 2224 noluisse,
1042 2176 1086 2212 et
1099 2176 1190 2212 tam
1204 2168 1428 2227 ingentem
1444 2166 1724 2227 iniquitatem

314 2237 405 2283 sine
422 2239 509 2286 ulla
524 2241 779 2286 necessitate
796 2239 972 2285 fecisse?
992 2242 1061 2285 An
1073 2249 1165 2284 erat
1178 2240 1427 2296 necessitas,
1446 2239 1567 2299 quod
1579 2239 1724 2299 ipsum

316 2309 611 2357 Manichaeum
633 2312 779 2357 dicere
802 2327 892 2356 non
915 2311 1092 2371 puduit,
1115 2321 1158 2356 et
1175 2327 1251 2356 vos
1271 2311 1436 2371 pudet?
1458 2309 1537 2352 Ille
1559 2310 1724 2366 quippe

317 2378 403 2422 ait:
430 2397 450 2419 «
475 2380 643 2425 Vidisse
665 2387 806 2425 Deum
831 2396 1032 2434 maguam
1058 2382 1199 2419 labem
1226 2391 1274 2420 ac
1296 2376 1544 2420 vastitatem
1568 2375 1723 2421 adver-

316 2465 388 2494 sus
405 2465 483 2494 sua
504 2458 654 2494 sancta
675 2447 930 2507 impendere
947 2446 1122 2502 saecula,
1138 2447 1220 2492 nisi
1242 2446 1424 2508 aliquod
1447 2448 1653 2493 eximium
1676 2457 1720 2493 et

317 2521 479 2566 virtute
516 2530 671 2582 potens
704 2522 876 2566 Numen
906 2528 1164 2578 opponeret.
1195 2537 1213 2560 »
1246 2521 1327 2564 Vos
1360 2529 1506 2565 autern
1550 2520 1720 2565 acutius
