1803 3250
348 238 430 276 492
783 250 812 275 s.
852 248 1080 276 AUGUSTINI
1118 250 1297 277 EPISCOPI

347 334 365 355 »
398 319 529 357 Deum
548 349 558 363 ,
595 313 681 357 imo
707 314 867 371 cogniti
892 330 914 357 a
939 318 1025 358 Deo
1042 318 1068 357 ¹.
1092 334 1110 354 »
1151 317 1213 359 Ne
1236 316 1317 358 sibi
1340 316 1587 359 tribuerent
1610 317 1732 376 quod

344 393 634 442 cognoverant
660 387 810 426 Deum.
841 385 907 428 Sic
925 400 1026 442 ergo
1051 386 1136 437 ait,
1170 386 1332 441 cogniti
1351 401 1373 428 a
1399 388 1507 440 Deo,
1534 395 1582 430 ut
1603 387 1734 430 intel-

345 455 527 511 ligerent
546 453 665 512 quod
691 453 784 498 illos
804 455 938 512 gratia
957 471 1030 498 sua
1055 459 1163 498 Deus
1188 455 1336 498 fecerit
1353 457 1597 514 cognitores
1616 472 1730 500 suos.

348 523 596 567 Secundum
620 524 749 567 istum
774 524 1004 569 locutionis
1028 525 1205 569 modum
1230 527 1397 569 dictum
1418 535 1481 570 est
1501 546 1509 570 :
1540 546 1559 566 ι(
1580 530 1633 570 Et
1657 542 1734 570 no-

348 613 366 633 »
394 593 468 637 lite
490 595 747 638 contristare
774 595 982 654 Spiritum
1005 605 1201 639 sanctum
1229 597 1303 639 Dei
1317 601 1333 621 '²
1357 616 1364 640 :
1387 615 1405 636 »
1431 597 1514 640 hoc
1537 606 1600 640 est
1617 632 1626 650 ,
1655 613 1736 641 no-

344 665 417 708 lite
436 681 513 709 nos
536 666 790 710 contristare
813 668 888 726 qui
919 667 1161 710 secundum
1190 668 1397 725 Spiritum
1425 669 1502 711 Dei
1533 669 1737 711 constris-

344 745 486 779 tamur
506 751 554 779 ex
581 737 703 780 vobis
727 757 735 782 :
761 738 984 781 Charitate
1006 737 1168 796 quippe
1185 737 1574 792 contristabantur,
1604 753 1736 797 (piam

341 805 619 850 diffundebat
652 808 835 864 Spiritus
869 816 1043 850 sanctus
1072 806 1117 849 in
1149 806 1353 850 cordibus
1386 823 1569 862 eorum,
1597 817 1638 850 et
1663 823 1738 867 per

345 878 423 919 lioc
445 892 517 920 eos
541 877 594 920 de
623 877 741 920 malis
766 879 951 921 fratrum
985 878 1124 921 tristes
1160 878 1250 936 ipse
1277 877 1506 922 faciebaffl.
1542 879 1738 938 Denique

343 947 457 990 idem
494 947 763 1005 Apostolus:
794 968 814 990 «
836 949 1098 1008 Accepistis,
1143 949 1312 1008 inquit,
1354 949 1561 1007 Spiritum
1600 950 1737 1008 adop-

346 1036 364 1058 »
392 1018 518 1061 tionis
551 1018 760 1073 filiorum,
783 1019 828 1062 in
851 1035 940 1079 quo
964 1019 1199 1063 clamamus
1221 1055 1231 1074 ,
1264 1020 1405 1074 Abba,
1436 1022 1601 1063 Paterss.
1625 1038 1643 1060 >›
1684 1023 1739 1063 Et

341 1088 440 1131 alibi
465 1090 668 1133 eumdem
705 1105 878 1134 sensum
914 1106 1261 1135 commemorans
1296 1110 1303 1133 :
1350 1091 1514 1144 «Misit,
1568 1090 1735 1149 inquit,

349 1182 362 1195 »ι
394 1162 503 1203 Deus
534 1161 741 1219 Spiritum
767 1160 864 1204 Filii
897 1162 961 1206 sui
996 1162 1041 1204 in
1079 1160 1211 1206 corda
1247 1170 1416 1215 vestra,
1445 1161 1704 1205 clamantem
1726 1197 1736 1213 ,

343 1248 362 1269 »
393 1230 515 1273 Abba
532 1266 542 1285 ,
573 1234 697 1274 Pater
714 1233 743 1274 ⁵.
766 1250 785 1272 »
813 1231 1046 1285 Quomodo
1076 1232 1135 1275 ibi
1160 1233 1203 1275 in
1231 1247 1320 1291 quo
1342 1232 1602 1286 clamamus,
1629 1248 1740 1291 quo-

342 1302 473 1346 modo
500 1302 568 1346 hic
591 1302 871 1358 clamantem,
901 1305 981 1347 nisi
1016 1304 1119 1363 quia
1151 1303 1412 1347 clamantem
1438 1304 1508 1347 hic
1542 1304 1600 1346 ait
1617 1339 1626 1355 ‚
1651 1303 1741 1347 cla-

343 1387 457 1415 mare
499 1373 762 1417 facientem?
787 1377 843 1418 Ut
885 1383 1030 1417 autem
1072 1373 1314 1417 secundum
1344 1375 1537 1432 ipsorum
1565 1389 1738 1417 sensum

341 1444 398 1486 sic
419 1444 679 1501 accipiamus
704 1445 982 1498 clamantem,
1011 1454 1218 1502 tanquam
1245 1459 1335 1487 non
1360 1444 1546 1487 clamare
1570 1460 1647 1489 nos
1670 1443 1737 1487 fa-

341 1514 440 1564 ciat,
467 1514 539 1555 sed
564 1514 654 1572 ipsc
681 1513 838 1557 clamet
866 1534 873 1558 2
900 1529 999 1559 ecce
1034 1514 1103 1558 dic
1137 1514 1233 1568 mh„
1288 1515 1416 1570 abba,
1454 1518 1607 1569 Pater,
1647 1531 1737 1558 non

341 1582 586 1640 interpellat
610 1582 767 1626 Filium
790 1619 800 1639 ,
827 1583 902 1627 sed
926 1588 1113 1628 Patrem.
1151 1587 1250 1630 Non
1279 1585 1394 1629 enim
1417 1584 1644 1629 audebunt
1667 1586 1736 1628 di-

340 1668 435 1696 cere
458 1654 596 1697 lilium
620 1655 776 1698 Christi
804 1670 894 1698 esse
920 1655 1129 1714 Spiritum
1159 1665 1359 1700 sanctum
1386 1675 1393 1700 ε
1422 1671 1523 1699 nam
1546 1656 1700 1716 utique
1724 1691 1734 1710 ,

340 1739 393 1766 ne
415 1724 496 1768 hoc
524 1725 734 1781 dicerent,
761 1741 850 1770 non
870 1727 1066 1785 genitum
1087 1742 1110 1770 a
1133 1726 1260 1783 Filio,
1291 1726 1366 1771 sed
1395 1726 1563 1771 factum
1593 1727 1737 1771 dicere

343 1795 604 1840 maluerunt.
633 1800 728 1841 Non
752 1813 854 1856 ergo
886 1798 1046 1842 scimus
1073 1813 1149 1857 per
1177 1814 1255 1842 nos
1277 1799 1392 1857 ipsos
1422 1798 1530 1858 quid
1565 1814 1738 1842 oremus

339 1868 451 1911 sicut
476 1878 663 1927 oportet,
691 1868 766 1912 sed
784 1870 873 1928 ipse
900 1871 1083 1928 Spiritus
1101 1869 1335 1929 iterpellat,
1361 1869 1640 1929 interpellare
1659 1886 1736 1914 nos

342 1938 442 1982 facit
462 1956 561 1998 quae
584 1949 686 1983 sunt
708 1940 950 1983 secundnm
980 1942 1144 1984 Deum‘*
1170 1960 1178 1984 ε
1200 1940 1321 2000 quod
1351 1941 1427 1984 nisi
1466 1940 1619 1995 faciat,
1648 1957 1736 1985 non

340 2025 535 2064 oramus,
577 2011 656 2053 nisi
684 2011 925 2054 secundum
958 2011 1090 2054 istum
1120 2011 1360 2066 mundum,
1387 2012 1442 2055 ad
1477 2011 1736 2071 explendam

340 2081 737 2139 concupiscentiam
762 2082 918 2136 carnis,
941 2091 983 2124 et
1006 2082 1406 2140 concupiscentiam
1427 2082 1672 2136 oculorum,
1695 2093 1738 2127 et

340 2151 622 2194 ambitionem
645 2150 790 2195 saeculi
809 2186 819 2205 ,
846 2167 946 2211 quae
968 2167 1056 2195 non
1081 2162 1182 2196 sunt
1205 2168 1227 2195 a
1252 2155 1392 2206 Patre,
1413 2153 1487 2195 sed
1504 2168 1555 2195 ex
1568 2154 1734 2197 mundo

341 2232 455 2265 sunt.
483 2222 689 2274 Quamvis
720 2221 922 2266 nonnulli
947 2222 990 2265 id
1013 2224 1134 2282 quod
1157 2222 1323 2267 dictum
1349 2232 1412 2267 est
1437 2243 1445 2267 :
1475 2242 1494 2264 «
1517 2226 1613 2282 Ipse
1638 2226 1735 2283 Spi-

345 2312 362 2333 »
392 2294 496 2335 ritus
519 2292 767 2351 interpellat
789 2293 1065 2352 gemitibus7,
1081 2313 1099 2335 »
1132 2293 1186 2337 de
1210 2294 1364 2353 spiritu
1387 2295 1574 2339 hominis
1608 2295 1738 2338 intel-

343 2362 567 2421 ligendum
593 2362 876 2407 arbitrentur.

400 2436 544 2478 XXII.
586 2453 605 2475 «
629 2435 778 2478 Totius
794 2434 1002 2478 bonitatis
1021 2443 1064 2478 et
1086 2435 1308 2494 sapientiae
1330 2444 1374 2479 et
1388 2434 1561 2479 virtutis
1584 2437 1735 2491 Patris,

392 2542 398 2557 ¹
418 2536 485 2567 Gal.
503 2547 546 2576 iv,
566 2547 599 2577 ς).
616 2553 657 2558 -
675 2543 686 2558 ²
705 2536 886 2578 E1›hes.1v‚
909 2537 1014 2569 3o.—
1032 2535 1044 2559 3
1064 2538 1158 2569 Rom.
1180 2549 1214 2578 v,
1231 2538 1263 2571 5.
1279 2537 1350 2568 —4
1365 2539 1410 2571 ld.
1433 2550 1502 2579 vni,
1525 2538 1575 2571 15.
1593 2537 1651 2562 —5
1667 2539 1734 2572 Gal.

344 2601 390 2629 iv,
410 2590 443 2621 6.
461 2588 529 2614 -6
550 2593 641 2624 Rom.
662 2602 727 2632 vin,
748 2592 800 2624 26.
817 2609 857 2615 —
873 2599 886 2625 7
910 2603 921 2624 1
943 2594 1035 2624 Joan.
1055 2604 1090 2633 n,
1126 2594 1175 2626 16.
