1803 3250
332 246 412 284 392
755 252 789 280 s.
827 254 1054 282 Δυαυετῐω
1090 255 1268 281 Episcopi

331 321 472 380 potius
490 318 592 362 deos
610 333 761 362 eorum
784 318 1004 374 laudavit,
1031 335 1271 379 eorumque
1291 320 1495 364 sacrificia
1513 321 1718 379 praedica-

327 393 414 444 vit,
441 390 473 433 si
497 399 538 432 et
568 389 644 433 ista
674 390 895 449 Scriptura
919 405 1049 450 quam
1078 389 1268 450 populus
1302 391 1429 434 israe!
1462 393 1650 451 accepit,
1676 402 1715 435 et

327 461 396 506 illa
420 476 536 504 sacra
560 461 790 515 Gentium,
816 461 927 506 sicut
949 463 1026 506 iste
1049 462 1177 516 dicit,
1205 463 1258 505 ad
1287 461 1500 506 daemonia
1527 463 1718 522 pertine-

328 534 464 576 bant?
487 531 603 586 Quid
625 531 745 591 quod
771 535 909 576 Deum
936 533 1066 577 lsra'e'l
1092 534 1223 577 audet
1251 533 1400 576 infelix
1429 534 1594 588 dicere,
1631 550 1719 579 non

324 605 464 649 solum
489 603 732 648 daemonem
756 640 765 656 ,
800 606 1083 649 verumetiam
1109 605 1274 649 caeteris
1296 604 1574 649 doemonibus
1598 607 1719 666 pejo-

324 678 446 720 rem?
469 677 558 720 Cur
580 690 681 734 ergo
705 675 935 735 Apostolus
952 712 962 729 ,
997 678 1073 736 qui
1106 677 1150 720 in
1181 676 1385 720 omnibus
1405 677 1596 731 omnia¹,
1632 692 1719 721 non

324 747 614 794 misericordia
642 749 949 807 compatiente,
976 748 1086 791 sicut
1104 747 1260 790 veritas
1278 747 1484 802 ostendit,
1506 746 1580 791 sed
1598 756 1718 792 astu-

324 821 380 864 tia
406 818 599 872 fallente,
627 821 737 863 sicut
760 820 839 862 iste
861 819 1040 878 desipit,
1066 819 1208 862 factus
1230 829 1337 873 erat,
1363 834 1452 862 non
1470 820 1612 878 potius
1629 818 1721 863 illo-

323 907 418 935 rum
449 890 700 934 dremonum
733 905 841 950 quos
875 890 1079 934 colebant
1114 891 1321 944 Romani,
1355 906 1465 951 quos
1500 890 1721 934 daemones

323 970 446 1021 putat
468 962 546 1003 iste
571 960 777 1015 mitiores,
800 976 972 1005 servum
995 976 1039 1004 se
1057 976 1147 1005 esse
1165 963 1395 1015 confinxit,
1424 971 1473 1005 ut
1490 962 1614 1005 fieret
1629 970 1722 1006 tan·

322 1048 453 1094 quam
474 1031 534 1075 illi
555 1068 565 1086 ,
593 1048 641 1076 ac
665 1032 723 1076 sic
742 1047 814 1076 eos
837 1032 1140 1076 lucrifaceret?

383 1105 432 1147 V.
463 1105 618 1148 Nonne
637 1104 740 1147 item
766 1102 871 1148 dicit
894 1102 948 1147 ad
968 1104 1178 1163 Ephesios
1201 1123 1209 1148 ;
1239 1123 1259 1145 «
1282 1107 1463 1163 Propter
1485 1103 1606 1165 quod
1630 1119 1723 1148 me-

331 1195 348 1215 »
375 1190 515 1219 mores
534 1175 632 1219 estis
648 1211 658 1227 ,
685 1176 786 1235 quia
806 1190 880 1219 vos
902 1175 1082 1235 quando
1099 1176 1258 1219 Gentes
1274 1175 1402 1219 eratis
1420 1175 1464 1219 in
1484 1191 1629 1226 carne,
1649 1177 1723 1236 qui

334 1269 349 1285 n
377 1247 572 1291 dicimini
594 1246 861 1306 praeputium
880 1281 891 1300 ,
923 1246 976 1289 ab
1000 1262 1048 1290 ea
1070 1262 1169 1306 quae
1199 1246 1357 1290 dicitur
1385 1247 1657 1291 circumcisio
1679 1247 1723 1291 in

330 1339 349 1359 »
377 1334 506 1363 carne
522 1317 797 1375 manufacta,
818 1318 892 1377 qui
907 1318 1034 1362 eratis
1047 1317 1123 1361 illo
1141 1318 1186 1360 in
1206 1327 1402 1377 tempore
1423 1318 1515 1361 sine
1530 1318 1721 1371 Christo,

338 1414 353 1432 »
381 1390 554 1434 alienati
578 1406 599 1434 a
624 1391 827 1434 societate
862 1388 1017 1446 lsrael,
1049 1400 1091 1433 et
1122 1389 1337 1448 peregrini
1366 1398 1722 1434 testamentorum

334 1483 351 1504 »
379 1474 419 1507 et
443 1463 756 1523 promissionis,
784 1477 905 1521 spem
930 1477 1018 1505 non
1042 1462 1268 1514 habentes,
1295 1470 1337 1504 et
1360 1461 1452 1505 sine
1472 1464 1561 1506 Deo
1580 1462 1625 1505 in
1643 1463 1726 1506 hoc

334 1553 352 1575 »
381 1533 574 1590 mundo,
599 1548 717 1576 nunc
741 1541 887 1576 autem
905 1533 948 1575 in
969 1531 1143 1576 Christo
1159 1533 1260 1575 Jesu
1278 1547 1371 1586 vos,
1392 1533 1469 1592 qui
1488 1531 1725 1588 aliquando

334 1625 350 1645 »
380 1604 505 1648 eratis
523 1603 668 1663 longe,
691 1604 904 1649 tactiestis
917 1604 1109 1663 propein
1129 1604 1341 1662 sanguine
1356 1604 1530 1648 Christi.
1553 1606 1650 1663 Ipse
1664 1612 1726 1648 est

334 1696 352 1716 »
381 1676 496 1719 enim
510 1691 592 1735 pax
608 1685 770 1728 nostra,
799 1675 874 1735 qui
891 1673 993 1719 fecit
1008 1685 1194 1734 utraque
1206 1689 1362 1729 unum,
1378 1683 1420 1717 et
1436 1673 1629 1719 medium
1652 1691 1726 1734 pa-

335 1768 353 1787 »
382 1747 530 1790 rietem
548 1747 745 1790 maceriae
765 1746 936 1791 solvens
949 1746 1222 1790 inimicitiam
1241 1747 1284 1790 in
1297 1760 1427 1790 carne
1441 1761 1517 1789 sua
1536 1766 1544 1790 ;
1567 1748 1725 1804 Legem

336 1838 354 1859 »
380 1817 690 1863 mandatorum
713 1819 757 1862 in
778 1819 961 1862 decretis
988 1834 1219 1872 evacuans,
1250 1827 1298 1862 ut
1320 1816 1431 1862 duos
1452 1817 1662 1863 conderet
1683 1818 1726 1862 in

337 1910 355 1931 »
381 1906 423 1934 se
441 1892 485 1934 in
509 1905 647 1933 unum
667 1905 831 1934 novum
848 1889 1071 1933 hominem
1090 1925 1101 1943 ,
1130 1888 1292 1933 faciens
1313 1904 1462 1948 pacem
1482 1924 1493 1945 ,
1529 1899 1579 1933 ut
1604 1905 1727 1934 com-

336 1981 355 2002 »
382 1970 571 2005 mutaret
596 1971 803 2021 utrosque
825 1960 870 2004 in
892 1976 981 2005 uno
1002 1976 1185 2020 corpore
1216 1963 1305 2004 Deo
1323 1995 1334 2015 ,
1364 1976 1439 2019 per
1463 1976 1639 2005 crucem
1657 1962 1728 2004 in-

340 2056 355 2075 »
382 2033 596 2077 terficiens
617 2032 861 2076 inimicitias
885 2032 930 2075 in
952 2033 1182 2091 semetipso
1203 2051 1212 2075 ς
1238 2042 1281 2075 et
1299 2032 1479 2075 veniens
1501 2031 1724 2091 evangeli-

340 2125 358 2145 »
385 2105 496 2148 zavit
521 2119 670 2164 pacem
694 2104 816 2148 vobis
838 2104 915 2163 qui
947 2104 1075 2147 eratis
1097 2103 1228 2162 longe
1249 2138 1259 2158 ,
1300 2112 1343 2147 et
1373 2119 1525 2162 pacem
1554 2104 1618 2148 his
1655 2105 1729 2164 qui

340 2195 358 2217 »
386 2191 548 2236 prope,
571 2175 672 2235 quia
695 2190 771 2235 per
793 2174 937 2235 ipsum
957 2174 1166 2219 habemus
1186 2189 1399 2218 accessum
1424 2174 1555 2220 ambo
1575 2175 1622 2219 in
1643 2190 1730 2220 uno

341 2267 359 2288 »
386 2248 540 2307 spiritu
563 2247 618 2291 ad
642 2250 829 2291 Patrem.
857 2247 994 2305 Igitur
1011 2248 1100 2306 jam
1124 2262 1214 2291 non
1231 2246 1330 2290 estis
1356 2246 1571 2305 peregrini
1595 2255 1638 2291 et
1662 2246 1730 2290 in-

340 2339 358 2361 »
386 2319 542 2380 quilini
563 2339 572 2364 :
595 2320 671 2364 sed
693 2319 793 2363 estis
815 2319 928 2364 cives
945 2328 1197 2363 sanctorum
1214 2326 1258 2363 et
1274 2317 1503 2362 domestici
1526 2318 1625 2374 Dei,
1654 2334 1728 2363 su-

339 2410 359 2433 »
387 2392 664 2451 peraedificati
686 2407 816 2450 supra
849 2390 1189 2435 fundamentum
1217 2389 1528 2449 Apostolorum
1551 2399 1595 2434 et
1620 2393 1727 2435 Pro-

343 2482 361 2504 »
389 2463 636 2522 phetarum‚
655 2462 749 2522 ipso
771 2477 942 2506 summo
957 2461 1154 2520 angulari
1170 2460 1316 2521 lapide
1331 2461 1542 2506 existente
1557 2461 1732 2506 Christo

345 2555 362 2575 »
389 2535 532 2578 Jesu3.
552 2552 571 2575 »
598 2534 719 2578 Dicat
746 2534 825 2578 iste
853 2533 1134 2593 blasphemus
1152 2568 1163 2589 ,
1200 2531 1424 2593 quomodo
1454 2547 1590 2593 prope
1626 2531 1730 2577 dicit

395 2627 401 2641 ¹
427 2631 436 2649 ι
464 2622 535 2651 Cor,
557 2631 601 2660 ix,
619 2629 672 2651 αα.
692 2636 732 2642 ——·
747 2627 757 2641 ²
781 2619 892 2661 Ephes.
914 2630 948 2654 ιι,
971 2631 1021 2650 ιι.
1042 2636 1083 2641 -
1101 2617 1177 2650 ³1d.
1196 2629 1231 2659 n,
1256 2627 1373 2651 11-20.
