1803 3250
392 253 556 280 CONTRA
589 256 821 281 suumomssm
857 256 1123 283 mutuor-mi.
1367 247 1447 285 497

67 313 122 357 ad
144 328 215 358 eos
243 317 416 371 venire,
445 317 525 360 nisi
547 333 598 362 eo
624 318 867 361 habitantes
898 320 942 362 in
976 321 1098 364 nobis
1129 321 1328 364 habere?
1358 325 1450 366 Hoc

67 385 182 427 enim
206 385 339 429 modo
361 396 403 430 et
426 387 506 444 ipsi
526 386 580 430 ad
598 403 675 432 nos
697 388 894 442 veniunt,
920 405 1020 433 cum
1045 393 1157 434 Deus
1179 391 1344 449 ubique
1367 392 1418 435 sit
1438 427 1448 445 ‚

65 462 109 497 et
130 454 254 499 nullo
285 456 497 515 corporali
525 458 800 502 contineatur
832 458 942 502 loco.
988 463 1082 518 Ipse
1119 460 1313 504 Salvator
1345 461 1450 505 dicit

65 523 120 567 de
142 539 185 568 se
210 534 253 569 et
278 526 332 569 de
363 529 488 569 Patre
511 546 520 570 2
550 546 568 568 «
596 527 827 570 Veniemus
862 527 916 571 ad
952 544 1051 572 eum
1073 564 1083 583 ,
1121 539 1163 572 et
1185 531 1450 574 mansionem

67 612 86 634 »
113 594 230 652 apud
267 610 368 639 eum
404 595 615 639 faciemus
632 598 660 638 ¹.
697 614 715 637 »
742 598 798 639 Et
836 597 890 640 de
933 599 1093 656 Spiritu
1131 609 1278 644 sancto
1312 600 1416 644 dicit
1437 619 1445 643 :

68 683 87 705 «
111 664 200 710 Nisi
218 679 298 723 ego
322 665 489 718 abiero,
515 664 763 710 Advocatus
787 681 876 709 non
903 668 1046 711 veniet
1076 668 1130 711 ad
1146 671 1266 712 vos².
1287 687 1305 709 »
1332 669 1448 722 Quid

62 743 125 778 est
146 750 249 793 ergo
276 734 398 795 quod
419 734 573 780 dicunt
595 755 602 780 :
635 736 806 781 «Sicuti
835 752 964 782 nemo
989 747 1130 797 potest
1151 740 1241 782 sine
1265 740 1373 784 Filio
1396 739 1450 783 ad

64 807 236 849 Patrem
258 805 456 861 transire,
486 806 544 850 ita
577 815 620 850 et
651 821 780 851 nemo
809 816 950 866 potest
982 809 1073 852 sine
1104 809 1267 867 Spiritu
1300 819 1447 853 sancto

59 874 220 919 Filium
250 876 296 920 in
327 877 506 921 veritate
539 875 721 922 adorare
759 896 767 922 z
808 896 827 919 »
864 887 906 922 et
941 877 1099 922 deinde
1139 880 1438 938 subjungunt:

64 964 84 987 «
107 947 221 1003 Ergo
239 946 284 990 in
308 946 473 1005 Spiritu
492 956 640 992 sancto
669 947 874 992 adoratur
902 947 1058 992 Filius?
1075 967 1093 989 »
1120 948 1448 1008 Numquidnam

64 1016 158 1060 haec
181 1015 375 1060 indicant
397 1016 692 1062 differentiam
714 1027 989 1073 naturarum,
1015 1019 1069 1062 de
1086 1035 1172 1078 qua
1186 1019 1297 1063 inter
1314 1034 1392 1064 nos
1407 1029 1450 1064 et

62 1085 159 1130 illos
192 1087 378 1131 vertitur
401 1088 617 1147 quaestio?
638 1091 747 1134 Nam
771 1090 805 1133 si
831 1105 961 1134 nemo
994 1099 1135 1149 potest
1169 1091 1261 1134 sine
1287 1090 1449 1149 Spiritu

61 1167 211 1215 sancto
247 1158 402 1203 Filium
438 1159 485 1203 in
517 1161 700 1204 veritate
728 1160 929 1216 adorare,
965 1170 1008 1205 et
1039 1162 1083 1205 in
1120 1161 1281 1220 Spiritu
1304 1170 1451 1205 sancto

60 1227 267 1273 adoratur
291 1228 450 1284 Filius,
481 1229 679 1289 profecto
702 1231 857 1275 veritas
880 1240 943 1275 est
966 1232 1094 1275 etiam
1118 1232 1301 1290 Spiritus
1326 1246 1451 1275 sanc-

61 1308 128 1343 tus
155 1318 164 1343 2
190 1299 293 1358 quia
314 1314 417 1343 cum
439 1300 486 1342 in
506 1299 583 1343 ino
602 1302 808 1345 adoratur
831 1301 983 1355 Filius,
1002 1302 1114 1346 sicut
1130 1302 1185 1345 ab
1208 1303 1266 1346 eis
1284 1302 1451 1345 dictum

60 1378 148 1425 est,
175 1371 221 1413 in
241 1370 424 1414 veritate
452 1368 673 1414 adoratur.
713 1373 769 1414 At
797 1372 888 1430 ipse
918 1371 1046 1415 Filius
1077 1372 1165 1415 ait:
1195 1375 1328 1430 «Ego
1358 1387 1453 1415 sum

60 1459 80 1482 »
106 1440 262 1485 veritas
277 1441 309 1483 3.
333 1457 354 1481 »
373 1442 491 1499 Ergo
511 1448 554 1484 et
575 1441 620 1484 in
644 1456 688 1484 se
709 1441 802 1500 ipso
827 1440 1033 1485 adoratur
1049 1475 1059 1495 ‚
1079 1456 1182 1485 cum
1204 1442 1250 1484 in
1270 1441 1451 1485 veritate

58 1511 276 1555 adoratur.
296 1512 358 1554 Ac
381 1525 458 1569 per
482 1511 565 1555 hoc
581 1519 624 1554 et
643 1511 689 1554 in
711 1526 754 1554 se
777 1510 878 1554 etin
902 1510 1065 1570 Spiritu
1082 1519 1229 1554 sancto
1248 1511 1453 1553 adoratur

60 1580 209 1625 Filius.
240 1581 346 1634 Quis
366 1589 513 1625 autem
533 1581 591 1624 ita
614 1580 668 1624 sit
684 1580 857 1639 impius,
874 1589 924 1623 ut
944 1580 1046 1623 inde
1069 1588 1237 1638 separet
1255 1580 1454 1623 Patrem?

57 1649 290 1704 Quomodo
313 1650 429 1695 enim
451 1666 542 1695 non
561 1660 603 1694 et
624 1651 671 1693 in
688 1649 764 1694 illo
783 1649 1029 1704 adoramus,
1056 1650 1102 1693 in
1125 1665 1212 1708 quo
1241 1650 1447 1703 vivimus,

58 1735 286 1765 movemur
313 1729 356 1764 et
388 1721 600 1764 sumus4‘?
624 1719 814 1764 Proinde
836 1720 1005 1763 adorari
1023 1718 1184 1763 Filium
1217 1720 1262 1763 in
1287 1719 1451 1778 Spiritu

57 1799 231 1846 sancto,
269 1790 399 1835 etiam
436 1805 515 1834 nos
552 1789 738 1834 dicimus
767 1809 775 1833 :
811 1788 979 1834 adorari
1016 1798 1161 1834 autem
1194 1789 1350 1832 Filium
1394 1788 1448 1832 ab

64 1861 227 1921 Spiritu
250 1869 416 1915 sancto,
441 1859 591 1919 legant
612 1861 647 1904 si
669 1869 864 1919 possunt.

118 1934 282 1976 XXIX.
319 1934 429 1978 Nam
446 1946 523 1991 per
545 1931 700 1975 Filium
719 1930 948 1989 glorificari
971 1934 1158 1984 Patrem,
1179 1931 1274 1989 quis
1289 1930 1448 1986 negat?

62 2002 148 2048 Sed
169 2012 212 2047 et
233 2003 396 2047 Filium
416 2001 645 2060 glorificari
660 2017 736 2061 per
758 2005 947 2055 Patrem,
969 2015 1126 2058 negare
1148 2001 1244 2059 quis
1264 1998 1448 2043 audeat?

59 2073 142 2118 Cui
159 2072 265 2117 dicit
284 2074 374 2132 ipse
392 2072 528 2116 Filius
551 2091 560 2115 ι
589 2092 610 2114 «
627 2072 830 2116 Glorifica
860 2086 928 2114 me
943 2073 972 2113 ⁵.
1001 2088 1020 2111 n
1047 2070 1130 2114 Cui
1159 2070 1288 2113 etiam
1310 2068 1442 2112 dicit:

64 2163 84 2186 «
110 2146 205 2203 Ego
226 2153 270 2187 te
291 2142 573 2202 glorificaviss.
598 2160 617 2183 »
643 2142 894 2187 Glorificare
916 2149 1079 2194 autem,
1101 2149 1144 2183 et
1159 2139 1447 2183 honorificare

61 2224 104 2259 et
125 2213 386 2269 clarificare,
411 2214 492 2258 tria
515 2212 688 2273 quidem
719 2213 870 2266 verba,
904 2210 978 2254 sed
1004 2226 1068 2254 res
1092 2225 1179 2253 una
1203 2218 1292 2263 est,
1327 2208 1447 2268 quod

62 2301 201 2345 graece
222 2286 380 2330 dicitur
402 2286 552 2330 δοξάζειν
575 2303 583 2328 :
610 2284 894 2341 interpretum
914 2290 1059 2326 autem
1079 2280 1304 2334 varietate,
1326 2278 1449 2323 aliter

62 2366 194 2418 atque
215 2357 338 2402 aliter
359 2356 551 2417 positum
573 2363 638 2399 est
659 2355 705 2398 in
729 2354 877 2398 latino.

112 2500 120 2516 ¹
141 2496 234 2526 Joan.
261 2504 329 2535 xiv,
360 2493 415 2526 23.
431 2508 470 2515 -—-
489 2499 502 2515 ²
527 2492 574 2524 Id.
596 2501 662 2532 xvi,
688 2501 719 2533 7.
736 2507 777 2513 —-
794 2489 806 2513 3
831 2491 867 2522 ld
903 2498 968 2524 xiv,
997 2488 1029 2519 6.
1044 2504 1085 2511 —
1100 2485 1115 2516 4
1134 2489 1210 2519 Act.
1234 2497 1310 2527 xvn,
1339 2489 1391 2518 28.
1411 2502 1450 2508 -·

64 2549 80 2573 5
96 2552 187 2583 Joan.
213 2560 292 2588 xvn,
311 2557 330 2581 2
349 2554 383 2582 et
401 2549 431 2581 5.
444 2565 486 2571 -
500 2546 516 2571 6
535 2548 581 2580 Id.
601 2558 656 2587 xn,
680 2547 734 2579 28.

203 2625 392 2655 cxxxvl.
1218 2607 1268 2644 32
