1803 3250
307 206 331 243 7
337 204 361 244 4
730 211 764 242 s.
800 211 1030 243 Auens-rim
1063 215 1243 245 Μήδωνι

305 296 405 327 cum
428 280 653 337 evaginato
671 279 816 339 gladio
838 280 986 327 volens
1008 281 1243 327 defendere
1265 281 1516 337 Dominum,
1541 296 1690 328 aurem

306 350 589 412 persecutoris
611 349 815 406 abscidit,
836 350 955 413 quod
975 350 1137 396 factum
1164 353 1371 398 Dominus
1392 352 1492 396 satis
1509 352 1690 398 minaci-

306 433 369 466 tei·
411 421 608 467 cohibuit
627 457 637 477 ,
677 422 823 468 dicens
865 443 874 468 ε
921 443 940 466 «
964 423 1168 468 Reconde
1204 424 1396 484 gladium
1415 444 1426 482 ·,
1463 423 1537 484 qui
1574 423 1691 468 enim

307 513 326 535 »
354 493 497 552 gladio
527 509 628 541 usus
656 492 811 550 fuerit,
853 495 995 554 gladio
1028 494 1198 541 cadet¹.
1217 514 1236 537 »
1258 495 1336 540 Ille
1373 505 1519 542 autem
1552 495 1692 540 utitur

304 563 466 622 gladio,
491 566 567 626 qui
599 565 718 610 nulla
748 566 968 626 superiore
991 582 1039 611 ac
1061 566 1253 626 legitima
1283 576 1495 626 potestate
1523 565 1592 611 vel
1614 566 1690 626 ju-

303 637 434 682 bente
450 636 518 682 vel
534 637 817 695 concedente,
835 639 876 682 in
895 638 1148 696 sanguinem
1165 638 1344 698 alicujus
1359 647 1566 682 armatur.
1581 639 1689 683 Nam

307 708 461 770 utique
491 710 703 759 Dominus
722 710 907 770 jusserat
928 718 977 753 ut
994 708 1158 753 ferrum
1182 707 1384 768 Discipuli
1402 710 1492 768 ejus
1511 707 1691 763 ferrent,

302 778 377 823 sed
401 795 489 823 non
506 781 691 840 jusserat
709 789 757 823 ut
780 779 972 824 ferirent.
989 779 1105 832 Quid
1121 793 1222 838 ergo
1241 780 1549 839 incongruum,
1566 779 1601 823 si
1620 782 1695 824 Pe-

303 858 392 894 trus
419 859 516 910 post
548 851 630 895 hoc
654 859 879 910 peccatum
902 850 1042 894 factus
1064 859 1128 894 est
1158 860 1302 910 pastor
1334 850 1558 905 Ecclesiae,
1583 851 1696 894 sicut

301 923 471 979 Moyses
495 932 590 981 post
610 937 862 982 percussum
885 922 1143 981 AEgyptium
1167 921 1308 967 factus
1335 932 1400 966 est
1422 932 1564 967 rector
1581 922 1696 967 illius

302 993 574 1051 Synagogae?
598 995 790 1054 Uterque
813 992 929 1036 enim
947 1008 1034 1037 non
1053 991 1300 1038 detestabili
1317 994 1604 1048 immanitate,
1621 994 1696 1038 sed

300 1063 564 1107 emendabili
582 1064 854 1108 animositate
872 1063 1052 1123 justitiae
1070 1062 1263 1122 regulam
1288 1065 1490 1109 excessit:
1512 1073 1696 1126 uterque

302 1132 404 1177 odio
425 1133 714 1192 improbitatis
734 1134 901 1188 alienae,
928 1132 1001 1178 sed
1020 1133 1092 1178 ille
1115 1133 1330 1189 fraterno,
1351 1137 1429 1180 iste
1450 1134 1694 1191 Dominico,

300 1204 400 1248 licet
423 1204 568 1249 adhuc
589 1204 774 1261 carnali,
802 1214 947 1249 tamen
970 1220 1116 1250 amore
1144 1207 1354 1266 peccavit.
1394 1206 1694 1251 Resecandum

299 1277 382 1321 hoc
401 1276 554 1322 vitium
574 1277 643 1321 vel
661 1276 994 1335 eradicandum,
1013 1277 1088 1321 sed
1107 1286 1252 1322 tamen
1273 1288 1359 1322 tam
1378 1294 1587 1337 magnum
1603 1294 1694 1334 cor,

302 1358 511 1408 tanquam
525 1358 636 1394 terra
647 1347 861 1408 frugibus,
874 1349 929 1392 ita
944 1347 1377 1394 ferendisvirtutibus
1389 1348 1692 1394 excolendum.

358 1422 517 1465 LXXI.
554 1419 665 1474 Quid
690 1436 792 1479 ergo
816 1422 905 1481 jam
937 1419 992 1464 de
1020 1420 1244 1480 expoliatis
1272 1421 1487 1482 AEgyptiis
1510 1423 1696 1466 Faustus

299 1490 480 1551 objicit,
513 1491 707 1536 nesciens
735 1491 843 1551 quid
872 1490 1108 1552 loquatur?
1138 1491 1268 1545 Quod
1292 1491 1493 1537 faciendo
1525 1494 1696 1550 Moyses

299 1577 438 1622 usque
460 1561 568 1606 adeo
590 1578 680 1607 non
702 1562 918 1622 peccavit,
944 1571 993 1606 ut
1015 1578 1104 1605 non
1123 1561 1324 1607 faciendo
1347 1570 1561 1622 peccaret.
1584 1565 1696 1606 Deus

298 1633 628 1693 enimjusserat,
642 1635 717 1694 qui
737 1634 889 1693 utique
902 1633 1024 1677 novit
1043 1648 1131 1677 non
1143 1632 1284 1678 solum
1300 1631 1540 1678 secundum
1560 1632 1691 1689 facta,

297 1705 580 1750 verumetiam
613 1705 856 1750 secundum
889 1720 963 1749 cor
983 1705 1172 1749 hominis
1191 1741 1201 1760 ,
1237 1704 1343 1766 quid
1368 1705 1692 1766 unusquisque,

299 1775 367 1820 vel
389 1792 464 1836 per
486 1792 616 1836 quem
644 1777 811 1837 perpeti
844 1776 1016 1821 debeat.
1051 1776 1245 1821 Carnalis
1278 1777 1425 1837 itaque
1452 1776 1596 1822 adhuc
1621 1776 1695 1821 ille

299 1848 489 1908 populus
510 1858 602 1892 erat
619 1884 629 1903 ,
656 1857 698 1892 et
717 1863 861 1892 rerum
881 1858 1150 1892 terrenarum
1175 1848 1416 1908 cupiditate
1432 1858 1693 1908 occupatus:

299 1921 496 1980 AEgyptii
518 1936 620 1965 vero
651 1920 845 1980 sacrilegi
875 1928 918 1964 et
945 1916 1113 1979 iniqui,
1146 1935 1245 1963 nam
1275 1928 1318 1962 et
1350 1935 1457 1963 auro
1489 1917 1586 1973 illo,
1611 1920 1695 1964 hoc

298 2001 389 2045 est,
417 1992 493 2036 Dei
519 2001 713 2036 creatura
738 1990 850 2035 male
870 2000 1041 2035 utentes
1065 1989 1118 2034 ad
1134 1990 1350 2035 Creatoris
1371 1991 1590 2050 injuriam,
1608 1991 1695 2035 suis

299 2061 425 2107 idolis
456 2063 728 2118 serviebant,
765 2072 809 2107 et
838 2062 1035 2107 homines
1059 2062 1305 2122 peregrinos
1327 2061 1478 2106 labore
1506 2062 1696 2120 gratuito

300 2134 459 2194 injuste
481 2150 530 2178 ac
552 2134 833 2179 vehementer
857 2133 1099 2178 affixerant.
1132 2133 1255 2192 Digni
1277 2148 1380 2192 ergo
1404 2141 1528 2177 erant
1557 2141 1600 2176 et
1627 2132 1695 2177 isti

299 2206 459 2265 quibus
496 2205 592 2250 talia
623 2207 907 2267 juberentur,
945 2214 987 2248 et
1017 2205 1079 2248 illi
1113 2206 1189 2265 qui
1218 2204 1313 2248 talia
1343 2215 1628 2265 paterentur:
1653 2214 1697 2250 et

303 2276 414 2321 forte
447 2276 687 2321 secundum
721 2293 818 2321 suas
850 2276 1096 2321 voluntates
1131 2285 1173 2319 et
1206 2276 1486 2334 cogitationes
1522 2275 1693 2319 Hebraei

301 2348 437 2407 magis
461 2349 653 2408 permissi
671 2359 772 2393 sunt
795 2348 936 2392 facere
958 2348 1035 2391 ista
1054 2384 1063 2402 ,
1091 2363 1221 2407 quam
1238 2348 1373 2407 jussi,
1399 2347 1473 2390 sed
1497 2347 1555 2390 eis
1581 2349 1695 2391 Deus

303 2417 627 2478 permissionem
650 2434 771 2463 suam
797 2434 872 2478 per
894 2416 1111 2462 famulum
1140 2433 1267 2461 suum
1298 2420 1480 2474 Moysen
1504 2417 1696 2461 innotes—

303 2502 400 2532 cere
416 2486 580 2542 voluit,
606 2488 785 2548 quando
808 2486 1029 2533 mandavit
1051 2496 1100 2532 ut
1118 2487 1295 2532 diceret.
1320 2487 1429 2532 Fieri
1449 2496 1592 2532 autem
1617 2503 1697 2548 po-

354 2578 361 2594 ¹
379 2569 493 2603 Matth.
524 2580 621 2614 xxvi,
640 2571 693 2605 52.
