1803 3250
351 174 407 212 66
783 183 814 209 s.
855 183 1082 210 AUGUSTINI
1119 184 1299 210 Et'tsCOI’t

345 264 441 292 rum
463 248 718 292 Judaeorum
742 247 1054 291 immanitatem
1073 256 1115 292 et
1130 247 1369 292 caecitatem
1393 246 1556 306 legant,
1577 261 1735 307 quem-

346 318 581 362 admodum
606 316 694 360 illic
714 317 1019 362 tantummodo
1037 328 1252 373 narretur,
1275 334 1364 363 non
1386 317 1673 377 vituperetur,
1693 326 1737 362 et

349 400 490 434 tamen
507 389 562 432 ab
579 388 782 433 omnibus
797 388 1056 434 detestetur.

404 462 561 503 intt.
600 459 683 503 Sed
701 494 711 511 ‚
738 459 970 518 inquiunt,
996 458 1074 502 iste
1096 460 1253 514 Judas,
1280 461 1353 521 qui
1391 475 1493 504 cum
1522 474 1599 503 sua
1620 473 1736 504 nuru

343 531 580 575 concubuit
595 533 623 583 ²,
641 531 752 574 inter
766 529 998 574 duodecim
1022 532 1288 576 Patriarchas
1306 540 1600 592 computatur.
1620 530 1737 584 Quid

341 603 471 657 cuim,
498 612 539 646 et
562 602 634 645 ille
658 602 792 646 Judas
808 638 817 652 ,
853 603 928 662 qui
954 602 1189 646 Dominum
1214 602 1419 657 tradidit,
1454 617 1601 646 nonne
1624 603 1736 646 inter

340 673 571 718 duodecim
597 673 824 732 Apostolos
849 682 1105 717 numeratus
1129 684 1192 718 est
1206 677 1239 728 ²,
1271 684 1313 718 et
1335 689 1437 718 cum
1465 674 1526 718 eis
1549 689 1663 717 unus
1686 687 1737 716 ex

339 745 397 789 eis
416 745 470 789 ad
488 744 813 804 prredicandum
829 745 1115 803 Evangeliuin
1131 745 1333 790 diabolus
1347 745 1499 789 missus
1515 754 1577 789 est
1593 745 1635 785 ³?
1653 743 1739 789 Sed

339 815 484 861 adbuc
508 815 770 875 respondent
793 826 834 859 et
858 816 1012 860 dicunt
1032 835 1039 859 :
1066 815 1143 859 Ille
1167 825 1263 875 post
1286 815 1372 859 tale
1389 815 1558 860 facinus
1580 814 1739 876 laqueo

339 903 417 931 suo
436 897 682 946 peremptus
698 896 737 930 et
756 887 1064 946 Apostolorum
1084 901 1270 931 numero
1285 895 1512 945 exemptus
1527 887 1640 942 est⁴¹3
1659 885 1740 929 iste

338 967 483 1001 autem
510 967 602 1017 post
627 958 737 1001 hanc
765 958 1089 1015 turpitudinem
1105 992 1116 1008 ,
1148 956 1264 1000 inter
1288 956 1442 1000 fratres
1466 970 1565 999 suos
1589 957 1642 999 ab
1665 954 1741 1000 illo

339 1040 474 1087 patre,
498 1030 567 1072 cui
593 1038 679 1072 tam
701 1043 909 1088 magnum
933 1029 1228 1072 testimonium
1254 1030 1367 1071 Deus
1387 1027 1606 1087 perhibet,
1633 1042 1743 1087 prae·

338 1100 464 1159 cipue
486 1100 742 1144 benedictus
765 1110 808 1144 et
832 1114 962 1159 super
991 1114 1142 1143 omnes
1164 1098 1369 1143 laudatus
1396 1100 1501 1142 est⁵.
1535 1098 1743 1151 Quinimo

340 1171 441 1214 hinc
463 1171 704 1229 expressius
729 1180 925 1229 apparet,
951 1186 1038 1214 non
1062 1169 1116 1214 ad
1139 1171 1298 1230 ipsum,
1325 1170 1401 1214 sed
1423 1169 1478 1214 ad
1499 1170 1740 1225 Christum,

339 1243 413 1303 qui
432 1257 481 1285 ex
504 1243 594 1301 ejus
615 1242 733 1284 tribu
756 1242 1137 1300 praenuntiabatur
1161 1242 1205 1284 in
1227 1256 1357 1284 carne
1375 1250 1602 1296 venturus,
1622 1239 1745 1285 illam

341 1313 555 1372 pertinere
579 1313 854 1371 prophetiam
877 1331 884 1356 :
907 1322 950 1355 ct
968 1310 1068 1356 ideo
1092 1311 1226 1369 magis
1246 1311 1458 1370 flagitium
1483 1313 1574 1372 ejus
1595 1310 1746 1356 divina

342 1384 563 1443 Scriptura
588 1393 730 1427 tacere
749 1398 836 1426 non
859 1383 1030 1435 debuit,
1052 1383 1163 1426 sicut
1184 1398 1271 1426 non
1295 1383 1447 1435 tacuit,
1470 1382 1584 1426 utin
1602 1381 1747 1427 verbis

342 1454 472 1514 patris
493 1456 605 1514 ejus,
637 1454 797 1513 quibus
829 1463 923 1512 post
951 1452 1062 1497 illud
1084 1452 1279 1497 dedecus
1300 1453 1360 1497 ita
1387 1452 1609 1509 laudatur,
1641 1453 1746 1514 quia

340 1525 429 1584 ipse
451 1541 540 1569 non
558 1525 821 1583 agnoscitur,
849 1525 958 1567 alius
987 1525 1248 1584 requiratur.
1531 1579 1539 1586 ·

403 1598 557 1641 LXIV.
591 1598 852 1655 Quanquam
879 1597 1061 1639 Faustus
1088 1596 1221 1638 dente
1249 1594 1463 1638 maledico
1496 1595 1579 1639 hoc
1597 1594 1742 1654 ipsum

346 1666 608 1724 intelligatur
630 1665 828 1709 mordere
851 1665 1060 1719 voluisse,
1097 1665 1217 1725 quod
1247 1665 1444 1710 Christus
1478 1680 1502 1709 a
1533 1664 1660 1710 nobis
1692 1679 1746 1709 ex

347 1740 383 1798 ej
393 1753 439 1782 us
462 1738 580 1782 tribu
601 1738 769 1782 venisse
788 1736 1052 1795 praedicatur
1074 1756 1082 1781 :
1109 1737 1294 1781 maxime
1312 1737 1414 1797 quia
1437 1737 1482 1780 in
1501 1737 1748 1795 generatio-

347 1810 474 1854 nibus
509 1819 680 1868 patrum
710 1810 824 1868 ejus,
857 1824 965 1869 quas
999 1809 1234 1852 Matthaeus
1265 1807 1529 1866 evangelista
1552 1823 1747 1853 comme-

354 1889 516 1935 morat,
553 1880 682 1924 etiam
716 1882 845 1934 Zara,
879 1894 1012 1939 quem
1033 1880 1220 1923 Thamar
1250 1879 1323 1923 illa
1355 1894 1406 1923 ex
1434 1879 1510 1924 illo
1532 1888 1748 1939 conceptu

357 1951 537 2011 peperit,
564 1950 833 1995 inveniturG.
871 1952 979 1995 Nam
1006 1951 1039 1994 si
1067 1951 1244 2009 stirpem
1267 1950 1404 1994 Jacob
1421 1985 1432 2005 ,
1470 1965 1559 1994 non
1587 1949 1749 1996 Christi

352 2022 673 2083 generationem
696 2021 826 2067 vellet
851 2022 1169 2082 reprehendere
1184 2057 1195 2076 ,
1224 2022 1411 2067 habebat
1431 2022 1567 2081 magis
1592 2022 1747 2083 primi-

355 2094 493 2138 tivum
526 2095 686 2138 Ruben
701 2096 732 2147 ⁷,
768 2093 845 2153 qui
882 2103 1111 2152 paternum
1147 2095 1324 2138 thorum
1362 2092 1524 2138 nefaria
1564 2085 1749 2138 libidine

355 2165 560 2211 violavit⁸
581 2184 590 2210 ε
616 2165 792 2226 qualem
814 2165 1146 2210 fornicationem
1165 2165 1396 2225 Apostolus
1423 2181 1504 2210 nec
1528 2165 1573 2209 in
1599 2165 1751 2210 Genti-

360 2237 437 2281 bus
458 2237 564 2281 dicit
585 2237 779 2281 auditam
795 2239 827 2280 ⁹.
850 2238 976 2291 Quod
994 2236 1161 2282 factum
1185 2237 1316 2282 etiam
1339 2237 1430 2297 ipse
1453 2246 1575 2297 pater
1593 2236 1749 2291 Jacob,

359 2323 461 2352 cum
481 2323 554 2353 eos
576 2307 882 2362 benediceret,
906 2322 1037 2367 super
1068 2318 1202 2368 caput
1229 2309 1320 2368 ejus
1341 2307 1586 2353 accusando
1608 2317 1653 2352 et
1673 2306 1754 2352 de-

413 2436 419 2450 ¹
442 2431 523 2461 Gen·
543 2439 671 2470 xxxviii,
695 2428 793 2461 18.—
809 2435 820 2451 ²
840 2428 953 2460 Matth.
975 2439 1008 2468 x,
1028 2424 1126 2469 4.—3
1145 2429 1236 2459 Joan.
1258 2438 1302 2467 vi,
1323 2424 1443 2468 71.-4
1461 2426 1584 2458 Matth.
1600 2436 1702 2467 xxvn,
1718 2426 1751 2458 5.

365 2500 403 2506 -
419 2482 434 2508 ⁵
458 2486 537 2516 Gen.
565 2495 650 2525 uix,
671 2486 703 2516 8.
726 2482 796 2508 -6
821 2483 940 2516 Matth.
972 2494 1003 2521 ι,
1023 2483 1055 2515 3.
1071 2498 1113 2506 -
1127 2489 1141 2516 7
1161 2484 1241 2516 Gen.
1260 2493 1393 2523 xxxviii,
1418 2482 1474 2516 30.
1504 2498 1544 2506 ---
1559 2479 1634 2515 ⁸1d.
1654 2492 1750 2520 xxxv,

363 2549 417 2572 22.
434 2548 505 2573 —9
527 2551 539 2573 ι
555 2543 628 2575 Cor·
649 2551 683 2581 v,
709 2551 736 2572 ι.
