1803 3250
348 187 402 228 34
784 197 818 223 s.
852 195 935 223 Aue
943 195 1084 223 us‘ruu
1115 194 1297 221 nmacom

343 274 432 323 gat,
456 263 524 308 vel
543 263 686 321 pejore
709 269 846 305 morte
869 260 1010 305 cordis
1031 268 1179 304 contra
1206 256 1324 301 illam
1348 265 1556 302 aeternam
1580 257 1732 316 provi—

340 337 501 380 dentiae
533 334 676 392 legem
710 331 1013 392 blasphemum
1045 332 1104 375 eis
1144 329 1435 390 patrocinium
1467 328 1735 373 defensionis

344 406 575 459 adhibeat,
599 414 732 464 atquc
764 403 822 449 ita
851 404 968 448 diem
1004 401 1214 462 fungatur
1237 410 1480 446 extremum
1503 418 1514 445 t
1539 416 1629 445 non
1644 401 1735 461 jam

342 475 661 528 emendatione,
687 475 762 520 sed
780 475 1059 519 damnatione
1077 472 1259 533 dignum
1282 472 1352 516 lex
1370 470 1442 516 illa
1462 471 1737 531 irreprehen-

349 545 483 591 sibilis
504 555 665 591 censet.

400 618 540 661 XXX.
577 619 757 661 AEterna
791 630 894 675 ergo
925 614 1019 673 lege
1055 613 1282 668 consulta,
1314 628 1416 673 quae
1439 611 1640 657 ordinem
1662 625 1737 655 na-

339 687 526 732 turalem
547 686 791 732 conservari
820 686 949 746 jubet
968 721 979 741 ‚
1024 685 1268 745 perturbari
1311 693 1430 728 vetat
1454 718 1465 739 ‚
1507 681 1733 728 videamus

337 759 446 819 quid
482 758 750 818 peccaverit,
783 757 827 800 id
865 766 953 812 est,
991 757 1099 817 quid
1136 765 1288 800 contra
1322 755 1449 800 istam
1486 754 1628 812 legem
1666 753 1736 797 fe-

340 831 447 874 cerit
477 839 597 889 pater
632 829 850 874 Abraham
873 828 917 872 in
947 827 1053 881 his1,
1087 841 1187 886 quae
1218 824 1340 871 velut
1371 840 1528 885 magna
1556 824 1738 869 crimina

341 903 525 946 Faustus
539 901 714 960 objecit.
747 919 764 938 «
788 897 1028 952 Habendae,
1049 895 1209 957 inquit,
1234 895 1366 957 prolis
1383 897 1535 941 insana
1550 896 1736 955 flagrans

337 971 541 1030 cupidine
567 1005 578 1026 ,
615 980 658 1013 et
683 973 794 1023 Deo,
817 968 893 1029 qui
917 967 961 1011 id
978 968 1069 1026 jam
1091 967 1174 1011 sibi
1207 967 1260 1010 de
1285 968 1388 1011 Sara
1420 967 1604 1025 conjuge
1631 981 1738 1026 pro-

340 1042 533 1095 miserat,
560 1040 738 1084 minime
759 1038 962 1093 credens,
989 1052 1091 1082 cum
1111 1036 1267 1097 pellice
1284 1035 1505 1081 volutatus
1529 1037 1597 1081 sit.
1620 1057 1638 1079 »
1667 1039 1739 1081 In-

335 1128 438 1157 sana
458 1127 560 1156 vero
584 1112 663 1155 iste
687 1113 874 1155 Faustus
896 1107 1160 1153 criminandi
1183 1107 1423 1167 cupiditate
1444 1116 1630 1152 caecatus
1647 1143 1659 1164 ,
1694 1116 1739 1153 et

339 1184 512 1228 haeresis
534 1199 623 1227 suae
645 1181 767 1226 nefas
791 1179 1011 1241 prodidit,
1049 1189 1092 1224 et
1113 1179 1303 1224 Abrahae
1323 1179 1612 1224 concubitum
1633 1194 1737 1224 nes-

336 1256 453 1300 ciens
473 1269 707 1314 erransque
729 1252 940 1297 laudavit.
971 1252 1091 1296 Sicut
1112 1251 1227 1295 enim
1255 1249 1325 1295 lex
1353 1260 1514 1296 aeterna
1536 1285 1548 1307 ,
1576 1251 1623 1296 id
1644 1260 1735 1307 est,

337 1326 540 1371 voluntas
561 1325 635 1369 Dei
650 1333 949 1369 creaturarum
963 1322 1164 1367 omniurn
1176 1321 1414 1367 conditoris
1431 1321 1736 1367 conservando

341 1397 528 1442 naturali
549 1397 691 1441 ordini
708 1394 956 1449 consulens,
981 1409 1071 1438 non
1094 1402 1144 1437 ut
1163 1392 1371 1438 satiandae
1387 1392 1562 1437 libidini
1575 1393 1737 1438 servia-

345 1479 431 1523 tur,
456 1469 532 1513 sed
554 1478 603 1512 ut
625 1467 752 1512 saluti
774 1465 939 1525 generis
964 1464 1266 1525 prospiciatur,
1285 1463 1340 1508 ad
1355 1463 1523 1523 prolem
1540 1473 1738 1509 tantum-

340 1539 471 1584 modo
496 1536 835 1599 propagandam,
860 1535 1054 1581 mortalis
1071 1535 1212 1580 carnis
1234 1533 1570 1580 delectationem
1587 1535 1734 1580 domi-

341 1623 449 1656 natu
466 1610 643 1655 rationis
664 1610 708 1652 in
730 1607 1018 1652 concubitum
1040 1605 1219 1650 relaxari
1242 1605 1344 1649 sinit
1365 1625 1374 1650 2
1395 1606 1454 1650 sic
1476 1621 1499 1650 e
1517 1605 1737 1650 contrario

342 1697 541 1742 perversa
563 1681 631 1725 lex
652 1680 995 1725 Manichaeorum
1010 1712 1022 1732 ‚
1056 1692 1112 1721 ne
1130 1675 1243 1721 deus
1265 1692 1420 1721 eorum
1434 1711 1446 1733 ‚
1471 1692 1605 1737 quem
1626 1677 1737 1736 liga-

341 1762 436 1797 tum
457 1754 503 1796 in
525 1753 728 1797 omnibus
741 1750 979 1795 seminibus
996 1748 1228 1809 plangunt,
1244 1748 1290 1792 in
1303 1757 1521 1809 conceptu
1537 1748 1735 1794 foeminae

342 1825 501 1870 arctius
523 1824 768 1882 colligetur,
796 1821 963 1882 prolem
981 1830 1082 1865 ante
1104 1821 1251 1866 omnia
1272 1819 1453 1866 devitari
1474 1837 1499 1865 a
1520 1836 1736 1866 concum-

345 1895 552 1939 bentibus
569 1894 720 1954 jubet‚
746 1902 795 1937 ut
817 1893 925 1937 deus
947 1906 1101 1937 eorum
1132 1891 1247 1951 turpi
1268 1891 1394 1951 lapsu
1418 1891 1564 1952 potius
1591 1891 1737 1936 effun-

340 1966 486 2021 datur,
503 1981 635 2027 quam
658 1964 825 2010 crudeli
850 1979 963 2008 nexu
986 1964 1216 2008 vinciatur.
1244 1964 1342 2008 Non
1361 1963 1493 2022 igitur
1510 1963 1735 2008 Abraham

341 2038 470 2097 prolis
483 2035 698 2082 habendae
711 2037 860 2080 insana
876 2034 1115 2095 cupiditate
1130 2034 1362 2093 flagrabat,
1378 2033 1454 2078 sed
1466 2034 1736 2080 Manichacus

344 2109 474 2169 prolis
498 2106 744 2153 devitandae
771 2108 920 2151 insana
950 2105 1141 2150 vanitate
1173 2104 1401 2150 delirabat.
1441 2103 1630 2150 Proinde
1661 2103 1735 2148 ifle

346 2190 514 2225 naturae
535 2179 735 2225 ordinem
753 2193 941 2234 servans,
958 2175 1069 2221 nihil
1081 2177 1275 2221 humano
1296 2176 1538 2221 concubitu
1559 2175 1732 2235 agebat,

348 2252 428 2296 nisi
455 2261 506 2295 ut
536 2251 669 2295 homo
693 2259 943 2295 nasceretur
968 2267 977 2293 ε
1003 2249 1081 2292 iste
1105 2247 1431 2307 perversitatem
1454 2246 1618 2292 fabulae
1649 2246 1736 2292 ob-

346 2338 536 2378 servans,
561 2321 671 2366 nihil
691 2322 737 2367 in
758 2321 953 2383 quolibet
971 2319 1211 2365 concubitu
1227 2319 1426 2375 timebat,
1447 2319 1530 2364 nisi
1552 2334 1608 2364 ne
1625 2317 1734 2364 deus

349 2395 654 2454 captivaretur.

411 2468 575 2511 XXXI.
623 2465 707 2510 Ubi
743 2474 889 2510 autem
934 2466 965 2509 F
971 2471 1088 2510 astus
1132 2463 1177 2508 in
1220 2462 1336 2508 facto
1377 2461 1567 2508 Abrahae
1614 2461 1734 2508 velut

394 2557 402 2575 ¹
429 2553 509 2584 Gen.
532 2561 598 2593 xvi,
617 2559 647 2584 2.
