1803 3250
429 215 592 248 count
625 215 843 254 mnarum,
878 218 962 245 ιιι.
997 218 1108 246 xx11.
1410 208 1458 246 11

73 292 152 328 tur
169 283 228 329 eis
252 301 266 331 ι
293 301 312 323 α
326 283 497 329 Ἑιιὶεῐὶε
516 279 757 342 aliqnando
773 280 966 325 tenebrae
981 316 995 336 ‚
1018 296 1136 327 nunc
1160 290 1307 326 autem
1323 280 1400 325 lux
1418 282 1465 327 in

75 373 96 397 »
125 355 310 399 Domino
325 356 356 398 ¹.
387 373 410 396 u
431 353 561 407 Quod
587 352 620 398 si
644 349 874 398 rationales
899 361 1067 396 mentes
1093 368 1169 412 per
1192 352 1463 397 voluntatem

71 425 250 484 impiam
279 424 520 469 tenebrosae
547 422 694 468 lucem
716 422 938 482 sapientiae
967 422 1043 465 Dei
1064 438 1282 481 nusquam
1307 422 1465 468 absen-

71 504 157 539 tem
183 494 552 554 comprehendere
582 509 673 538 non
706 502 914 553 possunt,
938 491 1060 552 quod
1080 492 1134 536 ab
1156 507 1204 536 ea
1226 492 1355 551 longe
1377 493 1468 540 sint

70 566 234 611 affectu
250 600 265 620 ,
286 581 376 610 non
393 565 492 610 loco
505 600 517 620 ,
538 566 647 625 quid
666 564 825 608 mirum
843 564 877 608 si
898 563 1082 624 Spiritus
1102 564 1203 619 Dei,
1225 564 1302 624 qui
1318 580 1469 623 super-

68 637 293 682 ferebatur
313 653 444 697 super
460 652 595 698 aquas
613 671 624 692 ,
649 636 1007 696 superferebatur
1029 636 1160 680 etiam
1183 651 1314 696 super
1331 651 1464 696 aqua·

68 724 169 753 rum
189 709 390 753 tenebras
407 744 418 764 ,
457 707 786 768 incomparabili
813 707 990 769 quidem
1012 706 1362 767 longinquitate,
1389 709 1464 753 sed

69 779 324 824 substantiae
340 814 357 834 ,.
375 794 467 824 non
488 779 702 824 locorum.

127 853 229 895 XII.
263 851 361 895 Scio
381 851 561 911 quidem
587 851 675 895 istis
705 865 837 911 quam
858 849 998 894 surdis
1020 850 1114 894 haec
1147 857 1320 894 cantem
1347 867 1357 894 ε
1382 863 1465 895 nec

67 931 214 967 tamen
236 921 418 981 despero
437 923 557 982 quod
580 921 739 966 cantici
762 921 846 965 mei
869 921 1024 965 veritas
1046 921 1277 965 inventura
1305 919 1359 965 sit
1385 935 1466 964 au-

67 1008 159 1036 rem
191 1008 343 1048 suam,
378 1008 511 1054 quam
540 993 749 1037 Dominus
778 992 1021 1051 aperuerit,
1062 1007 1085 1035 a
1113 1007 1203 1051 quo
1234 1001 1338 1035 sunt
1361 1007 1464 1037 vera

67 1079 168 1125 quae
200 1063 399 1108 dicimus.
438 1067 548 1108 Istos
577 1073 723 1108 autem
747 1098 759 1118 ,
796 1063 945 1123 quales
978 1063 1224 1107 divinarum
1262 1063 1464 1122 Scriptu-

68 1149 215 1179 rarum
250 1134 421 1195 judices
457 1135 648 1194 patimur
664 1169 675 1190 ,
713 1134 875 1194 quibus
912 1135 1043 1178 etiam
1081 1133 1306 1193 displicet,
1342 1134 1464 1194 quod

68 1209 159 1251 Deo
176 1205 418 1265 placuerint
434 1222 564 1265 opera
583 1222 675 1262 sua,
699 1221 831 1266 quem
849 1215 1058 1266 tanquam
1080 1205 1296 1251 insolitam
1314 1205 1463 1251 lucem

66 1278 273 1322 miratum
302 1293 393 1322 esse
430 1277 790 1337 reprehendunt,
835 1277 937 1337 quia
970 1277 1178 1336 scriptum
1209 1286 1273 1322 est
1312 1296 1320 1322 :
1357 1296 1377 1319 «
1405 1279 1461 1322 Et

70 1367 93 1391 »Α
117 1350 226 1394 vidit
248 1352 362 1394 Deus
395 1349 543 1394 lucem
564 1384 576 1405 ,
611 1349 713 1409 quia
742 1349 858 1393 bona
887 1350 1012 1392 est²P
1030 1367 1049 1390 »
1089 1348 1318 1408 Approbat
1345 1348 1461 1392 enim

69 1434 199 1480 opera
224 1435 301 1464 sua
318 1455 329 1476 ,
367 1421 471 1481 quia
494 1419 669 1480 placent
693 1421 730 1465 ei
749 1456 760 1476 ,
785 1437 885 1480 quae
907 1420 1011 1466 fecit
1027 1456 1037 1476 ,
1065 1429 1108 1464 et
1128 1421 1212 1466 hoc
1234 1430 1297 1465 est
1315 1420 1462 1467 videre

65 1491 168 1551 quia
193 1491 309 1536 bona
331 1502 449 1537 sunt.
475 1494 628 1552 Neque
655 1492 770 1536 enim
794 1491 961 1552 aliquid
984 1491 1147 1537 invitus
1171 1491 1312 1537 facere
1338 1492 1460 1552 cogi-

66 1571 163 1615 tur,
188 1571 237 1606 ut
264 1563 383 1623 quod
407 1563 445 1607 ei
467 1578 556 1607 non
579 1562 723 1622 placet
749 1562 878 1607 faeiat
899 1584 910 1620 3
935 1572 1011 1608 aut
1036 1563 1081 1606 in
1106 1561 1272 1623 aliquid
1297 1561 1461 1608 facien-

67 1631 175 1677 dum
203 1633 457 1693 imprudens
486 1633 650 1679 labitur
667 1669 678 1689 ,
717 1643 766 1678 ut
788 1633 954 1679 factum
977 1650 1068 1678 esse
1093 1634 1334 1695 displiceat.
1369 1636 1461 1680 Cur

67 1713 212 1748 autem
234 1704 326 1749 istis
349 1720 436 1749 non
461 1704 712 1765 displiceat,
737 1706 856 1765 quod
888 1708 1002 1749 Deus
1030 1714 1178 1749 noster
1198 1721 1308 1765 opus
1329 1721 1458 1751 suum

66 1774 176 1819 vidit
198 1809 209 1830 ‚
243 1775 346 1835 quia
369 1776 536 1823 bonum
555 1785 619 1820 est
642 1795 650 1820 :
672 1777 1032 1836 quandoquidem
1052 1779 1167 1821 Deus
1184 1792 1337 1821 eorum
1354 1792 1457 1823 cum

65 1846 260 1890 membra
283 1861 359 1890 sua
383 1846 532 1891 mersit
551 1846 598 1890 in
620 1848 820 1891 tenebras
837 1882 848 1902 ,
872 1845 1020 1892 velum
1041 1856 1192 1892 contra
1214 1862 1258 1891 se
1281 1848 1458 1907 posuit?

65 1917 163 1962 Non
189 1917 305 1961 enim
327 1917 448 1977 quod
476 1916 581 1963 fecit
601 1917 713 1964 vidit
732 1952 744 1974 ,
775 1919 878 1979 quia
901 1919 1069 1964 bonum
1096 1928 1162 1964 est
1187 1938 1196 1964 2
1218 1919 1294 1964 sed
1315 1918 1458 1964 noluit

63 1987 211 2031 videre
227 2023 238 2042 ,
264 1988 365 2048 quia
389 1987 553 2033 malum
576 2001 653 2033 est.

122 2059 249 2103 XIII.
298 2059 504 2103 Miratum
543 2075 644 2104 sane
682 2061 868 2104 Faustus
902 2062 1041 2104 Deum
1077 2069 1276 2105 nostrum
1318 2061 1427 2106 dixit
1442 2096 1455 2118 ,

63 2128 183 2189 quod
221 2128 430 2188 scriptum
474 2145 563 2174 non
601 2139 664 2176 est
701 2150 711 2176 ι
749 2145 830 2176 nec
867 2131 1047 2176 omnino
1086 2140 1150 2176 est
1184 2147 1458 2192 consequens

63 2207 114 2244 ut
135 2215 236 2243 cum
259 2199 411 2259 aliquis
434 2201 542 2244 vidit
559 2202 658 2260 quia
684 2202 849 2246 bonum
869 2212 933 2246 est
947 2238 958 2257 ,
983 2202 1115 2247 etiam
1139 2202 1322 2248 miratus
1344 2204 1457 2249 dica-

63 2279 150 2313 tur.
178 2269 317 2315 Multa
340 2271 455 2315 enim
493 2272 603 2315 bona
636 2272 832 2318 videntes
859 2288 948 2318 non
984 2273 1220 2328 miramur,
1245 2282 1457 2334 tanquam

63 2349 222 2399 praeter
243 2341 490 2400 opinionem
508 2343 565 2387 ita
583 2344 667 2388 sint
685 2364 696 2400 3
715 2344 790 2388 sed
813 2344 1121 2389 tantummodo
1138 2345 1454 2404 approbamus,

64 2410 186 2471 quod
220 2412 278 2456 ita
313 2428 402 2456 esse
440 2414 688 2459 debuerint.
727 2417 1040 2460 Verumtamen
1077 2416 1346 2461 ostendimus
1369 2417 1454 2472 eis,

64 2497 155 2526 non
178 2482 223 2526 in
253 2484 410 2527 Vetere
446 2486 720 2531 Testamento
750 2487 822 2531 cui
855 2485 1068 2532 malitiose
1100 2485 1454 2543 calumniantur,

110 2567 122 2587 ¹
139 2566 256 2609 Ephes.
275 2577 308 2608 v,
327 2567 358 2599 8.
380 2584 421 2591 -
437 2574 449 2591 ‘¹
468 2569 547 2602 Gen.
564 2580 588 2611 1,
603 2568 635 2610 4.
