1803 3250
444 230 606 259 CONTRA
641 227 855 266 FAUsTUM‚
892 231 973 257 Lm.
1011 230 1120 258 xxm.
1422 221 1466 257 '21

102 308 243 343 torum
266 296 370 340 dicit
390 297 505 340 idem
524 295 683 340 Paulus
696 294 942 354 exemplum
960 296 1222 356 essejudimi
1236 296 1313 340 Dei
1330 298 1358 340 ¹.
1377 298 1486 349 Quae

98 368 308 413 sententia
329 367 456 411 latius
485 368 539 410 ab
564 365 760 425 apostolo
782 369 908 410 Petro
932 367 1254 421 manifestatur,
1278 367 1388 411 sicut
1413 382 1481 410 su-

96 454 170 498 pra
192 436 542 491 commemoravi,
567 436 644 479 ubi
673 437 731 480 ait
759 444 929 495 tempus
952 451 1041 480 esse
1064 447 1112 480 ut
1130 438 1346 496 judicium
1370 438 1477 481 inci-

96 509 186 568 piat
203 525 225 553 a
243 508 375 552 domo
392 507 580 552 Domini.
602 509 693 550 «Et
711 508 741 549 si
760 507 949 562 initium,
971 508 1130 567 inquit,
1148 523 1169 550 a
1186 508 1327 562 nobis,
1345 508 1484 569 qualis

98 599 118 622 »
144 580 240 625 finis
262 581 340 623 erit
362 580 434 633 eis,
453 579 528 638 qui
551 593 643 622 non
665 577 851 622 credunt
875 578 951 621 Dei
974 578 1245 637 Evangelio?
1269 582 1325 622 Et
1342 580 1484 638 sijus-

97 670 117 693 »
145 661 212 696 tus
233 651 304 695 vix
321 650 461 695 salvus
480 650 586 703 erit,
612 659 813 708 peccator
831 659 873 693 et
894 649 1053 708 impius
1071 649 1148 693 ubi
1170 650 1444 708 parebuntff?
1461 669 1480 690 »

95 723 208 766 Hinc
226 722 341 765 enim
363 721 620 779 intelligitur
637 721 860 780 quomodo
878 736 966 764 non
988 729 1193 780 parcatur
1213 721 1371 779 impiis,
1390 729 1486 764 tan-

93 808 224 853 quam
247 793 474 836 sarmentis
496 792 684 851 praecisis
698 791 752 836 ad
767 792 1114 836 combustionem
1133 812 1143 847 3
1169 792 1347 852 quando
1359 792 1485 851 justis

92 878 182 907 non
205 864 398 922 parcitur
420 872 595 922 propter
617 863 926 922 perficiendam
957 864 1278 922 purgationem.
1309 865 1418 907 Nam
1443 872 1485 907 et

92 935 182 993 ipse
204 937 356 978 Petrus
378 943 560 978 testatur
582 936 675 978 haec
695 933 807 979 illius
825 934 1052 979 voluntate
1068 935 1177 989 fieri,
1205 934 1280 994 qui
1301 934 1345 977 in
1365 933 1485 977 libris

93 1004 312 1049 veteribus
334 1005 391 1048 ait
413 1024 421 1048 :
444 1006 541 1049 Non
566 1020 755 1062 parcam,
775 1020 854 1048 nec
871 1006 1008 1064 justo,
1024 1020 1104 1048 nec
1119 1005 1351 1063 peccatori.
1372 1004 1486 1048 Dicit

91 1074 208 1118 enim
230 1084 273 1117 et
294 1074 384 1133 ipse
406 1093 415 1118 :
444 1093 464 1115 «
484 1074 639 1118 Melius
660 1083 723 1118 est
748 1076 858 1117 bene
877 1073 1099 1128 facientes,
1126 1076 1159 1118 si
1177 1074 1282 1118 velit
1300 1074 1485 1133 Spiritus

96 1163 115 1186 »
142 1144 219 1188 Dei
239 1179 249 1198 ,
275 1143 386 1202 pati,
413 1159 544 1203 quam
560 1143 672 1187 male
690 1143 941 1187 facientes?
964 1162 983 1185 »
1010 1146 1122 1188 Cum
1141 1159 1245 1203 ergo
1268 1160 1317 1188 ex
1335 1144 1491 1188 volun-

94 1224 182 1259 tate
207 1214 390 1273 Spiritus
414 1213 489 1257 Dei
512 1215 738 1272 patiuntur
770 1214 879 1257 bene
908 1214 1114 1258 facientes
1130 1250 1140 1269 ,
1176 1230 1265 1258 non
1294 1215 1487 1274 parcitur

89 1284 244 1345 Justis3
269 1299 370 1329 cum
393 1293 539 1328 autem
564 1284 677 1327 male
700 1282 926 1338 facientes,
953 1300 1040 1328 non
1070 1286 1261 1343 parcitur
1284 1294 1486 1344 peccato-

93 1356 212 1400 ribus
239 1375 248 1400 :
275 1355 517 1400 secundum
541 1355 657 1399 illius
680 1366 826 1399 tamen
848 1355 1115 1401 voluntatem
1142 1358 1191 1402 fit
1216 1366 1457 1417 utrumque
1474 1393 1484 1412 ,

91 1428 167 1487 qui
186 1428 245 1471 ait
266 1446 275 1472 :
300 1430 395 1472 Non
419 1442 594 1486 parcam
612 1463 622 1481 ,
648 1443 728 1471 nec
741 1428 876 1486 justo,
898 1444 978 1472 nec
998 1430 1213 1487 peccatori
1235 1450 1246 1486 3
1271 1428 1395 1472 illum
1413 1430 1486 1473 fla·

93 1497 297 1556 gellando
316 1507 364 1541 ut
387 1497 540 1552 filium,
566 1496 691 1541 illum
712 1499 938 1557 puniendo
960 1508 1010 1542 ut
1033 1499 1230 1558 impium.

150 1574 270 1616 XXI.
308 1575 420 1616 Ecce
447 1572 642 1625 ostendi,
674 1580 888 1631 quantum
923 1573 1071 1631 potui,
1098 1588 1175 1616 nos
1219 1588 1307 1616 non
1345 1573 1487 1617 colere

91 1652 307 1688 versatum
338 1658 388 1686 ex
413 1651 577 1686 aeterno
605 1642 650 1685 in
683 1642 872 1686 tenebris
889 1646 1047 1697 Deum,
1075 1644 1150 1687 sed
1177 1659 1277 1687 eum
1304 1644 1381 1703 qui
1410 1643 1486 1687 lux

91 1723 183 1769 est,
209 1723 252 1757 et
275 1714 467 1757 tenebrae
500 1714 546 1756 in
575 1729 625 1757 eo
658 1729 747 1757 non
770 1723 874 1757 sunt
906 1713 1052 1768 ullae4,
1076 1724 1207 1774 atque
1238 1716 1284 1758 in
1315 1730 1358 1758 se
1391 1715 1485 1774 ipso

93 1785 263 1829 habitat
284 1784 427 1828 lucem
452 1783 789 1828 inaccessibilem
806 1819 816 1838 ,
842 1785 965 1843 cujus
987 1785 1095 1829 lucis
1124 1795 1299 1829 aeternae
1322 1785 1487 1829 candor

93 1864 156 1899 est
179 1864 393 1899 coaeterna
426 1854 690 1913 Sapientia?
728 1856 815 1898 Nec
838 1854 944 1898 lucis
978 1855 1214 1914 inopinatae
1249 1855 1485 1900 admirato-

92 1941 181 1969 rem
204 1946 215 1982 ς
239 1924 315 1968 sed
336 1924 453 1968 lucis·
468 1922 593 1968 factae
615 1932 855 1968 creatorem
873 1959 883 1978 ,
908 1934 956 1968 ut
971 1924 1250 1982 subsisteretg.
1271 1926 1484 1984 approba-

91 2006 250 2051 torem,
278 2005 326 2040 ut
347 2004 556 2039 maneret.
579 1999 666 2040 Nec
680 1997 878 2054 ignarum
894 1995 1030 2040 futuri
1052 2016 1060 2041 :
1088 1996 1163 2040 sed
1182 1996 1478 2059 mandatorem

90 2068 316 2127 praecepti,
343 2076 385 2111 et
406 2066 705 2111 damnatorem
723 2065 895 2125 delicti,
922 2076 969 2111 ut
996 2067 1200 2111 adversus
1220 2068 1479 2112 inobedien-

89 2140 192 2183 tiam
204 2140 320 2198 juste
336 2138 503 2198 prolata
515 2137 706 2182 vindicta
720 2148 953 2197 praesentes
968 2142 1201 2193 coerceret,
1218 2140 1478 2199 futurosque

89 2218 284 2254 terreret.
315 2212 403 2255 Nec
426 2209 718 2268 improvidum
739 2209 975 2254 nesciendo
995 2219 1264 2269 quaerentem
1287 2229 1295 2254 ;
1320 2209 1394 2253 sed
1412 2211 1479 2253 in-

90 2279 352 2339 terrogando
376 2279 660 2339 judicantem.
687 2282 777 2325 Nec
814 2280 1012 2324 invidum
1040 2296 1089 2325 ac
1118 2281 1344 2324 timentem
1370 2300 1378 2325 :
1405 2281 1479 2324 sed

90 2351 145 2395 ab
168 2359 329 2394 aeterna
351 2351 436 2394 vita
452 2385 463 2404 ,
489 2366 588 2410 quae
609 2351 724 2410 juste
747 2349 970 2394 obedienti
996 2350 1146 2405 datur,
1170 2351 1480 2410 praevaricato-

91 2437 181 2466 rem
201 2423 317 2481 juste
338 2421 659 2481 prohibentem.
689 2424 778 2468 Nec
800 2422 1018 2480 sanguinis
1041 2432 1083 2467 et
1105 2423 1241 2482 adipis
1270 2431 1479 2482 appeten-

134 2526 148 2544 ¹
175 2524 319 2556 2Thess.
339 2536 362 2564 1,
380 2523 412 2555 6.
434 2541 469 2547 -
492 2532 503 2546 ²
526 2536 536 2555 ι
564 2526 649 2556 Petr.
671 2536 715 2561 iv,
735 2536 784 2566 ¹7·
803 2543 843 2548 -—
862 2524 873 2548 3
895 2525 927 2556 Id
968 2536 1011 2557 ιιι,
1034 2536 1069 2565 ¹7
1137 2523 1363 2558 -41Joan.1.
1390 2525 1479 2556 5.—

92 2579 105 2602 5
134 2590 148 2611 1
169 2580 248 2612 Tim.
271 2591 315 2617 vt,
344 2581 381 2611 16
406 2584 439 2611 et
456 2580 529 2621 Sap.
559 2591 613 2613 vn.
638 2580 691 2611 96.
