1803 3250
303 193 324 228 8
730 197 760 223 s.
801 198 1031 224 mucosum
1070 197 1247 222 eviscovi

300 268 455 324 figuras
491 262 737 306 celebrabat
770 260 824 304 ad
855 260 1173 320 expectandum
1213 258 1481 304 Salvatorem
1505 280 1513 305 :
1539 268 1589 304 ut
1610 274 1689 320 per

295 338 530 380 adventum
555 333 661 377 Novi
687 332 949 375 Testamenti
980 330 1074 375 illos
1108 330 1315 374 liberaret
1338 330 1473 389 gratia
1497 331 1658 375 donata
1674 366 1685 386 ‚

294 408 383 451 illas
419 406 608 449 auferret
641 404 797 447 veritas
834 402 1017 447 reddita.
1061 422 1080 445 «
1110 405 1205 461 Ipsa
1231 402 1350 445 enim
1374 405 1463 446 Lex
1485 418 1584 462 quae
1612 417 1689 461 per

296 499 314 518 »
343 481 521 534 Moysen
545 476 644 520 data
668 485 732 519 est
753 511 762 529 ‚
795 475 931 533 gratia.
952 484 994 518 et
1018 475 1173 518 veritas
1196 489 1272 533 per
1295 476 1443 517 ,lesum
1468 474 1689 518 Christum

295 568 314 589 »
344 549 454 592 facta
473 549 563 590 est¹
590 566 597 592 :
628 568 643 586 ι»
673 547 808 604 gratia
829 545 1012 599 scilieet,
1044 554 1094 588 ut
1115 544 1216 588 data
1239 543 1511 602 indulgentia
1533 559 1690 603 pecca—

293 630 436 663 torum
453 654 462 672 ‚
489 617 609 677 quod
634 626 900 676 przeceptum
924 626 1016 660 erat
1040 632 1091 659 ex
1121 616 1196 658 Dei
1224 615 1341 659 dono
1364 615 1658 659 custodiretur
1678 636 1689 672 3

289 690 444 733 veritas
467 698 614 731 antem
635 723 645 741 ‚
686 697 731 731 ut
761 687 902 731 ablata
929 686 1237 731 observatione
1261 686 1519 730 umbrarum
1535 721 1546 741 ‚
1573 685 1690 744 quod

288 762 550 820 promissum
570 769 661 803 crat
679 775 728 802 cx
749 759 820 802 Dei
846 759 931 802 lide
957 767 1312 818 praesentaretur.

347 834 447 875 Vll.
479 829 663 875 Proinde
687 830 784 884 isti,
819 830 895 890 qui
928 844 976 872 ea
1008 844 1109 888 quae
1144 844 1232 873 non
1256 827 1509 886 intelligunt
1545 842 1694 887 repre-

289 903 557 956 hendentes,
592 902 758 960 lepram
795 900 864 945 vel
889 900 1078 944 scabiem
1112 915 1187 944 seu
1220 915 1421 944 verrucas
1448 899 1574 957 Legis
1604 913 1695 943 esse

289 973 440 1017 dicunt
478 973 749 1030 promissivas
781 972 938 1029 figuras
971 980 1342 1016 sacramentorum
1363 1006 1373 1024 ,
1411 968 1571 1014 similes
1594 979 1696 1014 sunt

291 1044 541 1087 hominibus
562 1080 572 1098 ‚
607 1043 769 1104 quibus
801 1043 1034 1101 displicent
1074 1058 1123 1087 ea
1165 1057 1354 1102 quorum
1387 1057 1477 1086 non
1515 1043 1696 1103 capiunt

291 1113 520 1158 utilitatem
545 1133 553 1158 :
579 1113 714 1158 veluti
741 1113 775 1157 si
796 1112 952 1157 surdus
976 1112 1130 1157 videns
1160 1113 1325 1157 moveri
1360 1112 1475 1156 labia
1508 1112 1697 1173 loquen-

291 1187 425 1239 tium,
459 1195 669 1246 tanquam
700 1186 946 1244 superfluos
985 1185 1069 1229 oris
1102 1195 1246 1229 motus
1282 1183 1590 1245 deformesque
1627 1201 1696 1229 re-

288 1257 606 1317 prehenderet3
634 1256 703 1301 vel
737 1257 770 1300 si
803 1257 1035 1316 quisquam
1063 1272 1204 1300 caecus
1236 1255 1413 1300 ‚laudata
1443 1255 1525 1300 sibi
1554 1255 1694 1316 aliqua

286 1328 419 1373 domo
438 1364 448 1382 ‚
474 1328 605 1373 vellet
643 1327 864 1387 palpando
893 1330 1080 1388 probare
1103 1329 1225 1388 quod
1258 1327 1419 1371 dicitur
1441 1363 1451 1382 ,
1489 1338 1532 1372 et
1556 1328 1696 1387 parie-

290 1411 381 1445 tum
423 1400 645 1444 levitatem
682 1415 815 1443 manu
838 1409 1107 1458 pertractans
1128 1435 1139 1455 ,
1173 1400 1219 1443 in
1244 1399 1452 1443 fenestras
1474 1400 1691 1454 irrueret,

283 1488 442 1532 casque
471 1471 593 1516 velut
625 1472 983 1516 inconvenientes
1012 1471 1076 1516 illi
1097 1471 1337 1533 aequalitati
1368 1473 1687 1530 redargueret,

289 1558 584 1603 cavernasque.
609 1558 803 1587 rumosas
825 1551 1018 1602 putarett

351 1616 476 1658 Vlll.
510 1617 711 1658 Jamvero
741 1613 857 1658 facta
888 1614 1208 1673 Prophetarum
1231 1614 1361 1656 etiam
1384 1613 1476 1672 ipsa
1500 1613 1697 1673 prophe-

298 1686 377 1729 tica
401 1695 443 1729 et
462 1686 643 1742 mystica
666 1684 816 1739 fuisse,
843 1684 952 1745 quid
982 1699 1109 1743 agam
1133 1692 1184 1728 ut
1204 1682 1478 1742 intelligant,
1505 1699 1697 1744 quorum

293 1765 457 1799 mentes
491 1755 656 1799 vanitas
694 1755 954 1814 occupavit,
991 1756 1049 1799 ita
1082 1764 1131 1799 ut
1152 1764 1308 1813 putent
1341 1754 1459 1798 credi
1497 1771 1520 1799 a
1565 1755 1693 1799 nobis

293 1828 419 1871 etiam
446 1829 588 1886 ipsum
617 1830 750 1870 Deum
779 1825 1018 1887 aliquando
1046 1827 1090 1870 in
1114 1827 1305 1870 tenebris
1331 1842 1421 1870 esse
1450 1837 1688 1883 versatum,

296 1899 398 1958 quia
421 1899 631 1957 scriptum
659 1907 722 1942 est
750 1917 758 1941 :
788 1917 808 1940 «
836 1897 1047 1942 Tenebrae
1073 1907 1196 1942 erant
1219 1913 1348 1957 super
1371 1897 1611 1956 abyssum²
1634 1917 1643 1943 :
1676 1917 1693 1940 n

301 1980 508 2029 tanquam
553 1985 629 2013 nos
679 1970 885 2027 abyssum
926 1969 1121 2014 dicamus
1173 1973 1311 2013 Deum
1329 2005 1339 2024 ,
1386 1969 1462 2013 ubi
1505 1969 1697 2014 tenebrae

298 2050 448 2096 erant,
493 2041 596 2101 quia
644 2041 717 2085 lux
761 2041 820 2085 ibi
858 2057 946 2085 non
981 2051 1103 2096 erat,
1142 2052 1377 2101 antequam
1408 2045 1523 2086 Deus
1561 2041 1697 2087 verbo

302 2111 460 2156 faceret
500 2112 679 2156 lucem?
718 2112 799 2157 Sed
835 2112 937 2171 quia
964 2128 1052 2156 non
1086 2111 1362 2171 distinguunt
1397 2112 1510 2155 inter
1551 2112 1697 2156 lucem

300 2183 422 2242 quod
460 2191 525 2226 est
565 2184 655 2240 ipse
705 2186 815 2226 Deus
836 2218 846 2237 ‚
884 2192 927 2227 et
966 2182 1110 2227 lucem
1143 2198 1275 2242 quam
1305 2182 1409 2227 fecit
1432 2185 1572 2238 Deus,
1598 2183 1698 2227 ideo

302 2263 459 2313 putant
481 2269 572 2297 esse
594 2268 865 2313 consequens
880 2289 890 2307 ‚
916 2264 964 2298 ut
987 2255 1030 2298 in
1062 2253 1252 2298 tenebris
1274 2254 1364 2313 ipse
1386 2253 1519 2297 fuerit
1536 2289 1547 2309 ‚
1575 2263 1698 2298 ante-

303 2340 434 2384 quam
467 2325 628 2368 l'aceret
658 2324 800 2368 lucem
822 2360 832 2378 ‚
874 2341 974 2368 cum
1005 2325 1199 2368 tenebrae
1238 2334 1378 2369 essent
1405 2341 1535 2385 super
1564 2325 1697 2383 abys--

300 2411 396 2439 sum
414 2430 425 2449 ‚
450 2404 684 2454 antequam
709 2394 872 2439 diceret
898 2414 906 2439 ε
937 2413 954 2435 «
984 2395 1080 2439 Fiat
1102 2395 1177 2439 lux
1195 2431 1206 2450 ‚
1234 2405 1276 2440 et
1298 2394 1411 2440 facta
1436 2405 1500 2440 est
1520 2395 1643 2440 luxss.
1673 2414 1692 2437 »

302 2466 423 2512 Sicut
446 2466 561 2509 enim
587 2466 630 2509 in
648 2468 770 2511 Novo
790 2469 1065 2510 Testamento
1087 2476 1327 2528 utrumque
1344 2466 1400 2512 de
1417 2466 1493 2514 illo
1515 2467 1693 2524 dicitur,

355 2559 363 2575 ¹
386 2555 520 2588 Joan.1.
546 2563 580 2594 17
612 2570 652 2575 —-
670 2561 680 2575 ²
700 2556 778 2584 Gen.
806 2566 827 2593 i,
848 2562 930 2584 ‘L—
947 2552 959 2575 3
976 2552 1054 2585 lbidv
1081 2554 1109 2584 3.
