1803 3250
384 198 549 230 comm
580 201 857 231 sneunnmum
890 199 1176 231 inmensum.
1392 195 1474 235 305

91 264 316 312 fortiores:
345 282 444 313 nam
468 267 614 313 nullus
631 268 813 314 alterum
829 278 1024 328 superat,
1045 268 1126 313 nisi
1139 284 1226 328 quo
1244 278 1308 314 est
1321 280 1475 328 poten-

89 335 176 381 tior
198 351 209 378 :
234 337 311 382 sed
341 347 487 384 tamen
513 340 592 399 ipsi
621 337 877 384 infirmiores
899 349 1001 383 sunt
1023 339 1238 400 principes
1267 340 1406 401 iniqui
1430 342 1476 386 in

88 408 316 467 praesenti,
349 425 483 470 quam
505 411 539 454 si
561 411 606 454 in
628 419 744 455 statu
766 409 946 470 pristino
969 419 1100 471 atque
1115 411 1280 471 justitia
1305 427 1479 472 perma-

89 487 260 523 nerent.
279 481 464 524 Interest
480 489 627 524 autem
643 479 761 524 unde
775 479 829 525 sit
841 480 1027 541 quisque
1040 480 1122 526 alio
1135 480 1313 541 fortior3
1330 492 1478 528 utrum

91 562 298 610 corpore,
323 559 374 595 ut
392 550 495 610 equi
515 551 790 609 hominibus3
815 566 871 595 an
896 551 1052 596 animae
1077 562 1249 607 natura,
1277 563 1327 597 ut
1348 555 1481 600 ratio-

90 619 190 665 nale
210 622 475 680 irrationali3
499 638 554 666 an
576 621 809 667 affectione
825 623 975 679 animi,
998 632 1049 667 ut
1065 623 1284 668 virtuosus
1300 624 1477 684 injusto,

91 705 147 736 an
168 691 322 737 ordine
343 694 568 753 potestatis
587 729 598 749 ,
625 702 675 738 ut
696 694 931 754 imperator
953 693 1090 739 milite
1111 704 1186 739 aut
1208 696 1478 754 provinciali.

92 763 287 808 Potestas
309 773 457 809 autem
475 780 497 808 a
515 780 683 809 summa
704 765 779 809 Dei
801 774 1014 825 potestate
1032 765 1214 811 omnino
1242 765 1335 810 dari
1352 767 1484 811 credi·

92 841 192 892 tur3
222 850 338 894 saepe
366 835 496 879 etiam
525 834 813 881 deterioribus
834 836 880 880 in
901 836 1124 893 meliores,
1149 836 1195 881 id
1216 846 1301 893 est,
1326 837 1486 898 iniquis

91 905 136 950 in
160 921 233 951 eos
250 905 328 967 qui
347 906 418 952 vel
434 908 522 967 jam
550 917 700 952 tenent
712 908 941 969 justitiam,
966 908 1037 954 vel
1056 908 1111 954 ad
1132 925 1226 954 eam
1248 910 1485 954 tenendam

91 978 319 1036 pervenire
350 978 553 1023 nituntur
584 997 593 1024 :
626 979 680 1023 ad
704 980 788 1024 hoc
810 980 928 1025 enim
955 979 1102 1036 datur,
1131 989 1180 1024 ut
1208 981 1383 1040 probati
1406 996 1482 1041 per

91 1048 348 1108 patientiam
379 1049 594 1095 manifesti
627 1050 776 1105 fiant¹,
818 1050 889 1096 vel
912 1051 995 1096 sibi
1032 1051 1089 1095 ad
1122 1066 1242 1110 spem
1256 1087 1267 1107 ,
1289 1051 1358 1095 vel
1391 1051 1482 1097 aliis

91 1119 147 1164 ad
176 1119 480 1164 imitationem.
516 1139 536 1162 «
555 1120 744 1165 Scientes
762 1155 773 1175 ,
806 1120 952 1181 inquit
980 1121 1238 1180 Apostolus,
1274 1122 1482 1182 quoniam

98 1210 116 1232 »
139 1190 366 1237 tribulatio
382 1191 641 1252 patientiam
663 1200 892 1252 operatur,
917 1192 1125 1252 patientia
1155 1192 1456 1252 probationem
1474 1228 1485 1248 ‚

90 1279 112 1304 »
132 1262 334 1323 probatio
368 1266 534 1323 spem2.
555 1281 575 1304 »
606 1265 672 1307 Ex
699 1278 788 1323 quo
821 1277 979 1321 genere
1001 1263 1246 1308 certaminis
1269 1272 1358 1318 est,
1382 1279 1483 1309 cum

91 1333 225 1379 homo
246 1333 387 1379 fidelis
408 1333 613 1379 adversus
634 1333 852 1394 principes
869 1342 912 1378 et
927 1342 1162 1394 potestates
1183 1335 1487 1394 praevaricato-

91 1419 192 1450 rum
213 1405 494 1464 angelorum,
520 1413 564 1449 et
584 1403 788 1449 adversus
807 1403 1015 1464 spiritalia
1040 1403 1249 1466 nequitiae
1271 1404 1486 1450 collucta-

93 1484 164 1521 tur
177 1477 193 1502 ³
210 1497 222 1534 3
245 1491 348 1522 cum
359 1475 421 1520 illi
439 1476 658 1535 accipiunt
675 1476 875 1521 tentandi
891 1485 1167 1536 potestatem,
1182 1476 1256 1522 ille
1272 1486 1489 1539 praecepta

90 1546 310 1594 tolerandi
335 1567 346 1594 ε
371 1563 423 1592 ex
443 1563 533 1609 quo
554 1548 627 1603 fit,
648 1557 697 1593 ut
713 1549 759 1593 in
780 1563 826 1592 re
847 1547 1056 1593 inferiore
1084 1558 1312 1609 superent,
1339 1549 1384 1593 in
1405 1564 1487 1608 po-

92 1619 279 1671 tentiore
290 1629 552 1680 superentur
569 1638 579 1664 :
594 1628 801 1680 superant
812 1619 1072 1680 plerumque
1087 1636 1245 1680 corpus
1254 1620 1484 1676 infirmius,

91 1699 137 1736 et
156 1699 306 1736 mente
326 1690 519 1735 firmiore
540 1700 819 1750 superantur.
848 1692 1013 1737 Contra
1031 1691 1122 1737 vim
1143 1693 1307 1753 quippe
1335 1706 1487 1737 eorum

92 1763 300 1822 patientia
329 1772 550 1823 pugnatur
571 1772 723 1808 contra
751 1762 928 1808 insidias
950 1763 1209 1823 prudentia3
1235 1773 1286 1808 ut
1308 1763 1363 1809 ad
1385 1779 1486 1824 per-

89 1833 298 1879 niciosam
314 1834 646 1880 consensionem
662 1848 744 1878 nec
764 1831 963 1892 cogendo
981 1849 1060 1879 nos
1077 1835 1274 1890 flectant,
1298 1850 1379 1880 nec
1401 1833 1487 1880 fal-

89 1905 223 1952 lendo
240 1906 476 1968 decipiant.
504 1906 717 1961 Quoniam
740 1921 841 1950 vere
861 1906 999 1951 virtus
1016 1915 1059 1951 et
1074 1906 1285 1966 sapientia
1309 1907 1387 1951 Dei
1405 1915 1485 1961 est,

90 1992 170 2038 per
196 1993 330 2038 quam
362 1976 476 2022 facta
509 1986 608 2021 sunt
635 1976 805 2034 omnia3
829 1971 1060 2036 propterea
1090 1977 1137 2021 in
1161 1977 1228 2022 his
1250 1993 1350 2038 quae
1371 1975 1487 2022 facta

90 2056 209 2105 sunt,
234 2064 336 2094 cum
357 2047 579 2108 superiora
597 2047 652 2092 ad
670 2047 877 2093 inferiora
898 2046 1144 2104 declinant,
1169 2048 1248 2093 ubi
1271 2057 1335 2094 est
1358 2063 1489 2093 omne

90 2129 321 2180 peccatum
343 2129 387 2165 et
403 2135 534 2165 omne
553 2119 675 2180 quod
697 2119 858 2164 dicitur
880 2118 1071 2175 malum,
1096 2120 1158 2164 vis
1179 2120 1376 2165 imitatur
1395 2120 1486 2164 vir-

90 2199 248 2246 tutem,
268 2199 313 2236 et
332 2189 503 2235 fallacia
525 2190 783 2250 sapientiam
802 2209 812 2236 2
834 2205 933 2235 cum
963 2205 1067 2236 vero
1089 2205 1139 2234 ea
1161 2205 1262 2250 quae
1288 2189 1484 2234 declina-

90 2270 265 2318 verant,
302 2270 535 2307 recurrunt
566 2270 610 2306 et
645 2261 857 2316 redeunt,
892 2260 1224 2320 magnanimitas
1247 2261 1482 2314 virtutem,

90 2333 291 2377 doctrina
315 2333 571 2390 sapientiam
586 2334 800 2378 imitatur.
828 2336 978 2392 Ipsum
994 2333 1125 2377 etiam
1148 2335 1287 2377 Deum
1314 2336 1484 2377 Patrem

92 2411 322 2463 peccantes
342 2402 570 2446 imitantur
590 2402 724 2462 impia
741 2404 967 2462 superbia,
985 2404 1091 2462 justi
1114 2404 1184 2462 pia
1207 2401 1482 2447 liberalitate.

96 2474 304 2535 Spiritum
322 2471 514 2533 denique
530 2482 730 2518 sanctum
746 2474 998 2534 iniquorum
1015 2473 1247 2534 cupiditas,
1267 2483 1484 2519 rectorum

145 2566 152 2582 ¹
179 2570 190 2591 ι
210 2561 283 2592 Cor.
303 2569 348 2599 xi,
371 2569 463 2600 ¹9·-
492 2563 506 2580 ²
524 2560 616 2590 Rom.
634 2568 666 2600 ν,
685 2558 716 2601 4.
732 2576 772 2582 -
787 2556 800 2581 ³
822 2557 937 2601 Ephes.
960 2569 1006 2600 vi,
1030 2567 1080 2590 12.

258 2623 448 2654 cxxxvi.
1245 2613 1297 2651 20
