1803 3250
435 187 598 216 CONTRA
631 187 848 227 musarum,
882 189 965 216 Lm.
1007 191 1116 217 xxn.
1408 181 1462 218 67

76 252 277 296 testando
309 268 398 298 non
430 254 611 299 tacuit¹.
648 255 741 297 Hoc
774 268 878 311 ergo
910 254 1075 298 crimen
1101 254 1245 314 potius
1275 258 1463 301 Faustus

72 323 292 383 objiceret,
320 325 395 369 ubi
417 341 506 370 non
527 339 645 368 error
662 339 712 367 ex
734 323 889 367 habitu
910 326 1169 381 meretricio,
1185 326 1260 370 sed
1277 327 1459 373 omnino

71 394 315 440 voluntaria
348 394 660 440 contaminatio
693 394 863 453 paterni
898 393 1048 438 lectuli
1075 407 1281 455 apparet3
1316 398 1396 442 nisi
1419 407 1464 443 et

69 463 207 522 ipsam
238 467 424 510 Thamar
460 465 556 524 plus
583 464 768 519 odisset,
805 464 927 525 quod
960 464 1037 509 illo
1074 468 1314 512 concubitu
1351 468 1461 513 nihil

69 534 189 580 aliud
210 551 342 596 quam
359 551 510 595 parere
531 545 732 595 cuperet,
756 551 890 596 quam
910 536 944 579 si
965 535 1055 581 sola
1078 537 1262 582 libidine
1279 541 1462 585 carnalis

69 606 303 666 voluptatis
324 607 519 664 arsisset3
551 617 594 651 et
623 607 785 652 Christi
807 608 1107 667 progenitores
1135 608 1356 668 culpando
1386 615 1460 655 In-

68 678 308 722 cai-nationi
339 680 428 740 ejus
456 678 587 722 fidem
623 679 822 737 derogari
848 678 1056 724 voluisset
1078 699 1087 725 ;
1111 681 1314 738 ignorans
1338 683 1465 726 miser

66 748 335 793 verissimum
358 759 401 794 et
421 750 742 794 veracissimum
774 750 1042 795 Salvatorem
1059 786 1070 807 ,
1106 767 1195 795 non
1225 751 1367 796 solum
1395 753 1462 798 lo·

67 819 260 879 quendo,
281 820 356 865 sed
378 822 508 865 etiam
531 823 748 866 nascendo
772 824 1024 881 magistrum
1056 824 1261 868 extitisse.
1294 823 1467 870 Fideles

67 892 182 935 enim
191 893 226 952 ej
234 907 282 936 us
291 894 465 937 venturi
477 909 527 937 ex
535 895 651 938 omni
661 895 739 937 bus
753 894 956 953 gentibus
970 895 1099 938 etiam
1114 894 1312 952 exemplo
1325 896 1465 941 carnis

64 961 197 1021 ipsius
208 963 372 1007 discere
384 963 651 1019 debuerunt,
672 973 907 1024 parentum
922 980 1103 1009 suorum
1117 966 1369 1026 iniquitates
1385 967 1468 1011 sibi

63 1033 214 1078 obesse
237 1050 327 1078 non
350 1050 490 1094 posse.
520 1035 705 1080 Proinde
722 1052 910 1095 sponsus
933 1037 1008 1080 ille
1027 1038 1112 1081 suis
1130 1053 1376 1097 congruens
1398 1040 1468 1082 in-

65 1103 231 1159 vitatis,
261 1105 338 1165 qui
372 1114 603 1149 vocaturus
634 1115 725 1149 erat
747 1106 799 1149 ad
834 1108 1008 1165 nuptias
1047 1107 1186 1151 bonos
1216 1117 1261 1151 et
1295 1109 1430 1152 malos
1449 1144 1460 1163 ,

66 1174 198 1219 etiam
211 1176 327 1220 nasci
347 1175 488 1221 voluit
504 1175 559 1220 de
579 1178 701 1220 bonis
725 1186 769 1220 et
790 1176 938 1221 malis²
957 1197 966 1222 :
994 1187 1044 1221 ut
1061 1179 1340 1237 prophetiam
1362 1183 1463 1224 Pas-

64 1246 175 1302 chae,
200 1263 286 1308 qua
303 1256 545 1308 praeceptus
568 1259 630 1292 est
650 1247 905 1292 manducari
929 1264 1066 1307 agnus
1079 1259 1282 1309 acceptus
1305 1267 1356 1294 ex
1370 1252 1462 1296 ovi-

66 1318 147 1362 bus
168 1327 212 1362 et
232 1319 370 1379 capris
384 1320 417 1375 ³,
443 1329 652 1380 tanquam
669 1319 796 1378 justis
818 1328 862 1363 et
878 1319 1046 1379 injustis
1063 1354 1074 1374 ,
1100 1319 1155 1363 ad
1185 1336 1230 1364 se
1252 1322 1460 1381 praefigu-

65 1389 251 1434 randum
282 1390 544 1450 praecessisse
573 1390 777 1434 firmaret.
817 1393 1088 1434 Documenta
1120 1391 1284 1450 quippe
1320 1394 1395 1436 Dei
1417 1403 1461 1437 et

64 1460 251 1506 hominis
273 1461 440 1519 ubique
461 1476 748 1514 conservans,
781 1470 981 1519 parentes
1010 1469 1054 1504 et
1084 1461 1222 1506 bonos
1250 1472 1294 1507 et
1326 1463 1462 1509 malos

8 1563 10 1565 »
64 1539 241 1589 propter
266 1532 614 1576 convenientiam
648 1531 928 1575 humanitatis
957 1547 1046 1575 non
1068 1532 1258 1591 sprevit3
1283 1543 1460 1593 partum

64 1611 210 1646 autem
233 1602 407 1661 virginis
430 1613 607 1662 propter
633 1602 889 1647 miraculum
910 1601 1149 1648 divinitatis
1171 1603 1317 1663 elegit.

125 1675 257 1718 LXV.
294 1674 485 1717 Inaniter
507 1688 609 1731 ergo
632 1676 840 1725 Faustus,
865 1673 910 1716 in
932 1688 976 1716 se
997 1673 1139 1732 ipsum
1160 1676 1303 1733 potius
1325 1676 1458 1721 dente

64 1743 269 1802 sacrilego
290 1744 470 1788 saeviens
486 1778 497 1797 ‚
533 1754 724 1788 sanctam
755 1743 1048 1802 Scripturam‚
1075 1760 1208 1804 quam
1234 1755 1351 1791 totus
1365 1749 1456 1807 jam

65 1814 255 1860 mundus
278 1815 433 1860 merito
455 1823 713 1868 veneratur,
740 1823 914 1858 accusat
935 1832 943 1858 z
964 1830 1087 1873 quae,
1115 1824 1164 1859 ut
1186 1831 1316 1876 supra
1338 1818 1454 1873 dixi,

66 1894 278 1946 tanquam
299 1885 461 1944 speculi
488 1885 627 1929 fidelis
651 1885 790 1940 nitor,
815 1884 979 1929 nullius
1007 1886 1163 1945 accipit
1191 1887 1456 1933 adulandam

66 1971 310 2016 personam,
335 1957 410 2002 sed
428 1966 472 2001 et
491 1955 710 2001 laudanda
729 1965 772 2000 et
789 1956 1075 2015 vituperanda
1092 1958 1320 2003 hominum
1342 1960 1458 2006 lacta

66 2028 137 2074 vel
161 2029 252 2089 ipsa
269 2028 458 2088 judicat,
485 2027 555 2072 vel
576 2026 822 2087 legentibus
838 2028 1078 2088 judicanda
1109 2035 1343 2089 proponit3
1374 2047 1455 2077 nec

67 2100 209 2144 solum
231 2100 428 2144 homines
449 2099 562 2158 ipsos
584 2098 648 2142 vel
668 2098 976 2158 vituperabiles
997 2098 1068 2143 vel
1086 2099 1326 2146 laudabiles
1349 2101 1455 2147 inti-

68 2186 213 2227 mans,
241 2170 527 2217 verumetiam
550 2169 752 2230 quaedam
777 2169 824 2214 in
852 2169 1214 2230 vituperabilibus
1234 2172 1456 2220 laudanda

68 2252 112 2287 et
131 2243 178 2287 in
205 2241 500 2288 laudabilibus
527 2241 814 2299 vituperanda
844 2257 933 2285 non
968 2250 1125 2286 tacens.
1160 2245 1313 2303 Neque
1342 2247 1456 2290 enim

67 2315 170 2375 quia
190 2312 490 2373 vituperabilis
503 2314 644 2357 homo
658 2322 750 2356 erat
769 2313 912 2368 Safil⁴‚
930 2313 1029 2358 ideo
1045 2329 1134 2359 non
1154 2324 1218 2359 est
1232 2315 1454 2363 laudabile

67 2383 232 2430 factum
255 2385 365 2445 ejus,
381 2384 501 2444 quod
519 2393 741 2442 gustatum
753 2383 808 2427 de
826 2385 1101 2429 anathemate
1117 2394 1206 2430 tam
1224 2387 1455 2447 diligenter

68 2465 304 2511 scrutatus,
338 2463 426 2499 tam
465 2467 610 2498 severe
645 2453 867 2498 vindicare
899 2465 1080 2499 conatus
1113 2466 1176 2500 est
1200 2492 1211 2512 ,
1248 2459 1455 2506 obediens

120 2546 128 2563 ¹
149 2542 228 2574 Gen.
245 2548 332 2581 xmx,
352 2538 446 2571 3.—²
464 2537 583 2570 Matth.
607 2548 683 2579 xxii,
703 2536 834 2570 10.—3
852 2537 951 2570 Exod.
975 2549 1029 2577 xn,
1051 2538 1081 2570 3.
1096 2540 1161 2570 —4
1185 2553 1195 2574 1
1217 2545 1295 2585 fleg.
1317 2556 1378 2586 nv,
1399 2547 1451 2579 33,

1230 2594 1269 2636 5.
