1803 3250
583 240 721 267 sermo
752 238 1024 268 Annuoaum.
1406 232 1491 274 455

107 317 265 362 corpus
276 303 459 363 peperit,
475 306 588 348 Deus
601 313 747 348 autem
761 305 1016 350 immortalis
1027 306 1316 352 immortalem
1330 309 1494 355 Filium

109 374 275 432 genuit.
293 375 704 432 Ergo‘morsChristi
713 389 801 419 non
818 374 1051 421 diminutio
1066 387 1129 423 est
1140 378 1398 436 Divinitatis,
1415 381 1492 428 sed

108 443 320 503 depositio
341 446 549 505 corporis.
579 446 715 492 Sicuti
747 446 862 491 enim
887 449 1108 506 generatio
1128 451 1220 510 ejus
1245 465 1296 495 ex
1324 451 1493 512 virgine

108 530 199 560 non
236 513 321 560 fuit
351 517 574 576 corruptio
607 515 821 561 dealitatis
848 516 1007 577 ipsius,
1037 521 1113 564 sed
1145 523 1362 582 susceptio
1393 540 1493 570 cor-

108 586 239 643 poriS,
265 587 324 631 ita
346 587 452 631 etin
474 595 615 632 morte
636 588 726 647 ejus
749 602 839 632 non
857 587 940 632 fuit
962 590 1099 648 passio
1120 600 1164 635 et
1186 591 1375 639 defectio
1395 594 1492 641 dea-

106 654 239 701 litatis
268 656 423 716 ipsius,
452 656 528 701 sed
555 657 768 716 separatio
803 658 942 702 carnis
965 660 1070 718 ejus.
1105 661 1240 706 Sicuti
1271 665 1388 709 enim
1415 667 1493 725 qui

106 728 418 773 indumentum
439 729 699 785 conscindit,
719 729 876 774 induto
892 728 996 774 facit
1016 731 1221 792 injuriam
1243 751 1252 777 t
1276 733 1336 777 ita
1357 744 1400 780 et
1416 738 1494 796 qui

105 813 281 844 carnem
303 800 395 859 ejus
419 800 730 846 crucifixerunt
746 835 757 855 ,
784 799 1002 845 divinitati
1028 801 1160 861 ipsius
1181 805 1494 851 contumeliam

105 868 363 914 intulerunt.

164 943 285 1006 Vlgl.
325 961 345 983 «
369 944 409 986 Is
430 942 527 1002 quis
549 942 775 987 voluntate
795 952 838 987 et
852 953 1072 1003 praecepto
1097 945 1233 989 Patris
1250 954 1387 991 totam
1407 946 1493 992 dis-v

106 1012 403 1070 pensationem
442 1011 717 1072 adimplevit,
755 1012 981 1057 voluntate
1017 1024 1060 1057 et
1097 1026 1315 1075 praecepto
1358 1018 1493 1063 Patris

103 1097 261 1141 corpus
283 1099 412 1128 suum
434 1099 456 1127 a
480 1083 660 1127 mortuis
687 1084 926 1138 suscitavit,
960 1094 1001 1128 et
1036 1101 1135 1128 cum
1167 1086 1260 1145 ipso
1287 1103 1485 1146 corpore,

103 1164 152 1198 ut
173 1164 319 1213 pastor
340 1170 441 1199 cum
466 1171 561 1208 ove,
588 1164 631 1198 et
645 1155 843 1199 sacerdos
860 1171 961 1200 cum
977 1155 1214 1211 oblatione,
1235 1168 1277 1202 et
1295 1174 1369 1203 rex
1391 1175 1491 1204 cum

101 1240 312 1284 purpura,
339 1234 383 1268 et
405 1228 518 1269 Deus
547 1240 648 1269 cum
676 1226 855 1284 templo,
882 1243 903 1269 a
937 1230 1062 1271 Patre
1088 1239 1333 1288 assumptus
1361 1240 1425 1275 est
1447 1232 1492 1275 in

101 1295 298 1356 gloriam.
324 1315 343 1337 »

161 1369 239 1410 IX.
280 1369 362 1410 «Is
399 1366 496 1426 quis
528 1365 754 1410 voluntate
789 1367 924 1411 Patris
952 1368 1176 1413 descendit
1209 1378 1252 1414 et
1280 1371 1490 1428 ascendit,

101 1436 328 1481 voluntate
351 1446 394 1481 et
415 1446 634 1496 praecepto
656 1438 791 1481 Patris
814 1438 934 1481 sedet
950 1439 1003 1482 ad
1026 1438 1249 1483 dexteram
1268 1442 1382 1500 ejus,
1415 1459 1494 1487 au-

99 1508 222 1552 diens
234 1511 404 1552 Patrem
419 1508 499 1552 sibi
514 1507 728 1552 dicentem
747 1528 754 1552 :
777 1528 794 1548 «
811 1509 919 1552 Sede
940 1507 993 1551 ad
1009 1508 1227 1554 dexteram
1243 1526 1402 1568 meam,
1420 1512 1496 1558 do-

102 1597 123 1630 »
147 1594 228 1623 nec
251 1594 410 1637 ponam
423 1578 620 1622 inimicos
645 1588 739 1622 tuos
752 1578 991 1623 scabellum
1006 1580 1171 1638 pedum
1192 1586 1433 1627 tuorum2.»
1455 1588 1495 1628 Is

98 1650 176 1710 qui
193 1650 418 1695 voluntate
438 1658 481 1693 et
504 1659 723 1708 praecepto
747 1650 883 1694 Patris
904 1649 1024 1694 sedet
1046 1650 1101 1694 ad
1124 1651 1345 1697 dexteram
1367 1655 1459 1713 ejus
1474 1690 1485 1711 ,

99 1721 133 1764 is
155 1720 382 1765 voluntate
404 1729 447 1764 et
469 1731 685 1779 praecepto
711 1721 846 1764 Patris
871 1722 914 1764 in
936 1723 1311 1766 consummatione
1339 1726 1487 1769 saeculi

101 1800 311 1837 venturus
328 1800 391 1835 est
406 1826 417 1845 ,
442 1790 652 1849 Apostolo
674 1790 937 1835 vociferante
960 1802 1001 1835 et
1028 1791 1199 1836 dicente
1224 1812 1233 1837 z
1262 1813 1281 1835 «
1301 1797 1356 1838 Et
1376 1796 1482 1854 ipse,

106 1883 123 1904 »
149 1861 318 1922 inquit,
345 1862 551 1906 Dominus
585 1862 629 1905 in
654 1863 798 1921 jussu,
840 1862 883 1904 in
916 1877 1021 1906 voce
1054 1865 1335 1923 Archangeli,
1376 1875 1420 1910 et
1440 1868 1486 1911 in

104 1932 254 1977 »tuba
288 1933 386 1987 Dei,
425 1932 661 1976 descendet
695 1932 749 1975 de
780 1932 933 1976 eoelo2.
956 1953 975 1975 »
1005 1938 1045 1978 Is
1079 1935 1153 1994 qui
1188 1934 1415 1980 voluntate
1445 1946 1488 1981 et

101 2014 320 2065 praecepto
339 2005 474 2049 Patris
492 2005 652 2059 veniet,
678 2003 903 2049 voluntate
924 2014 966 2048 et
990 2015 1208 2065 praecepto
1225 2008 1362 2050 Patris
1373 2007 1487 2067 judi-

100 2086 276 2121 caturus
297 2085 361 2120 est
379 2085 520 2120 totum
541 2074 755 2119 mundum
776 2076 820 2117 in
839 2076 1060 2134 aequitate,
1081 2086 1124 2120 et
1138 2076 1388 2122 redditurus
1401 2079 1489 2122 sin-

102 2148 211 2206 gulis
233 2147 476 2192 secundum
495 2145 625 2191 fidem
643 2157 687 2190 et
707 2162 837 2206 opera
862 2162 954 2201 sua,
971 2147 1187 2206 sicutipse
1209 2149 1267 2192 ait
1289 2168 1297 2193 :
1319 2168 1338 2191 «
1362 2153 1488 2194 Pater

107 2237 125 2260 »
147 2219 315 2278 judicat
351 2218 570 2262 neminem
587 2252 597 2272 ,
637 2217 710 2262 sed
744 2232 873 2262 omne
897 2216 1110 2277 judicium
1137 2217 1249 2262 Filio
1276 2218 1443 2263 deditss.
1467 2238 1487 2261 »

104 2293 213 2335 Item
232 2325 243 2346 ,
272 2309 292 2332 «
316 2290 452 2335 Sicuti
476 2288 629 2344 audio,
656 2287 830 2349 judico,
862 2298 905 2333 et
928 2288 1141 2349 judicium
1171 2305 1315 2334 meum
1339 2306 1490 2335 verum

107 2380 125 2403 »ι
152 2370 231 2416 est,
256 2361 358 2420 quia
379 2375 469 2405 non
491 2376 642 2420 quaero
662 2359 932 2405 voluntatem
946 2375 1103 2414 meam,
1129 2360 1205 2404 sed
1220 2361 1492 2406 voluntatem

107 2451 126 2474 »
153 2433 243 2492 ejus
271 2431 346 2491 qui
368 2446 437 2475 me
460 2431 622 2475 misit4.
646 2449 666 2472 »
693 2431 819 2476 Unde
836 2441 879 2475 et
901 2431 946 2474 in
958 2430 1197 2491 judicando
1222 2433 1358 2477 Patris
1379 2448 1494 2492 prae-

103 2503 285 2548 sentiam
308 2501 524 2562 praeponit
545 2535 556 2556 ,
588 2510 632 2546 et
652 2516 775 2546 suam
798 2501 988 2546 divinam
1012 2500 1264 2560 dignitatem
1285 2512 1328 2546 et
1349 2512 1495 2562 potes·

158 2593 164 2608 '
190 2585 271 2619 Psal.
291 2597 354 2628 cix,
382 2598 408 2618 1.
426 2602 467 2608 —
485 2594 498 2608 ²
522 2598 532 2618 1
557 2585 664 2618 Thess.
685 2596 728 2626 iv,
748 2586 801 2617 23.
820 2603 860 2607 —
882 2583 894 2607 3
920 2587 1012 2618 Joan.
1031 2597 1063 2625 v,
1084 2594 1136 2617 22.
1153 2585 1223 2615 —'4
1245 2586 1326 2618 Ibid.
1347 2587 1397 2619 30.
