1803 3250
411 175 574 207 CONTRA
606 179 884 208 szcunnmnm
915 174 1202 206 MAmcnAEnM.
1417 167 1501 206 323

118 245 217 289 liter
246 245 436 305 positum
465 255 543 290 est.
579 248 889 290 Verumtamen
916 255 960 289 et
986 243 1282 303 corporaliter,
1318 259 1409 288 non
1437 252 1502 288 est

119 316 243 361 cibus
264 316 309 360 in
331 316 665 376 vituperatione,
692 316 766 360 sed
784 315 911 359 luxus
931 335 940 360 ε
967 317 1185 375 praecipue
1208 317 1343 371 vobis,
1370 316 1502 359 etiam

118 387 349 432 carnaliter
370 397 546 446 accepta
569 389 661 432 haec
684 387 896 431 sententia
918 386 1088 445 placere
1110 387 1280 441 debuit,
1313 397 1362 431 ut
1381 403 1503 432 mac-

119 459 266 502 taretis
282 474 447 513 carnes,
469 474 518 502 ac
540 461 599 502 sic
621 458 863 503 carceribus
888 456 1035 502 fractis
1057 458 1112 502 de
1135 458 1289 502 misera
1311 459 1506 503 custodia

122 532 234 574 Deus
255 539 396 574 vester
416 528 662 589 aufugeret,
687 539 730 574 et
750 529 784 572 si
805 545 904 589 quae
926 531 1016 588 ejus
1038 530 1099 573 ibi
1122 529 1315 588 reliquiae
1335 545 1506 575 reman-

119 600 294 654 sissent,
321 599 630 644 manducando
647 615 717 644 eas
737 600 782 643 in
799 599 971 644 officina
993 600 1228 661 aqualiculi
1251 603 1503 660 purgaretis.

122 669 328 724 Insultas‚
354 672 476 731 quod
501 670 610 715 mihi
634 670 825 715 doluerit
851 669 1052 714 sterilitas
1082 673 1211 715 Sarae.
1255 673 1351 715 Non
1381 671 1508 731 plane

120 741 205 785 hoc
226 757 307 800 ego
326 741 465 797 dolui,
491 743 594 802 quia
615 751 659 787 et
680 743 771 802 ipsa
793 743 1046 802 prophetica
1064 741 1088 786 f
1089 742 1165 786 uit.
1187 742 1349 786 Vestris
1364 753 1510 787 autem

121 811 353 869 sacrilegiis
373 812 582 857 fabulosis
603 813 827 872 congruit,
859 829 948 857 non
972 813 1240 857 sterilitatem
1267 815 1380 857 Sarae
1395 847 1406 867 ,
1437 812 1513 856 sed

121 879 456 926 foecunditatem
487 883 657 942 dolere3
695 884 796 942 quia
833 884 973 928 omnis
1006 883 1200 928 foeminae
1231 883 1510 938 foecunditas,

121 950 231 996 dura
251 962 315 996 est
337 954 414 997 Dei
435 953 679 999 calamitas:
704 955 823 997 unde
847 970 936 999 non
954 955 1115 998 mirum
1134 964 1220 1009 est,
1245 955 1344 1014 quia
1366 955 1408 999 in
1433 970 1514 999 vo-

123 1022 188 1066 bis
223 1024 409 1068 maxime
445 1024 653 1082 impletur
688 1023 809 1084 quod
841 1025 895 1068 de
930 1026 1089 1069 talibus
1125 1024 1384 1084 praedictum
1417 1034 1510 1069 est:

126 1112 146 1135 «
174 1094 457 1138 Prohibentes
479 1094 692 1151 nuptias¹.
722 1097 915 1153 »Neque
942 1096 1058 1139 enim
1087 1106 1175 1139 tam
1203 1096 1512 1150 concubitum,

123 1179 272 1223 quam‚
293 1164 467 1222 nuptias
509 1163 784 1208 detestamini
815 1184 823 1208 :
859 1167 1063 1224 quoniam
1094 1168 1138 1208 in
1169 1166 1227 1209 eis
1257 1166 1517 1210 concubitus

123 1249 251 1279 causa
275 1233 570 1294 propagandi,
606 1250 695 1278 non
719 1234 870 1278 vitium
889 1270 899 1289 ,
926 1235 1002 1279 sed
1031 1236 1222 1280 officium
1246 1246 1310 1280 est
1331 1256 1340 1281 ε
1372 1253 1394 1280 a
1427 1252 1517 1295 quo

123 1305 330 1349 immunis
351 1313 414 1348 est
435 1304 702 1348 continentia
726 1304 919 1348 virorum
946 1305 1318 1366 foeminarumque
1343 1316 1518 1351 sancta-

125 1390 219 1418 rum
241 1395 252 1431 3
274 1390 365 1418 non
386 1375 489 1434 quia
506 1376 616 1418 sicut
633 1373 795 1418 malum
815 1374 927 1418 illud
950 1376 1254 1420 devitaverunt
1273 1411 1283 1431 ‚
1318 1377 1393 1420 sed
1416 1378 1519 1436 quia

125 1445 278 1490 melius
299 1445 542 1505 elegerunt.
569 1448 830 1505 Quanquam
856 1456 1029 1504 patrum
1061 1456 1105 1490 et
1132 1458 1345 1502 matrum,
1370 1447 1499 1508 quale

125 1516 347 1561 Abraham
373 1526 417 1560 et
448 1519 550 1562 Sara
586 1517 850 1568 extiterunt,
885 1518 1028 1576 ipsum
1062 1518 1258 1562 officium
1291 1519 1476 1578 conjuga

124 1603 213 1632 non
235 1603 286 1631 ex
307 1588 498 1631 humana
515 1588 734 1640 societate,
758 1587 834 1632 sed
847 1604 896 1631 ex
911 1588 1058 1632 divina
1077 1588 1394 1648 dispensatione
1413 1603 1498 1648 pen

123 1658 310 1703 sandum
332 1668 410 1702 est.
434 1660 544 1704 Nam
569 1658 672 1718 quia
694 1659 916 1703 Christum
939 1659 985 1703 in
1019 1675 1148 1703 carne
1178 1661 1326 1704 venire
1347 1669 1520 1719 oporte-

128 1729 224 1783 bat,
249 1728 288 1772 ei
301 1730 420 1773 carni
437 1728 732 1787 propagandae
753 1728 1014 1774 famulatum
1033 1740 1096 1774 est
1113 1732 1367 1791 conjugium
1385 1733 1516 1785 Sarae,

127 1799 197 1844 cui
221 1797 441 1856 virginitas
461 1799 624 1843 Mariae.

93 1866 97 1870 ’
185 1873 355 1915 XXIII.
394 1869 518 1914 Unde
547 1879 590 1913 et
618 1869 729 1914 illud
759 1870 879 1929 quod
914 1871 1130 1929 imperitia
1162 1870 1372 1915 laudabili
1400 1871 1520 1916 deri-

128 1940 274 1986 dendo
295 1940 642 1985 commemorasti
661 1959 672 1985 2
701 1959 721 1982 «
742 1944 860 1985 Pone
877 1956 1054 1984 manum
1074 1942 1155 1984 sub
1176 1941 1342 1986 femore
1366 1958 1478 1996 meo,
1497 1960 1517 1983 »

129 2013 349 2056 Abraham
382 2027 505 2055 servo
535 2027 614 2056 suo
650 2010 787 2065 dixit,
824 2010 1347 2072 postulansjurisjurandi
1368 2012 1517 2056 fidem.

134 2103 154 2126 «
180 2086 314 2138 Pone,
339 2082 500 2142 inquit,
527 2097 705 2126 manum
717 2082 798 2126 sub
817 2081 980 2126 femore
995 2097 1108 2137 meo,
1126 2084 1273 2142 etjura
1292 2099 1368 2142 per
1382 2087 1520 2127 Deum

134 2173 153 2196 »
178 2153 352 2199 coeli2.›·
367 2156 522 2199 Servus
536 2153 712 2213 quidem
725 2152 798 2197 ille
809 2153 1058 2197 obediendo
1070 2155 1247 2213 jurabat
1263 2173 1271 2199 ε
1289 2155 1362 2198 scd
1377 2155 1519 2199 Abra-

129 2226 230 2270 ham
243 2225 442 2284 jubendo
460 2226 767 2284 prophetabat,
786 2228 923 2269 Deum
940 2224 1102 2269 scilicet
1125 2225 1225 2269 coeli
1248 2218 1295 2268 in
1315 2241 1409 2269 eam
1425 2242 1521 2270 car-

130 2311 229 2341 nem
254 2310 343 2339 esse
361 2305 614 2348 venturum,
632 2311 732 2354 quae
756 2295 906 2339 fuisset
921 2311 971 2338 ex
994 2294 1068 2338 illo
1088 2294 1252 2340 femore
1266 2306 1515 2355 propagata.

131 2370 219 2412 Vos
241 2368 325 2412 hoc
340 2365 656 2426 aspernamini,
680 2366 976 2421 detestamini,
1001 2367 1333 2423 abominamini,
1357 2368 1462 2412 casti
1479 2377 1523 2413 et

128 2437 286 2483 mundi
306 2437 504 2482 homines
532 2453 542 2480 ε
573 2435 650 2495 qui
677 2436 789 2481 Filio
813 2437 916 2493 Dei,
950 2452 1083 2497 quem
1111 2436 1261 2482 nullus
1290 2448 1521 2485 contactus

183 2528 191 2544 ¹
215 2533 228 2555 1
248 2521 330 2556 Tim.
349 2532 396 2564 iv,
420 2521 451 2554 3.
465 2536 501 2544 -
519 2525 534 2543 ²
551 2521 630 2553 Gen.
648 2530 738 2562 xxiv,
758 2528 789 2553 2.

1257 2574 1324 2615 21.
