1803 3250
315 198 396 235 170
745 202 777 231 s.
815 205 1044 232 aucum-uu
1078 205 1256 233 nmscom

309 286 484 332 quoque
506 269 659 314 litteris
685 267 953 314 ostendimus
971 279 1013 314 et
1034 269 1242 314 docemus
1263 289 1271 315 :
1297 285 1371 314 vos
1389 279 1536 315 autem
1555 273 1699 316 omnia

308 358 406 403 quae
429 342 472 383 in
502 339 622 384 libris
651 339 759 385 Novi
785 341 1045 384 Testamenti
1071 356 1158 385 non
1182 340 1372 400 accipitis
1388 376 1399 396 ,
1424 342 1603 386 omnino
1632 358 1702 385 re-

311 408 609 471 prehenditis,
643 425 723 455 nee
751 426 774 454 a
795 411 997 466 Christo,
1032 427 1112 456 nec
1144 411 1199 456 ab
1232 410 1448 471 Apostolis
1476 413 1568 472 ejus
1591 411 1703 457 dicta

306 482 371 526 vel
395 481 639 541 conscripta
665 482 925 526 asseveratis.
950 482 1115 527 Videtis
1134 498 1237 542 ergo
1260 491 1477 542 quantum
1492 483 1605 527 inter
1621 499 1700 528 nos

306 562 348 597 et
369 567 470 607 VOS,
496 552 617 613 quod
639 552 693 597 ad
718 553 829 597 hane
862 568 952 596 rem
979 554 1160 609 attinet,
1187 553 1332 598 distet.
1361 555 1475 599 Cum
1498 553 1647 613 itaque
1682 570 1705 599 a

303 623 426 668 vobis
443 623 668 684 quaeritur,
684 638 819 683 quare
839 639 928 668 non
945 625 1090 668 omnia
1109 624 1154 668 in
1169 623 1290 668 libris
1304 625 1413 669 Novi
1433 626 1700 669 Testamenti

310 694 525 754 accipitis,
551 694 627 738 sed
650 694 696 737 in
718 693 777 738 eis
806 692 951 748 libris,
986 696 1030 737 in
1059 694 1220 754 quibus
1251 695 1501 754 approbatis
1529 695 1673 756 aliqua
1691 731 1702 751 ,

312 766 446 811 multa
472 765 670 825 respuitis
687 800 698 820 ‚
724 764 1063 824 reprehenditis,
1088 767 1314 821 accusatis,
1332 781 1354 810 a
1373 767 1706 826 corruptoribus

311 839 467 883 inserta
505 852 594 881 esse
624 835 888 881 contenditis
911 870 921 890 ‚
962 836 1097 880 nolite
1134 837 1178 880 in
1211 838 1461 898 exemplum
1489 853 1706 882 assumere

313 908 638 953 distinctionem
660 906 762 950 fidei
783 904 853 950 vel
873 906 1188 952 observationis
1202 917 1376 965 nostrae,
1402 908 1478 953 sed
1495 909 1706 954 rationem

312 978 480 1024 reddite
498 977 849 1039 praesumptionis
869 985 1039 1022 vestrae.

372 1053 450 1095 IX.
473 1053 510 1095 A
530 1049 655 1094 nobis
678 1050 794 1093 enim
817 1050 851 1093 si
873 1058 1114 1110 quaeratur,
1134 1065 1213 1094 cur
1234 1065 1323 1095 non
1343 1066 1396 1096 eo
1413 1051 1500 1096 ritu
1515 1051 1710 1096 colamus

311 1125 473 1177 Deum,
520 1136 609 1182 quo
646 1119 881 1166 coluerunt
920 1120 1096 1164 Hebraei
1133 1129 1277 1180 patres
1314 1130 1510 1181 tempore
1541 1123 1709 1169 Veteris

312 1195 576 1239 Testamenti
599 1213 607 1238 :
634 1192 949 1253 respondemus
966 1228 978 1248 ,
1005 1192 1125 1237 aliud
1147 1192 1274 1237 nobis
1297 1195 1436 1237 Deum
1457 1195 1710 1254 praecepisse

309 1280 385 1326 per
405 1274 548 1325 patres
569 1265 681 1310 Novi
701 1264 990 1321 Testamenti,
1015 1279 1160 1325 neque
1180 1265 1264 1308 hoc
1283 1273 1435 1309 contra
1454 1266 1590 1309 Vetus
1606 1267 1709 1310 Tes—

311 1345 552 1382 tamentum
568 1370 580 1392 ,
603 1349 704 1380 cum
721 1344 764 1379 et
780 1336 824 1379 in
847 1334 922 1379 illo
940 1333 985 1379 id
1008 1344 1110 1379 ante
1126 1335 1181 1379 sit
1202 1334 1477 1394 praedictum.
1500 1335 1568 1380 Sic
1585 1336 1701 1380 enim

311 1409 393 1453 hoe
415 1409 559 1467 ipsum
573 1406 924 1466 praenuntiatum
944 1415 1008 1450 est
1026 1421 1101 1466 per
1121 1407 1385 1465 Prophetam
1408 1425 1417 1450 2
1446 1425 1466 1447 «
1487 1408 1600 1450 Eece
1616 1407 1708 1451 dies

315 1501 333 1521 »
356 1479 564 1535 veniunt,
589 1478 694 1522 dicit
715 1478 947 1532 DominuS‚
972 1486 1016 1522 et
1033 1477 1347 1522 consummabo
1370 1492 1499 1537 super
1520 1477 1704 1522 domum

314 1570 334 1592 »
360 1549 490 1594 Israel
513 1559 556 1594 et
572 1564 701 1608 super
723 1548 903 1593 domum
926 1550 950 1592 J
956 1548 1040 1593 uda
1061 1551 1387 1593 Testamentum
1409 1564 1592 1606 novum,
1615 1565 1704 1595 non

313 1641 333 1663 »
358 1620 602 1666 secundum
627 1623 949 1666 Testamentum
973 1619 1094 1679 quod
1115 1618 1198 1664 feci
1221 1619 1419 1679 patribus
1453 1635 1606 1665 eorum
1624 1656 1635 1676 ,
1661 1622 1706 1665 in

314 1713 333 1735 »
357 1693 428 1737 die
450 1709 537 1753 qua
560 1691 830 1752 apprehendi
852 1706 1031 1735 manum
1055 1706 1206 1736 eorum
1221 1727 1231 1747 ,
1258 1700 1308 1736 ut
1337 1692 1537 1752 ejicerem
1557 1707 1629 1737 eos
1653 1694 1708 1737 de

314 1784 333 1806 »
360 1774 473 1808 terra
492 1763 714 1823 AEgypti1.
738 1781 758 1804 »
779 1765 892 1806 Ecce
908 1762 1008 1822 quia
1026 1770 1069 1806 et
1088 1763 1171 1808 hoc
1188 1763 1500 1822 prophetatum
1518 1772 1598 1819 est,
1618 1779 1707 1808 non

311 1844 689 1896 perseveraturum
709 1832 821 1878 illud
844 1836 1192 1889 Testamentum,
1212 1833 1287 1878 sed
1303 1833 1505 1878 futurum
1525 1849 1704 1879 novum.

312 1907 392 1951 Hie
412 1907 445 1949 si
469 1906 690 1965 objectum
715 1903 846 1948 fuerit
861 1938 872 1959 ,
904 1919 993 1948 non
1017 1919 1095 1948 nos
1119 1905 1338 1963 pertinere
1361 1905 1417 1949 ad
1435 1906 1618 1950 domum
1647 1909 1711 1950 Is-

313 1978 402 2022 ra'e'l
425 1987 468 2022 et
489 1977 668 2021 domum
693 1976 806 2020 Juda
829 1995 837 2020 ;
862 1991 913 2019 ex
945 1975 1143 2019 doctrina
1175 1975 1426 2035 Apostolica
1455 1991 1533 2021 nos
1556 1975 1710 2021 defen-

312 2049 473 2105 dimus,
494 2049 595 2109 quia
614 2063 761 2092 semen
773 2048 960 2093 Abrahae
970 2047 1193 2093 Christum
1207 2063 1296 2092 esse
1313 2047 1441 2093 docet
1457 2047 1706 2109 ApostoluS,

315 2121 531 2180 nobisque
572 2119 628 2164 ad
665 2134 823 2180 eorpus
858 2121 951 2180 ejus
987 2119 1309 2179 pertinentibus
1347 2119 1454 2165 dicit
1493 2140 1502 2165 :
1545 2140 1562 2160 «
1597 2123 1711 2179 Ergo

320 2211 341 2235 »
367 2193 554 2237 Abrahae
577 2207 725 2237 semen
744 2191 884 2236 estis2.
906 2210 926 2232 »
952 2195 1086 2236 Porro
1108 2192 1142 2236 si
1160 2192 1395 2252 quaesitum
1421 2207 1444 2236 a
1467 2192 1591 2237 nobis
1614 2192 1710 2237 fue-

315 2265 391 2319 rit,
417 2279 495 2309 cur
523 2263 637 2308 illius
671 2264 931 2308 Testamenti
968 2264 1271 2309 auctoritatem
1310 2273 1559 2319 teneamus,
1586 2266 1711 2325 cujus

313 2336 448 2380 ritum
470 2351 560 2380 non
582 2335 863 2380 observamus
887 2354 897 2380 ε
924 2343 966 2378 et
995 2335 1049 2378 ad
1078 2335 1161 2380 hoc
1192 2351 1242 2380 ex
1277 2336 1430 2380 litteris
1454 2335 1711 2394 Apostolicis

312 2406 626 2466 respondemus
643 2442 654 2462 ,
690 2407 749 2451 ait
770 2406 887 2450 enim
915 2407 1148 2466 Apostolus
1171 2426 1179 2451 :
1206 2427 1226 2450 «
1250 2410 1387 2454 Nemo
1408 2422 1511 2467 ergo
1536 2423 1611 2453 vos
1633 2409 1710 2468 ju·-

317 2498 337 2520 »
362 2478 479 2524 dicet
498 2478 544 2523 in
565 2478 665 2523 cibo
686 2488 730 2523 et
749 2487 882 2538 potu,
915 2487 991 2524 aut
1014 2479 1058 2524 in
1087 2488 1208 2540 parte
1235 2479 1321 2526 diei
1344 2478 1464 2536 festi,
1494 2489 1570 2525 aut
1598 2494 1707 2525 neo-

365 2571 376 2589 1
394 2566 516 2598 serem.
537 2574 627 2606 xxxi,
645 2564 698 2598 31.
715 2581 756 2589 —
771 2571 784 2588 ²
802 2564 874 2600 Gal.
890 2575 937 2605 ni,
950 2573 1007 2607 29.
