1803 3250
320 230 403 267 43ss
791 240 890 267 cons
899 239 1078 268 omn-10
1110 242 1247 268 oaosu

318 304 489 362 mugitu
503 317 580 346 suo
599 302 787 346 tonitrua
806 304 1010 349 concitet.
1034 304 1290 349 Trinitatem
1305 313 1451 349 autem
1465 305 1558 350 solo
1571 309 1706 353 verbo

313 374 575 433 loquebatur
609 391 617 416 :
652 388 752 416 nam
787 374 994 418 unionem
1031 376 1197 435 absque
1228 375 1317 420 ulla
1358 377 1587 422 existentia
1630 387 1706 422 aut

314 445 575 504 proprietate
597 459 786 488 asserens
802 479 813 499 ,
841 445 1014 491 sublato
1036 456 1078 491 et
1102 450 1298 503 Patrem,
1326 447 1484 493 Filium
1500 484 1510 503 ,
1537 457 1582 493 et
1608 449 1706 509 Spi-

311 517 442 562 ritum
465 524 681 571 sanctum,
704 516 822 561 hunc
843 532 932 562 esse
956 534 1095 563 unum
1120 518 1344 563 Christum
1367 517 1557 564 dicebat.

373 589 450 631 111.
487 606 506 628 »
541 589 664 632 Tunc
697 587 787 632 duo
819 589 933 634 cives
970 591 1076 646 mei,
1104 589 1284 644 Avitus,
1318 599 1361 635 et
1390 589 1499 635 alius
1521 590 1701 646 Avitus,

308 675 408 704 cum
427 660 516 719 jam
552 669 640 703 tam
665 669 838 719 turpem
868 659 1172 706 confusionem
1202 677 1281 721 per
1310 677 1354 706 se
1380 662 1518 722 ipsam
1544 662 1703 707 veritas

305 730 395 776 sola
425 730 634 787 nudaret,
671 733 897 791 peregrina
928 733 1159 792 petierunt.
1193 736 1305 779 Nam
1337 749 1451 778 unus
1479 734 1702 792 Jerosoly-

305 818 443 859 mam,
471 802 578 848 alius
602 806 788 847 Romam
821 802 1042 861 profectus
1071 813 1149 848 est.
1188 805 1387 860 Reversi,
1414 820 1528 849 unus
1552 805 1703 850 retulit

306 874 539 934 Origenem
554 909 564 929 ,
591 874 698 918 alius
721 874 992 918 Victorinum
1030 892 1039 918 2
1065 890 1116 919 ex
1136 874 1203 919 his
1226 874 1425 931 duobus,
1451 875 1560 921 alter
1576 875 1700 920 alteri

302 946 428 990 cessit
462 964 470 989 :
507 944 824 990 Priscillianum
859 953 1007 989 tamen
1038 946 1169 991 ambo
1201 945 1481 991 damnarunt.
1509 947 1700 992 Victori-

303 1032 412 1061 num
447 1032 602 1076 parum
636 1017 868 1073 novimus,
905 1017 1009 1078 quia
1038 1016 1183 1063 adhuc
1213 1033 1325 1078 pene
1358 1028 1459 1063 ante
1488 1018 1700 1063 editiones

300 1104 414 1143 suas,
436 1086 650 1132 Victorini
672 1097 860 1133 sectator
881 1089 1009 1133 cessit
1032 1089 1224 1147 Origeni.
1253 1091 1496 1149 Coeperunt
1518 1104 1620 1148 ergo
1648 1104 1699 1134 ex

299 1160 488 1218 Origene
515 1160 747 1219 magnifica
768 1159 895 1220 plura
920 1161 1130 1220 proponi,
1162 1176 1263 1221 quae
1293 1177 1344 1205 ex
1370 1161 1540 1206 modica
1568 1176 1697 1206 occa-

300 1232 420 1276 sione
438 1231 594 1276 veritas
607 1232 697 1291 ipsa
715 1232 997 1292 praecederet.
1022 1231 1262 1276 Didicimus
1279 1232 1394 1277 enim
1415 1232 1470 1276 de
1489 1233 1698 1277 Trinitate

299 1301 545 1347 doctrinam
581 1303 681 1347 satis
705 1317 851 1346 sanam
869 1338 880 1357 ,
906 1302 1051 1347 omnia
1086 1318 1187 1362 quae
1214 1301 1327 1347 facta
1359 1313 1527 1359 essent,
1553 1320 1577 1348 a
1605 1306 1696 1348 Deo

294 1372 411 1418 facta
432 1389 544 1429 esse,
565 1383 609 1418 et
632 1374 777 1418 omnia
802 1373 918 1418 bona
939 1372 1090 1428 valde,
1111 1382 1154 1417 et
1171 1373 1286 1418 facta
1310 1374 1364 1417 de
1382 1373 1521 1418 nihilo
1553 1393 1562 1418 ε
1588 1384 1696 1418 tunc

299 1444 460 1489 deinde
487 1446 811 1504 Scripturarum
833 1444 1071 1489 solutiones
1093 1445 1194 1488 satis
1215 1445 1394 1489 sobrias.
1420 1445 1578 1489 Omnia
1600 1446 1696 1490 haec

294 1517 439 1560 statim
469 1532 494 1560 a
519 1515 787 1575 sapientibus
809 1515 927 1557 fideli
947 1515 1226 1573 pristinorum
1252 1515 1563 1575 expurgatione
1597 1531 1694 1561 sus-

291 1597 416 1646 cepta
432 1597 547 1632 sunt.
575 1587 801 1631 Remansit
823 1586 914 1630 sola
933 1586 1100 1630 offensa
1118 1588 1174 1630 de
1188 1587 1340 1632 nihilo.
1367 1588 1555 1633 Credere
1576 1588 1694 1633 enim

291 1675 545 1719 persuasum
571 1668 662 1703 erat
692 1674 782 1702 esse
802 1658 992 1703 animam
1024 1676 1032 1702 ε
1060 1673 1150 1702 non
1168 1667 1323 1702 tamen
1338 1659 1595 1718 persuaderi
1613 1675 1694 1719 po-

286 1739 415 1784 terat,
443 1729 600 1774 factam
627 1744 716 1773 esse
732 1728 787 1772 de
812 1728 973 1786 nihilo,
999 1738 1377 1788 argumentantes,
1404 1731 1506 1790 quia
1528 1730 1691 1776 volun-

288 1811 352 1846 tas
381 1801 435 1846 de
467 1801 605 1846 nihilo
638 1816 728 1844 esse
766 1816 854 1845 non
876 1801 1025 1859 possit.
1061 1803 1153 1845 Hoc
1176 1817 1289 1860 pene
1317 1817 1456 1861 usque
1484 1803 1540 1846 ad
1572 1818 1691 1847 nunc

290 1883 452 1918 manet.
486 1873 561 1916 Isti
593 1887 698 1917 vero
723 1872 838 1916 Aviti
869 1871 958 1916 duo
976 1907 986 1926 ,
1021 1881 1183 1916 etcum
1213 1873 1279 1916 his
1307 1882 1481 1918 sanctus
1505 1873 1691 1918 Basilius

291 1945 470 1988 Graecus
498 1945 574 2001 qui
598 1944 692 1987 haec
719 1942 964 1987 beatissime
992 1941 1232 1998 docebant,
1265 1943 1468 2002 quaedam
1497 1959 1549 1988 ex
1571 1944 1693 1988 libris

292 2014 424 2074 ipsius
441 2012 640 2071 Origenis
658 2029 747 2058 non
767 2022 883 2058 recta
898 2048 908 2068 ,
929 2022 979 2058 ut.
997 2029 1137 2072 nuper
1159 2013 1374 2071 intelligo,
1398 2015 1688 2060 tradiderunt.

294 2085 491 2129 Primum
526 2083 672 2127 omnia
700 2094 938 2142 antequam
972 2084 1085 2125 sacta
1114 2092 1399 2140 apparerent,
1435 2101 1606 2144 semper
1648 2087 1693 2130 in

296 2156 371 2200 Dei
396 2154 607 2215 sapientia
640 2151 753 2197 sacta
780 2152 988 2197 mansisse
1015 2151 1234 2208 dicentes,
1262 2153 1346 2198 hoc
1369 2155 1504 2200 verbo
1542 2175 1550 2200 :
1578 2159 1692 2201 Deus

294 2227 407 2270 enim
434 2240 727 2287 quaecumque
749 2223 854 2268 fecit
876 2223 1077 2268 faciendo
1095 2239 1185 2268 non
1207 2224 1356 2284 coepit.
1389 2225 1551 2270 Deinde
1574 2226 1692 2272 dixe-

295 2308 399 2342 runt
426 2296 707 2357 angelorum,
738 2296 1063 2355 principatuum
1081 2331 1092 2350 ,
1124 2305 1388 2355 potestatum
1406 2333 1417 2353 ,
1447 2299 1691 2344 animarum

291 2386 315 2414 a
342 2386 365 2415 c
387 2368 668 2424 daemonum,
705 2382 845 2411 unum
870 2367 1133 2427 principium
1153 2403 1163 2421 ,
1203 2377 1245 2413 et
1276 2384 1410 2414 unam
1447 2385 1539 2414 esse
1581 2371 1689 2415 sub-

295 2442 497 2486 stantiam
537 2461 545 2486 :
580 2450 622 2485 et
656 2439 723 2483 vel
753 2439 1041 2498 archangelo,
1081 2438 1150 2483 vel
1185 2440 1363 2495 animae,
1399 2441 1469 2485 vel
1499 2442 1690 2488 daemoni

297 2513 444 2558 locum
467 2529 548 2573 pro
579 2511 833 2556 meritorum
862 2509 1074 2571 qualitate
1099 2511 1251 2555 datum
1273 2527 1385 2567 esse,
1411 2521 1584 2558 utentes
1609 2515 1690 2559 hoc

297 2586 430 2631 verbo
452 2602 460 2627 ε
487 2585 694 2645 Majorem
713 2584 857 2629 locum
876 2582 1018 2627 minor
1040 2581 1167 2641 culpa
1192 2584 1447 2642 promeruit.
1469 2585 1687 2631 Mundum
