1803 3250
351 245 514 277 con-riu
546 246 847 276 ADVERSARIUM
881 249 1015 284 LEGIS,
1050 248 1132 275 Lm.
1169 248 1216 275 11.
1400 236 1478 277 391

108 313 308 361 Israelitis
331 314 495 374 quippe
517 315 596 358 ista
625 314 755 366 dicit,
792 311 845 356 de
880 314 1038 372 quibus
1060 324 1160 358 ante
1175 315 1264 372 jam
1287 312 1480 360 dixerat:

111 405 127 426 »
153 384 270 438 Quid
292 400 395 443 ergo
417 384 602 444 amplius
625 393 688 428 est
708 382 878 436 Judae0‚
907 394 982 427 aut
1002 399 1101 442 quae
1122 383 1285 429 utilitas
1298 384 1485 430 circum-

107 473 127 496 »
152 455 353 500 cisionis?
375 454 565 500 Multum
581 470 657 514 per
674 468 846 498 omnem
860 453 1056 509 modum.
1078 454 1268 499 Primum
1288 455 1483 514 quidem,

107 545 127 568 u
151 526 253 586 quia
274 525 439 570 credita
457 536 560 570 sunt
582 525 666 570 illis
688 525 858 584 eloquia
878 525 967 568 Dei.
987 526 1102 578 Quid
1116 526 1229 569 enim
1253 526 1287 570 si
1308 526 1486 585 quidam

107 615 127 639 »
151 595 327 641 illorum
342 612 430 640 non
445 595 754 641 crediderunt?
771 595 987 655 numquid
1002 594 1282 641 incredulitas
1294 595 1485 654 illorum,

105 686 125 708 η
146 667 279 712 fidem
302 668 380 712 Dei
397 667 679 712 evacuabit¹P
701 686 719 707 »
747 665 913 712 vDeinde
931 666 1000 710 hic
1014 668 1134 726 quod
1150 682 1488 713 commemorare

101 753 350 797 coeperam,
385 738 598 798 sequitur,
622 747 666 782 et
697 737 803 782 dicit
828 756 837 781 :
875 736 1037 790 «Quod
1062 738 1096 781 si
1125 736 1259 797 aliqui
1287 753 1337 782 ex
1361 739 1488 784 ramis

104 827 125 851 »
150 808 277 857 fracti
302 817 422 864 sunt,
448 818 497 853 tu
522 818 667 853 autem
689 823 791 853 cum
815 823 927 852 esses
949 807 1153 863 oleaster,
1176 809 1367 853 insertus
1381 824 1424 854 es
1446 810 1490 855 in

103 898 125 922 »
148 879 250 935 illis,
275 889 319 926 et
339 882 480 925 socius
502 879 655 925 radicis
677 879 817 925 factus
839 878 882 925 es
899 889 942 924 et
963 880 1238 940 pinguedinis
1255 879 1379 936 oleae,
1400 880 1489 926 noli

104 970 124 995 υ
151 950 324 1011 gloriari
345 952 550 996 adversus
574 967 730 997 ramos,
749 950 878 1005 Quod
896 954 930 997 si
952 951 1162 1011 gloriaris,
1188 968 1275 997 non
1298 962 1348 999 tu
1371 953 1489 998 radi-

102 1042 122 1064 »
147 1038 243 1067 cem
265 1032 427 1082 portas,
446 1023 521 1067 sed
540 1023 661 1067 radix
685 1032 740 1067 te.
768 1024 880 1068 Dicis
899 1039 1018 1082 ergo,
1041 1024 1183 1068 Fracii
1201 1033 1302 1069 sunt
1321 1025 1427 1068 rami
1441 1033 1490 1068 ut

101 1112 122 1137 »
147 1109 229 1152 ego
250 1094 427 1138 inserar.
454 1096 596 1148 Bene,
631 1093 938 1138 incredulitate
961 1093 1086 1138 fracti
1107 1104 1209 1138 sunt
1235 1114 1244 1139 2
1270 1105 1320 1140 tu
1340 1105 1485 1140 autem

100 1183 122 1206 »
148 1163 236 1208 fide
257 1172 342 1209 stas
361 1185 372 1222 3
395 1164 486 1209 noli
509 1163 647 1209 altum
671 1180 835 1224 sapere,
857 1163 933 1210 sed
954 1166 1072 1210 time.
1094 1168 1202 1210 Nam
1220 1165 1254 1210 si
1276 1168 1389 1210 Deus
1406 1182 1486 1210 na-

101 1254 122 1277 »
146 1235 362 1281 turalibus
383 1236 512 1280 ramis
533 1252 622 1280 non
642 1237 855 1295 pepercit,
892 1252 1034 1297 neque
1060 1236 1137 1281 tibi
1164 1247 1322 1296 parcet.
1354 1237 1485 1283 Vides

99 1325 121 1348 υ
146 1322 251 1365 ergo
280 1306 523 1351 bonitatem
551 1316 595 1350 et
624 1308 894 1353 severitatem
920 1308 1019 1363 Dei3
1043 1309 1088 1351 in
1111 1323 1183 1352 eos
1211 1308 1388 1368 quidem
1409 1310 1486 1369 qui

99 1396 120 1418 »
144 1377 398 1422 ceciderunt
419 1378 709 1432 severitatem,
735 1378 779 1421 in
803 1388 847 1425 te
869 1389 1014 1423 autem
1046 1379 1303 1432 bonitatem,
1328 1380 1362 1423 si
1385 1396 1484 1439 per-

99 1467 119 1492 »
145 1447 351 1492 manseris
374 1449 419 1491 in
435 1447 631 1492 bonitate
652 1468 661 1493 2
686 1447 880 1508 alioquin
907 1459 950 1493 et
974 1459 1020 1493 tu
1050 1448 1274 1504 excideris,
1300 1459 1343 1495 et
1364 1449 1427 1494 illi
1450 1453 1484 1495 si

99 1537 119 1562 n
143 1535 234 1564 non
255 1519 647 1579 permanserintin
676 1519 1002 1574 incredulitate,
1039 1521 1298 1565 inserentur.
1325 1524 1483 1567 Potens

96 1609 117 1633 »
141 1600 206 1634 est
223 1590 339 1635 enim
362 1594 473 1635 Deus
501 1590 655 1635 iterum
678 1592 863 1634 inserere
887 1589 997 1635 illos.
1024 1593 1131 1635 Nam
1162 1592 1196 1636 si
1219 1600 1266 1635 tu
1286 1607 1336 1635 ex
1356 1602 1481 1637 natu-

95 1680 116 1703 »
142 1659 221 1709 rali
242 1661 400 1706 incisus
421 1677 465 1705 es
486 1662 687 1716 oleastro,
709 1672 751 1705 et
773 1670 923 1706 eontra
947 1671 1149 1706 naturam
1171 1663 1355 1708 insertus
1375 1678 1418 1707 es
1435 1663 1478 1708 in

94 1752 114 1774 »
145 1733 302 1777 bonam
323 1732 499 1786 olivam,
520 1743 685 1792 quanto
703 1732 911 1790 magisilli
925 1732 1000 1792 qui
1017 1732 1254 1778 secundum
1279 1743 1478 1778 naturam

94 1823 115 1845 ι»
140 1813 258 1858 sunt,
278 1804 524 1848 inserentur
537 1820 626 1848 suae
645 1803 801 1848 olivae?
819 1803 930 1848 Nolo
941 1804 1054 1848 enim
1075 1806 1372 1862 vosignorare‚
1388 1804 1479 1850 fra·

94 1894 114 1917 »
140 1885 249 1932 tres;
263 1885 580 1920 sacramentum
597 1876 697 1927 hoc,
715 1884 763 1918 ut
782 1891 872 1919 non
885 1875 975 1919 sitis
994 1875 1116 1919 vobis
1130 1876 1359 1935 sapientes,
1376 1878 1475 1937 quia

93 1964 113 1987 »
136 1945 308 1991 caecitas
334 1961 386 1990 ex
407 1954 529 2005 parte
554 1947 600 1989 in
631 1945 761 1989 Israel
794 1945 907 1990 facta
940 1955 1004 1989 est
1023 1981 1034 1999 ‚
1070 1944 1210 1991 donec
1249 1947 1475 2006 plenitudo

92 2035 112 2058 »
137 2017 345 2060 Gentium
367 2017 564 2070 intraret,
590 2025 632 2060 et
652 2016 712 2060 sic
735 2017 875 2059 omnis
893 2015 1024 2060 Israel
1046 2016 1187 2063 salvus
1204 2017 1341 2071 fieret,
1365 2018 1474 2062 sicut

92 2107 114 2133 »ι
138 2087 346 2146 scriptum
369 2096 434 2131 est
455 2107 464 2131 2
491 2088 647 2133 Veniet
668 2103 719 2131 ex
743 2088 845 2133 Sion
863 2089 940 2147 qui
961 2088 1114 2147 eripiat
1136 2098 1179 2131 et
1202 2097 1368 2133 avertat
1390 2090 1474 2134 im—

92 2177 111 2201 »
137 2159 340 2216 pietatem
360 2158 417 2202 ab
433 2157 570 2203 Jacob
583 2159 617 2212 ³,
638 2167 681 2203 et
703 2159 786 2202 hoc
804 2157 886 2202 illis
899 2175 922 2202 a
941 2173 1009 2205 me
1029 2168 1354 2215 testamentum,
1373 2175 1474 2205 cum

90 2227 358 2274 »abstulero
386 2239 562 2288 peccata
593 2244 760 2277 eorum,
785 2251 801 2271 »
842 2231 976 2276 Nimis
1012 2229 1194 2289 longum
1226 2240 1290 2274 est
1317 2241 1472 2279 cuncta

88 2315 355 2360 percurrere,
385 2300 455 2344 vel
485 2301 597 2345 sicut
630 2316 705 2360 per
739 2301 971 2360 scripturas
1004 2301 1272 2362 Apostolicas
1305 2304 1471 2363 ubique

85 2387 231 2432 sparsa
262 2380 392 2427 sunt,
429 2387 479 2417 ea
504 2373 550 2416 in
580 2388 712 2418 unam
734 2372 889 2418 faciem
912 2389 1190 2432 congregare.
1218 2374 1335 2429 Quid
1363 2391 1471 2436 opus

76 2452 179 2493 ,erat
200 2443 295 2488 haec
316 2442 459 2488 dicere
479 2443 725 2488 Gentibus?
747 2446 836 2489 Cur
859 2460 947 2489 non
972 2445 1116 2504 potius
1136 2445 1227 2491 sine
1247 2449 1360 2504 Lege
1379 2446 1472 2494 fac-

88 2524 158 2562 tus
178 2524 244 2562 est
263 2515 340 2570 eis,
361 2514 732 2574 quemadmodum
755 2526 881 2560 erant
900 2515 961 2560 illi
989 2517 1080 2561 sine
1103 2519 1250 2576 Lege?
1271 2520 1360 2566 Cur
1384 2534 1470 2564 non

136 2605 147 2620 ¹
167 2600 257 2630 Rom.
282 2609 333 2638 ιιι,
357 2599 430 2631 1-3.
444 2616 485 2621 —-
503 2607 513 2621 ⁷
534 2600 605 2631 lsai.
630 2611 693 2640 ux,
713 2610 767 2632 20.
783 2599 848 2623 —3
864 2603 954 2632 Rom.
973 2612 1016 2642 xi,
1044 2609 1155 2643 17-23.
