1803 3250
115 308 219 412 S.
284 305 616 409 AUR.
679 301 1489 408 AUGUSTINI

437 527 848 567 HIPPONENSIS
883 527 1158 566 EPISCOP1

532 680 680 760 DE
754 677 1098 762 ACTIS

315 883 471 944 CUM
528 882 797 942 FELICE
850 882 907 939 M
916 880 1289 941 ANICHAEO

649 1056 702 1101 L]
714 1055 820 1102 Bm
867 1056 911 1101 ll.
936 1046 966 1098 ¹.

96 1218 1338 1258 os—svesoee-saee—smesmfflwesoes-swfflwfflws{oesoffloeff-—seoeewe—safflu}
1344 1218 1480 1251 eomas

632 1354 862 1406 LIBER
917 1354 954 1405 I.

515 1514 584 1561 AC
593 1514 666 1559 ΤΑ
699 1513 899 1558 PRIMAE
933 1513 1070 1557 DIEI.

708 1684 863 1697 ι--οοῡ-
874 1690 884 1692 -

157 1813 192 1855 1.
230 1811 460 1855 Houomo2
474 1812 674 1869 Augusto
688 1817 857 1854 sextum
872 1810 1066 1865 consule,
1087 1811 1271 1869 septimo
1287 1810 1388 1855 Idus
1403 1814 1491 1856 De-

97 1881 298 1935 cembris,
338 1881 605 1939 Augustinus
633 1881 860 1940 episcopus
886 1881 1090 1925 Ecclesiae
1112 1881 1361 1926 catliolicaess
1383 1883 1491 1942 Hip-

97 1952 472 2013 poneregiensium
490 1952 717 2010 regionum
731 1951 840 1995 dixit
858 1971 865 1996 :
887 1954 1097 1995 Hesterno
1110 1951 1180 1995 die
1192 1953 1270 1996 scis
1285 1962 1325 1996 te
1339 1951 1491 1996 dixisse

97 2024 219 2085 quod
254 2024 387 2084 possis
421 2023 657 2068 defendere
685 2025 917 2083 scripturas
949 2024 1194 2079 Manichaei,
1232 2033 1274 2067 et
1306 2040 1491 2068 asserere

96 2095 218 2158 quod
246 2096 470 2140 veritatem
492 2097 710 2141 habeant:
741 2097 775 2140 si
797 2096 879 2140 hoc
905 2096 1045 2155 placet
1068 2096 1146 2140 tibi
1172 2094 1303 2140 hodie
1325 2096 1486 2151 facere,

98 2177 172 2212 aut
189 2166 412 2226 praesumis
430 2177 472 2212 te
490 2183 630 2227 posse,
651 2167 735 2212 dic.

157 2241 297 2283 FELix
314 2239 582 2283 Manichaeus
599 2238 730 2284 dixit:
751 2258 771 2280 ι(
792 2241 884 2297 Ego
909 2254 977 2282 me
994 2254 1082 2282 non
1106 2253 1217 2297 nego
1235 2237 1390 2282 dixisse
1412 2239 1490 2281 de-

97 2309 278 2354 fendere
295 2310 436 2369 legem
455 2326 612 2367 meam,
637 2311 672 2355 si
688 2310 968 2370 proferantur
986 2320 1181 2355 auctores
1197 2309 1303 2368 legis
1319 2325 1428 2353 meae
1445 2310 1491 2353 in

98 2378 258 2423 medio.
283 2396 304 2420 η

147 2483 157 2500 ¹
185 2476 303 2519 Scripti
320 2486 403 2507 anno
421 2475 546 2509 Christo
565 2476 640 2517 404,
661 2478 713 2510 die
732 2489 748 2519 7
776 2482 809 2509 et
831 2487 867 2509 ι’)
888 2478 1087 2510 Decembris.
1110 2480 1189 2510 Vide
1213 2481 1356 2511 Reti-act.
1376 2478 1431 2509 lib.
1452 2489 1488 2519 11,

101 2543 172 2574 cap.
194 2531 226 2563 8.
243 2549 281 2554 -
310 2540 320 2553 ²
337 2532 416 2564 Vide
431 2535 467 2565 D.
493 2532 627 2565 camon,
650 2537 726 2565 tom.
751 2544 827 2575 xxii,
849 2544 918 2575 pag.
948 2534 1005 2564 1²0
1025 2541 1055 2565 et
1077 2534 1198 2565 131.—
1213 2533 1225 2557 3
1248 2535 1351 2565 Fam
1369 2534 1489 2575 Hippo-

101 2587 242 2620 nensium
256 2586 427 2629 regiorum.
