1803 3250
320 228 484 260 coanA
516 228 822 260 AnvssnsAan
856 231 991 270 meis,
1027 232 1111 259 mn.
1147 232 1196 258 11.
1380 219 1456 259 431

76 296 285 351 surrexit,
321 297 399 356 qui
432 295 599 354 primus
629 296 850 340 invenitur
872 295 1024 339 dixisse
1051 295 1162 340 duos
1183 295 1303 350 deos,
1328 311 1463 340 unum

39 378 42 380 ’
81 367 263 421 bonum,
290 377 334 411 et
357 367 541 410 alterum
566 366 747 421 malum,
769 366 898 424 longe
921 375 1156 426 antequam
1176 366 1353 411 haeresis
1375 369 1465 412 Ma-

77 439 345 483 nichaeorum
363 438 618 493 emersisset,
635 452 824 498 quorum
841 438 885 480 in
902 438 984 481 hoc
1002 437 1164 482 furioso
1182 437 1466 484 deliramento

77 524 196 552 error
217 518 280 553 est
302 509 460 553 notior.
490 509 631 568 Hujus
653 507 866 553 Cerdonis
887 508 1081 552 Marcion
1105 507 1344 567 discipulus
1366 507 1462 554 fuit.

78 578 281 639 Appelles
312 594 491 639 quoque
528 577 629 622 talia
663 579 828 624 docuit.
857 581 1053 622 Fuerunt
1082 580 1209 623 etiam
1234 595 1257 622 a
1279 579 1470 639 quodam

78 650 262 694 Patricio
280 648 483 694 nonnulli
502 650 750 704 Patriciani,
767 648 834 694 vel
854 659 972 704 sunt,
991 650 1184 694 similiter
1198 650 1472 695 adversantes

77 721 234 766 divinis
250 722 471 767 veteribus
488 722 620 766 libris.
642 723 696 766 Hi
715 737 865 766 omnes
883 722 1151 781 apertissime
1165 731 1316 765 contra
1332 724 1470 765 Deum

87 793 280 837 sentiunt
303 793 426 852 Legis
453 803 496 838 et
522 794 855 852 Prophetarum,
885 794 969 837 hoc
992 802 1071 847 est,
1093 796 1232 836 Deum
1255 807 1423 846 verum,
1449 808 1470 836 a

83 880 172 922 quo
196 863 332 908 factus
354 874 418 908 est
439 864 645 909 mundus,
665 868 727 908 De
745 864 889 924 aliqua
909 865 1089 909 istorum
1109 865 1259 908 haeresi
1279 872 1344 908 est
1364 863 1443 907 iste
1463 884 1470 907 :

89 951 187 979 nam
205 951 293 980 non
312 951 413 980 eum
431 946 537 995 puto
555 952 644 980 esse
663 937 972 981 Manichaeum.

137 1008 255 1050 XLI.
294 1006 378 1052 Sed
401 1007 637 1067 cujuslibet
660 1007 714 1051 sit
740 1008 931 1051 haeretici
961 1007 1132 1059 erroris,
1164 1004 1231 1050 vel
1267 1006 1373 1064 ipse,
1408 1005 1477 1048 vel

69 1076 321 1131 Fabricius,
343 1078 490 1122 nescio
508 1078 621 1137 quis,
642 1078 765 1138 cujus
787 1093 831 1121 se
853 1077 1062 1135 gloriatur
1080 1092 1169 1121 esse
1193 1075 1474 1135 discipulum,

79 1157 295 1206 quantum
331 1147 386 1192 ad
421 1150 540 1193 hunc
573 1148 736 1192 librum
765 1150 920 1193 attinet
942 1164 1073 1208 quem
1099 1147 1286 1201 misistis,
1311 1147 1412 1191 satis
1436 1147 1473 1190 ei

81 1227 188 1278 puto
211 1234 300 1264 esse
322 1235 593 1278 responsum.
621 1223 683 1264 Ea
701 1221 866 1280 quippe
889 1220 1046 1264 furoris
1069 1221 1162 1279 ejus
1184 1219 1350 1278 dejecta
1372 1227 1476 1262 sunt

82 1289 252 1341 robora,
273 1304 323 1333 ex
347 1289 509 1350 quibus
538 1305 703 1343 omne3‚
749 1305 856 1349 quas
894 1291 936 1333 in
967 1306 1018 1334 eo
1041 1289 1263 1334 volumine
1283 1289 1468 1347 scripsit,

84 1358 364 1419 blasphemiae
384 1359 660 1419 pullularunt
677 1396 688 1415 ,
719 1360 978 1420 impiissimis
1004 1362 1048 1404 in
1079 1364 1215 1404 Deum
1237 1358 1478 1404 maledictis

82 1439 213 1490 atque
227 1431 432 1475 conviciis
450 1432 566 1475 varia
580 1431 848 1491 loquacitate
865 1430 1137 1475 frondentes.
1164 1432 1359 1483 Quarum
1383 1445 1478 1474 om-

81 1516 157 1545 nes
178 1500 429 1561 singillatim
448 1517 589 1546 ramos
610 1501 756 1556 ferire,
779 1501 906 1545 nimis
929 1501 1111 1560 longum
1135 1500 1238 1544 fuit:
1264 1502 1338 1544 sed
1360 1500 1476 1544 radi-

80 1586 149 1615 ces
181 1571 285 1631 ipsae
318 1571 494 1616 fuerant
524 1571 820 1631 amputandae.
851 1572 892 1616 Si
917 1581 1061 1615 autem
1094 1571 1351 1615 recenseatis
1375 1585 1477 1630 quae

79 1651 229 1686 contra
264 1644 475 1686 Faustum
507 1642 799 1687 Manichaeum
831 1642 1100 1701 scripsimus,
1127 1651 1170 1685 et
1189 1651 1340 1685 contra
1365 1641 1474 1685 Adi-

80 1721 306 1767 mantum,
332 1713 408 1772 qui
434 1713 666 1757 Manichaei
699 1722 884 1757 sectator
919 1728 1019 1756 cum
1053 1711 1125 1755 ille
1147 1712 1311 1756 viveret
1345 1711 1478 1756 fuisse

73 1784 281 1844 jactatur,
308 1782 447 1827 multa
469 1783 690 1842 reperietis
712 1799 812 1843 quae
835 1783 1039 1828 adversus
1065 1784 1195 1827 istum
1220 1785 1379 1842 pariter
1397 1799 1476 1828 va-

82 1853 214 1898 leant.
228 1857 284 1898 Et
295 1853 478 1898 fortasse
491 1855 524 1898 si
539 1853 611 1898 illa
626 1854 889 1912 legerentur,
906 1853 975 1899 vel
990 1870 1077 1899 non
1092 1855 1288 1909 omnino,
1304 1854 1374 1898 vel
1389 1869 1477 1898 non

83 1923 272 1968 multum
288 1924 576 1969 necessarium
595 1923 746 1969 fuisset
763 1925 858 1969 haec
872 1925 1074 1969 scrihere.

137 1997 276 2041 XLII.
314 1997 425 2040 Sane
457 2004 556 2055 post
587 1995 718 2039 finem
752 1995 870 2049 libri,
906 1996 950 2039 in
981 2011 1071 2054 quo
1098 1995 1186 2039 fine
1216 1996 1478 2054 paucitatem

82 2067 308 2110 hominum
329 2066 374 2110 in
397 2081 476 2111 suo
494 2081 638 2110 errore
660 2066 957 2120 commendat,
979 2066 1082 2126 quia
1099 2065 1302 2110 videlicet
1316 2081 1479 2126 paucor

81 2152 177 2180 rum
213 2145 277 2180 est
308 2135 519 2196 sapientia
539 2155 547 2180 :
586 2136 705 2196 quod
739 2136 942 2181 omnibus
978 2136 1192 2181 haereticis
1226 2136 1478 2181 adversariis

82 2207 283 2252 Ecclesiae
300 2206 550 2262 catholicas,
577 2223 678 2267 quae
699 2223 776 2267 per
799 2222 948 2251 omnes
973 2216 1107 2251 terras
1129 2208 1301 2266 copiosa
1319 2206 1476 2251 fertili-

81 2287 168 2322 tate
185 2277 467 2333 diffunditur,
494 2278 539 2322 in
557 2294 632 2322 sua
655 2280 814 2339 cuique
838 2278 1009 2337 propria
1031 2279 1222 2322 vanitate
1244 2291 1476 2322 commune

80 2357 167 2405 est3
203 2364 353 2393 omnes
382 2349 497 2392 enim
528 2347 584 2392 de
611 2349 829 2409 paucitate
852 2348 1111 2408 gloriantur,
1138 2358 1179 2392 et
1203 2357 1251 2392 ut
1273 2348 1476 2392 seducere

80 2418 245 2478 possint
275 2418 608 2463 multitudinem
645 2429 851 2480 quaerunt
872 2437 881 2463 :
921 2428 1017 2477 post
1054 2419 1172 2462 hunc
1207 2434 1310 2478 ergo
1343 2417 1477 2459 tinem

80 2488 205 2553 libri,
230 2505 378 2534 rursus
399 2488 575 2534 alterius
598 2499 778 2550 apparet
800 2489 1026 2534 exordium
1041 2525 1052 2545 ,
1079 2491 1269 2549 ejusdem
1292 2487 1477 2530 forsitan

81 2561 268 2606 hominis
289 2562 492 2615 auctoris,
519 2560 714 2621 ejusdem
740 2571 886 2606 tamen
908 2561 1029 2621 quod
1051 2570 1139 2605 non
1159 2557 1389 2601 dubitatur
1406 2573 1476 2600 er-
