1803 3250
346 173 424 213 194
778 184 809 209 s.
846 180 1077 212 ‚mensum
1110 183 1292 212 Emscom

342 249 449 293 illud
473 248 653 299 dixerit,
679 262 767 291 uon
787 249 1098 308 exprimentem
1121 259 1267 294 utrum
1285 264 1363 309 per
1385 264 1429 294 se
1446 251 1587 310 ipsum
1605 252 1726 298 dixe-

337 321 414 369 rit,
442 335 494 361 an
514 334 591 377 per
614 318 733 363 alios.
764 320 881 372 Quid
907 324 1045 376 euim,
1080 337 1225 365 nonne
1247 321 1405 365 talibus
1426 321 1724 369 locutionibus

332 391 522 435 humana
547 389 673 448 plena
695 400 759 435 est
785 393 1075 448 consuetudo,
1108 409 1207 438 cum
1240 393 1426 438 dicimus
1455 393 1643 455 aliquem
1669 395 1726 440 ad

333 461 497 521 aliquid
522 461 710 506 multum
729 465 964 520 accessisse,
993 466 1122 510 etiam
1151 481 1281 526 quem
1312 466 1510 510 nondum
1539 465 1727 512 dicimus

330 533 605 593 pervenisse?
627 536 780 580 Nonne
797 546 840 580 et
858 537 993 596 ipsam
1012 538 1361 597 perventionem,
1385 538 1453 582 cui
1471 537 1594 597 quasi
1609 536 1726 582 vide-

329 612 401 648 tur
432 621 522 650 non
550 621 640 650 esse
668 606 788 667 quod
817 607 1022 669 addijam
1053 609 1200 668 possit,
1234 610 1362 652 etiam
1394 624 1471 667 per
1500 608 1605 652 alios
1632 608 1726 652 fieri

326 676 601 722 usitatissime
638 677 884 738 loquimur,
915 695 1030 738 saepe
1060 679 1247 724 dicendo
1277 698 1287 724 ι
1321 680 1420 736 Egit
1448 679 1521 723 ille
1544 694 1723 724 causam

326 764 465 805 suam,
485 751 682 810 pervenit
695 751 971 811 adjudicem3
985 760 1075 805 aut,
1091 751 1290 809 pervenit
1303 751 1357 794 ad
1374 750 1498 795 illum
1516 751 1584 795 vel
1600 750 1725 794 illum

325 832 549 882 potentem
568 839 691 868 :cum
708 823 966 883 plerumque
978 823 1023 866 id
1040 822 1169 867 faciat
1180 838 1256 883 per
1270 824 1447 877 amicos,
1466 839 1555 868 non
1569 824 1661 868 viso
1672 837 1724 867 eo

325 908 500 953 prorsus
524 894 577 937 ad
598 909 729 954 quem
753 896 937 954 quisque
958 893 1118 938 dicitur
1140 895 1419 953 pervenisse?
1443 893 1569 938 Unde
1593 894 1724 938 etiam

324 963 429 1008 tales
459 965 658 1009 homines
673 1000 684 1019 ,
723 966 992 1026 quicumque
1016 964 1072 1009 ad
1103 966 1350 1023 potentium
1373 964 1567 1025 quodam
1591 962 1723 1009 modo

321 1035 637 1080 inaccessibiles
656 1036 838 1091 animos,
864 1037 952 1080 sive
975 1052 1051 1096 per
1072 1051 1116 1081 se
1138 1037 1252 1096 ipsos
1268 1071 1278 1091 ,
1305 1037 1392 1080 sive
1411 1051 1486 1096 per
1503 1035 1611 1080 alios
1629 1050 1723 1080 am-

320 1105 495 1152 bitionis
518 1117 609 1152 arte
630 1109 902 1167 pertingunt,
925 1109 1017 1168 jam
1034 1108 1163 1152 etiam
1186 1107 1319 1166 vulgo
1340 1111 1622 1152 Perventores
1643 1122 1719 1152 vo-

321 1189 492 1223 cantur.
520 1179 634 1233 Quid
657 1195 785 1238 ergo,
821 1195 922 1223 cum
950 1179 1156 1238 legimus,
1185 1179 1480 1224 obliviscimur
1503 1180 1722 1239 quemad-

318 1251 503 1294 modum
524 1250 647 1311 loqui
664 1251 877 1296 soleamus
894 1253 912 1295 Ξ)
935 1254 1003 1295 An
1020 1252 1240 1310 Scriptura
1253 1252 1329 1295 Dei
1346 1251 1470 1295 aliter
1485 1251 1718 1295 nobiscum

318 1321 463 1366 fuerat
493 1339 626 1383 quam
659 1332 808 1367 nostro
842 1338 963 1367 more
998 1321 1233 1367 locutura?
1264 1325 1320 1366 Et
1344 1323 1426 1367 hoc
1447 1322 1629 1382 quidem
1661 1322 1718 1366 de

317 1393 544 1437 communi
574 1393 785 1454 loquendi
807 1394 1123 1439 consuetudine
1151 1393 1452 1453 pervicacibus
1481 1393 1718 1438 turbulen-

319 1464 462 1525 tisque
486 1465 800 1524 responderim.

377 1537 502 1581 VIII.
539 1539 759 1582 Caeterum
788 1537 863 1597 qui
889 1537 983 1581 haec
1015 1551 1105 1581 non
1127 1536 1333 1595 litigiose,
1365 1536 1442 1580 sed
1463 1535 1635 1596 placide
1667 1551 1718 1581 ac

316 1605 506 1651 fideliter
531 1617 764 1668 quaerunt,
796 1607 1005 1652 accedant
1027 1607 1083 1652 ad
1117 1610 1293 1662 Jesum,
1335 1622 1426 1651 non
1453 1622 1584 1651 carne
1604 1642 1615 1662 ,
1641 1606 1718 1651 sed

316 1678 471 1736 corde3
508 1695 599 1723 non
628 1679 820 1738 corporis
850 1680 1102 1738 praesentia,
1129 1679 1206 1723 sed
1234 1678 1334 1722 fidei
1358 1679 1580 1738 potentia,
1605 1679 1717 1723 sicut

315 1747 390 1793 ille
411 1751 623 1795 Centurio
650 1770 659 1796 :
686 1760 792 1795 tune
826 1751 981 1795 melius
1016 1751 1125 1811 quid
1157 1751 1390 1795 Matthaeus
1425 1750 1584 1795 dixerit
1616 1766 1716 1795 sen-

315 1820 440 1865 tient.
462 1821 639 1867 Talibus
654 1823 944 1867 enimdicitur
960 1823 1003 1866 in
1021 1822 1192 1867 Psalmo
1214 1837 1222 1862 :
1255 1841 1275 1864 «
1294 1820 1501 1866 Accedite
1521 1823 1575 1866 ad
1592 1837 1711 1877 eum,

319 1910 340 1934 »
365 1902 408 1936 et
424 1893 756 1949 illuminamini,
777 1904 821 1939 et
833 1894 978 1938 vultus
991 1894 1122 1939 vestri
1136 1910 1225 1938 non
1243 1894 1567 1939 erubescent¹.»
1588 1892 1714 1939 Unde

312 1965 522 2010 Centurio
543 1965 618 2010 ille
643 1965 698 2010 ad
717 1967 940 2012 Christum
964 1966 1100 2025 magis
1124 1969 1405 2021 accesserat‘l,
1431 1967 1554 2025 cujus
1576 1965 1711 2009 fidem

313 2035 372 2079 ita
393 2035 612 2093 laudavit,
644 2053 778 2098 quam
800 2036 861 2081 illi
879 2037 959 2097 ipsi
977 2053 1052 2096 per
1072 2052 1180 2097 quos
1198 2038 1331 2082 verba
1353 2052 1430 2081 sua
1445 2036 1577 2080 misit.
1599 2036 1712 2080 Huic

312 2106 373 2150 rei
396 2107 534 2152 simile
562 2117 627 2152 est
656 2109 787 2153 etiam
810 2107 922 2152 illud
945 2107 1065 2169 quod
1094 2108 1299 2152 Dominus
1321 2109 1382 2153 ait
1411 2126 1421 2154 ε
1454 2108 1609 2167 Tetigit
1641 2122 1712 2151 me

311 2177 467 2238 aliquis
490 2199 499 2224 ε
523 2179 703 2240 quando
721 2180 878 2224 mulier
899 2196 997 2240 quae
1020 2181 1188 2224 fluxum
1203 2181 1423 2238 sanguinis
1441 2179 1706 2239 patiebatur,

312 2256 493 2308 tangens
530 2251 747 2296 fimbriam
780 2252 1027 2296 vestimenti
1058 2252 1167 2312 ejus,
1206 2250 1321 2296 salva
1353 2250 1468 2296 facta
1497 2259 1575 2295 est.
1616 2253 1710 2294 Hoc

310 2321 426 2365 enim
452 2322 706 2368 mirabiliter
728 2323 960 2383 Discipulis
984 2324 1070 2368 suis
1088 2323 1232 2367 dicere
1260 2323 1492 2368 videbatur
1513 2341 1521 2366 :
1557 2341 1578 2363 «
1599 2322 1706 2374 Quis

314 2408 336 2432 »
362 2407 433 2436 me
455 2394 612 2453 tetigit,
635 2414 654 2436 »
675 2404 745 2450 et,
768 2414 784 2434 «
810 2395 969 2452 Tetigit
991 2410 1061 2437 me
1082 2393 1283 2452 aliquis³‚
1305 2412 1323 2433 »
1345 2407 1445 2436 cum
1460 2407 1561 2435 eum
1577 2392 1707 2436 turba

259 2520 269 2531 .
313 2464 634 2523 comprimeret.
673 2464 872 2524 Denique
893 2464 978 2508 hoc
999 2463 1038 2507 ei
1059 2462 1408 2523 responderunt:
1441 2462 1642 2508 «Turbae
1667 2471 1709 2508 te

360 2552 369 2569 ¹
392 2548 472 2581 Psal.
501 2549 662 2591 xxxin,6.
681 2565 723 2572 —
739 2554 751 2571 ²
775 2550 852 2582 Luc.
876 2559 943 2591 viu,
972 2547 1024 2590 46.
1043 2546 1112 2572 —3
1133 2547 1214 2581 Ibid.
1236 2546 1291 2591 45.
