1803 3250
293 191 375 233 414
599 219 602 222 ⁴
712 202 744 227 s.
782 196 1013 226 Aue-Usum
1049 197 1231 225 urlseom

292 270 377 314 tola
401 267 587 326 positum
621 272 684 307 est
719 263 774 307 ad
803 265 1037 308 Romanos.
1064 264 1177 307 Cum
1203 262 1321 306 enim
1344 261 1548 308 dixisset:
1574 282 1591 304 «
1613 266 1682 309 Ita

293 357 313 379 »
341 346 388 381 ut
419 335 654 379 serviamus
686 333 730 376 in
761 333 952 377 novitate
974 333 1149 392 spiritus
1165 367 1177 387 ,
1202 341 1246 376 et
1267 332 1425 377 nonin
1446 341 1682 378 vestustate

292 427 312 449 »
342 407 536 455 litterae¹‚
558 419 657 464 quae
673 404 886 447 sententia
907 402 1125 447 simillima
1147 411 1211 447 set
1233 402 1296 447 illi
1326 419 1459 463 quam
1491 404 1570 448 iste
1592 418 1684 455 non

289 476 536 535 intelligens
559 474 704 534 posuit
731 494 740 519 2
765 474 975 519 continuo
1006 474 1224 533 prospexit
1250 474 1352 519 istos
1379 473 1552 519 futuros
1582 489 1683 520 ver—

291 549 418 593 bosos
435 556 568 607 atque
583 545 875 604 blasphemos,
892 546 968 605 qui
984 545 1177 604 putaturi
1199 555 1341 590 essent
1354 561 1405 590 ex
1419 546 1504 590 hoc
1522 548 1686 605 Legem

290 621 419 665 fuisse
437 619 740 677 reprehensam
760 639 770 674 3
798 633 984 677 moxque
1004 617 1260 676 subjunxit:
1281 636 1299 659 «
1318 618 1436 671 Quid
1451 633 1556 677 ergo
1571 617 1686 662 dice-

296 712 313 733 »
340 706 466 734 mus:
500 692 586 733 Lex
622 697 849 747 peccatum
882 690 986 732 est?
1021 688 1147 732 Absit
1176 707 1185 733 ι
1223 689 1298 732 sed
1331 698 1563 748 peccatum
1595 703 1686 733 non

295 781 312 803 »
340 761 523 820 cognovi
548 760 626 804 nisi
651 775 724 817 per
756 762 930 816 Legem.
965 759 1074 803 Nam
1095 759 1495 817 concupiscentiam
1517 760 1685 804 nescie-

296 855 312 875 »
341 833 455 887 bam,
480 833 557 875 nisi
578 835 664 875 Lex
684 830 848 873 diceret
871 848 879 872 :
906 830 1002 874 Non
1025 830 1321 888 concupisces.
1343 830 1579 876 Occasione
1608 846 1687 875 au-

294 924 312 945 »
338 915 423 948 tem
458 912 632 961 accepta
663 909 890 960 peccatum
918 914 995 958 per
1018 899 1276 944 mandatum
1297 911 1527 961 operatum
1550 911 1613 946 est
1640 902 1688 946 in

290 994 311 1017 »
340 990 406 1018 me
429 987 604 1019 omnem
627 970 1041 1029 concupiscentiam.
1067 972 1166 1016 Sine
1189 974 1304 1031 Lege
1324 973 1441 1017 enim
1457 981 1689 1032 peccatum

294 1064 313 1087 »
340 1054 563 1089 mortuum
587 1051 665 1086 est.
692 1044 785 1101 Ego
805 1052 952 1085 autem
968 1040 1169 1086 vivebam
1188 1040 1427 1103 aliquando
1440 1044 1531 1088 sine
1550 1047 1686 1101 Lege:

294 1136 313 1158 »
340 1115 599 1161 adveniente
618 1122 763 1158 autem
779 1112 987 1158 mandato
1004 1149 1015 1169 ‚
1046 1122 1277 1172 peccatum
1297 1115 1464 1159 revixit.
1489 1118 1585 1174 Ego
1607 1130 1690 1159 au-

295 1206 314 1229 »
341 1198 428 1233 tem
447 1196 645 1232 mortuus
662 1200 775 1240 sum,
794 1195 838 1229 et
854 1185 1084 1229 inventum
1095 1194 1159 1230 est
1178 1186 1284 1230 mihi
1296 1185 1554 1231 mandatum
1569 1185 1691 1246 quod

295 1282 316 1306 »
342 1263 492 1309 eratin
515 1262 666 1317 vitam,
689 1262 771 1305 hoc
786 1276 875 1305 esse
890 1261 935 1305 in
958 1270 1161 1306 mortem.
1181 1265 1416 1307 Peccatum
1434 1263 1551 1307 enim
1564 1277 1692 1306 occa·

293 1354 313 1377 »
340 1335 460 1382 sione
495 1343 670 1392 accepta
700 1348 777 1391 per
806 1331 1062 1377 mandatum
1092 1331 1250 1376 fet'ellit
1272 1348 1367 1387 me,
1399 1343 1443 1377 et
1463 1348 1541 1392 per
1573 1331 1687 1376 illud

299 1426 316 1448 »
344 1405 520 1451 occidit.
550 1407 703 1462 Itaque
724 1406 812 1448 Lex
834 1402 1014 1462 quidem
1035 1412 1200 1456 saneta,
1224 1412 1269 1447 et
1291 1405 1550 1448 mandatum
1566 1419 1693 1448 sanc-

297 1495 317 1517 »
342 1487 433 1521 tum
457 1485 499 1520 et
519 1476 688 1534 justum
714 1482 758 1517 et
782 1474 964 1517 bonum.
989 1472 1121 1526 Quod
1145 1488 1249 1532 ergo
1271 1473 1441 1518 bonum
1466 1484 1555 1529 est,
1585 1474 1692 1518 mihi

297 1566 318 1589 »
343 1546 505 1592 factum
530 1556 592 1590 est
616 1546 759 1590 mors?
781 1544 910 1589 Absit
930 1563 939 1588 :
965 1543 1041 1588 sed
1056 1554 1284 1603 peccatum
1304 1555 1354 1590 ut
1371 1555 1578 1606 appareat
1595 1561 1693 1605 pec-

296 1638 318 1662 »
344 1628 508 1674 catum,
533 1633 608 1677 per
626 1617 793 1661 bonum
812 1615 918 1660 mihi
939 1626 1169 1675 operatum
1194 1625 1258 1661 est
1281 1621 1509 1662 mortem‘2.
1533 1635 1553 1659 »
1579 1620 1693 1662 Ecce

294 1691 402 1749 quid
434 1699 498 1736 est
533 1688 830 1734 «ministratio
861 1688 1040 1732 mortis:
1067 1709 1084 1730 »
1110 1704 1211 1733 ecce
1228 1689 1334 1748 quid
1368 1698 1461 1745 est,
1491 1689 1693 1734 «Littera

297 1782 318 1806 »
344 1762 529 1809 oceidit:
553 1781 572 1803 »
599 1777 698 1806 ecce
713 1760 1088 1821 quemadmodum
1116 1780 1133 1801 «
1154 1763 1241 1805 Lex
1260 1771 1427 1807 nonest
1443 1771 1690 1821 peecatum,

298 1854 318 1877 »
343 1844 386 1879 et
406 1832 659 1880 mandatum
678 1842 770 1878 erat
785 1832 831 1876 in
853 1832 984 1876 vitam
1007 1851 1015 1876 :
1041 1840 1085 1876 et
1105 1831 1174 1876 lex
1189 1842 1354 1888 saneta,
1375 1842 1419 1877 et
1434 1832 1692 1878 mandatum

298 1924 318 1947 »
343 1915 540 1951 sanctum
559 1915 601 1950 et
614 1905 782 1965 justum
802 1911 847 1947 et
869 1902 1037 1946 bonum
1059 1921 1068 1947 :
1091 1921 1108 1944 »
1134 1912 1178 1947 et
1213 1912 1359 1947 tamen
1389 1904 1492 1963 quia
1514 1903 1570 1948 de
1596 1904 1692 1963 ipso

298 1976 416 2021 bono
436 1976 696 2020 interficitur
717 1972 972 2018 inobediens
994 1973 1137 2018 anima
1153 2009 1164 2029 ‚
1195 1974 1271 2019 ubi
1293 1975 1370 2019 Dei
1395 1991 1485 2020 nou
1515 1975 1692 2036 adjuvat

297 2049 450 2106 gratia,
482 2047 738 2092 ministratio
771 2044 921 2089 mortis
953 2043 1068 2089 facta
1089 2055 1153 2090 est
1175 2048 1262 2090 Lex
1291 2046 1338 2090 in
1360 2047 1507 2091 Veteri
1540 2050 1690 2092 Testa-

296 2129 446 2164 mento
480 2128 657 2178 propter
686 2115 958 2161 occidentem
988 2116 1206 2171 litteram,
1241 2126 1285 2161 et
1310 2117 1569 2164 ministratio
1590 2119 1692 2164 vitae

295 2188 411 2234 facta
433 2199 497 2235 est
515 2190 649 2250 gratia
669 2189 714 2233 in
732 2190 855 2234 Novo
879 2190 1155 2233 Testamento
1185 2198 1363 2249 propter
1397 2189 1692 2235 vivificantem

297 2261 512 2319 spiritum.
543 2259 673 2314 Quod
695 2269 759 2304 est
789 2269 934 2303 autem
963 2259 1261 2305 «ministratio
1288 2260 1439 2306 mortis
1466 2270 1507 2306 et
1537 2261 1691 2305 minis-

301 2349 322 2373 »
346 2333 472 2377 tratio
490 2332 810 2388 damnationis3
836 2351 851 2373 »
875 2331 958 2376 hoc
975 2341 1055 2386 est,
1088 2351 1108 2374 «
1126 2333 1360 2378 Occasione
1382 2343 1558 2394 accepta
1590 2348 1693 2393 pec-

302 2422 323 2446 »
348 2414 493 2449 catum
512 2422 590 2465 per
612 2404 869 2449 mandatum
885 2414 1114 2464 operatum
1139 2415 1203 2450 est
1226 2406 1271 2450 in
1294 2421 1364 2450 me
1386 2421 1561 2451 omnem
1582 2421 1691 2451 con-

303 2494 323 2517 »
349 2477 659 2540 cupiscentiam
673 2497 685 2535 3
699 2494 718 2517 »
734 2475 818 2520 hoe
829 2484 908 2531 est,
928 2474 1231 2522 «Adveniente
1245 2476 1454 2523 mandato
1461 2485 1693 2538 peccatum

349 2565 359 2583 ¹
388 2562 478 2594 Rom.
499 2571 557 2602 vu,
573 2561 606 2594 6.
625 2559 790 2593 -21bid.
816 2559 914 2602 7—13.
