1803 3250
405 179 569 211 CONTRA
601 181 878 211 SECUNDINUM
910 177 1194 207 MANICHAEUM.
1411 171 1489 208 321

111 246 310 292 videlicet
338 248 673 301 ratiocinamini,
697 261 830 307 quam
851 245 884 288 si
906 248 1047 289 Deum
1072 245 1257 291 dixeritis
1279 262 1327 290 ea
1346 262 1496 290 neces-

110 316 235 361 sitate
249 333 479 377 pugnasse,
498 334 554 363 ne
570 326 746 363 noceret
762 317 800 360 ei
816 331 921 375 gens
938 316 1233 371 tenebrarum,
1250 316 1498 361 violabilem

110 397 154 433 et
169 389 497 449 corruptibilem
513 390 706 434 dicentes
723 391 878 442 Deum,
900 388 969 431 cui
985 402 1141 431 nocere
1158 387 1317 446 aliquid
1335 398 1494 448 posset,

108 460 144 504 si
168 475 365 519 pugnare
396 459 618 505 noluisset.
645 459 819 518 Abigite
841 472 942 516 ergo
964 467 1007 502 et
1029 457 1231 517 expellite
1253 475 1276 502 a
1298 459 1499 504 cordibus

109 530 260 575 vestris
287 539 330 575 et
352 546 375 574 a
398 530 486 574 fide
505 540 664 585 vestra,
701 530 831 574 etiam
864 527 1000 587 ipsam
1032 543 1250 588 pugnarn:
1276 539 1498 591 totamque

109 599 228 661 illam
260 600 473 655 fabulam,
504 601 736 661 impiarum
758 609 802 645 et
822 598 1269 644 immundissimarum
1297 599 1498 661 blasphe-

108 671 294 716 miarum
307 672 487 717 horrore
501 681 768 728 contextam,
790 671 968 716 tandem
981 669 1218 731 aliquando
1231 672 1501 715 anathemate

108 750 240 802 atque
261 742 481 788 damnate.
507 746 617 789 Nam
640 746 770 803 quale
787 751 867 799 est,
889 742 1070 787 obsecro
1091 751 1150 797 te,
1171 739 1308 801 quod,
1333 750 1384 785 ut
1405 752 1502 786 ante

108 811 276 857 dictum
304 822 384 868 est,
420 813 671 859 violabilem
704 813 823 858 illam
859 822 1061 857 naturam
1094 821 1138 856 et
1174 811 1500 871 corruptibilem

107 886 247 928 Deum
265 883 410 928 dicere
431 899 522 930 non
544 885 723 940 timetis,
750 893 799 929 ut
821 893 977 929 natura
1000 883 1077 928 Dei
1098 883 1244 939 vestri,
1271 884 1304 927 si
1327 882 1504 927 fortitu-

107 953 256 999 dinem
274 971 361 1016 qua
377 971 467 1001 non
489 966 718 1017 caperetur
735 971 825 1001 non
843 956 986 1016 potuit
1004 970 1218 1008 exercere,
1238 969 1328 998 non
1345 964 1503 1013 potue-

109 1025 165 1069 rit
186 1026 338 1071 saltem
358 1027 570 1088 justitiam
594 1028 766 1086 captiva
787 1042 988 1075 servare:
1013 1025 1133 1087 quod
1165 1025 1314 1070 Daniel
1343 1027 1502 1085 potuit,

108 1098 185 1157 qui
202 1097 349 1142 leones
367 1114 496 1143 ausus
513 1108 576 1142 est
593 1099 771 1143 irridere
783 1101 815 1153 ยน,
829 1099 906 1158 qui
925 1114 1077 1142 eorum
1093 1114 1116 1141 a
1131 1098 1292 1157 quibus
1310 1098 1506 1156 captivus

108 1167 267 1213 ductus
284 1167 444 1223 fuerat,
466 1169 685 1229 iniquitati
703 1169 833 1213 etiam
848 1169 1009 1227 pietate
1022 1184 1096 1212 sua
1116 1168 1239 1212 nullo
1254 1168 1504 1227 compulsus

110 1247 272 1284 terrore
300 1239 535 1294 consensit,
569 1254 649 1283 nec
677 1239 723 1282 in
753 1238 1006 1283 conditione
1029 1239 1266 1298 corporalis
1288 1240 1506 1283 servitutis

108 1310 359 1370 aequitatem
377 1326 426 1355 ac
442 1309 690 1354 libertatem
704 1310 837 1354 animi
850 1311 1052 1370 patientis
1068 1319 1111 1353 et
1128 1311 1330 1368 sapientis
1347 1312 1502 1355 amisit.

107 1383 272 1427 Natura
293 1397 396 1426 vero
418 1381 495 1426 Dei
514 1381 683 1441 captiva
707 1382 839 1426 ducta
862 1391 951 1436 est,
987 1381 1137 1440 iniqua
1161 1380 1274 1425 facta
1298 1391 1387 1436 est,
1418 1396 1507 1425 non

108 1462 253 1511 potest
270 1462 361 1497 tota
382 1453 575 1512 purgari,
593 1452 765 1511 cogitur
786 1453 830 1496 in
852 1452 940 1495 fine
958 1452 1172 1496 damnari.
1195 1452 1324 1505 Quod
1343 1451 1506 1495 malum

107 1522 189 1566 sibi
203 1521 403 1567 futurum
424 1523 459 1566 si
481 1522 645 1566 sciebat
662 1538 712 1566 ex
730 1523 987 1576 aeternitate,
1007 1522 1068 1566 illi
1088 1522 1209 1565 nulla
1233 1523 1433 1567 divinitas
1452 1522 1506 1566 de

107 1608 152 1637 se
183 1593 455 1637 debebatur:
477 1593 510 1636 si
534 1603 680 1637 autem
710 1593 779 1637 vel
806 1594 930 1638 terris
958 1593 1027 1637 vel
1056 1594 1307 1652 regionibus
1334 1594 1507 1638 sibimet

108 1663 329 1708 vicinitate
350 1663 566 1723 contiguis
589 1664 711 1723 regni
732 1663 840 1708 lucis
862 1673 904 1707 et
923 1664 1061 1723 gentis
1084 1665 1381 1717 tenebrarum,
1407 1680 1506 1724 quae

108 1735 164 1778 ab
207 1735 460 1779 hominibus
501 1734 743 1795 prudenter
772 1734 1117 1792 intelligentibus
1150 1735 1330 1779 ridenda
1361 1736 1505 1779 Mani-

108 1806 256 1850 chaeus
289 1816 459 1858 narrat,
490 1806 793 1850 inenarrabilia
815 1821 905 1850 esse
927 1805 1086 1860 dixisti,
1112 1816 1154 1850 et
1174 1807 1267 1851 haec
1289 1823 1312 1850 a
1335 1807 1506 1851 Christo

108 1876 318 1936 appellari
351 1877 572 1921 dexteram
614 1885 657 1921 et
687 1877 904 1920 sinistram
932 1896 940 1920 :
966 1877 1166 1920 novimus
1189 1878 1247 1920 sic
1286 1877 1504 1936 appellare

110 1948 334 1993 Christum
356 1947 554 1992 dextram
576 1957 620 1992 et
641 1948 856 1992 sinistram
875 1983 885 2003 ,
922 1957 973 1992 ut
1000 1963 1090 1992 non
1122 1947 1360 2007 corporalia
1390 1949 1501 2003 loca,

109 2018 185 2062 sed
214 2018 534 2063 beatitudinem
570 2020 873 2080 miseriamque
902 2020 969 2063 sui
996 2020 1208 2079 cujusque
1236 2021 1380 2064 meriti
1400 2020 1505 2064 velit

108 2088 307 2148 intelligi.
336 2089 421 2135 Sed
443 2089 625 2135 carnalis
647 2099 786 2135 vestra
810 2090 1032 2150 cogitatio,
1059 2089 1168 2134 adeo
1186 2106 1209 2134 a
1226 2089 1332 2135 locis
1350 2106 1506 2150 corpo-

110 2159 274 2205 ralibus
295 2177 386 2206 non
407 2161 588 2216 recedit,
614 2171 663 2206 ut
685 2162 819 2207 solem
840 2162 973 2206 istum
995 2162 1227 2217 visibilem,
1255 2178 1303 2207 ac
1326 2178 1402 2221 per
1421 2163 1504 2207 hoc

109 2245 385 2290 corporeum,
417 2233 494 2292 qui
524 2233 738 2278 contineri
769 2233 849 2277 nisi
879 2233 1093 2293 corporali
1114 2232 1212 2277 loco
1234 2249 1320 2277 non
1343 2243 1502 2292 potest,

110 2310 155 2347 et
175 2304 314 2346 Deum
337 2311 381 2346 et
401 2310 570 2361 partem
591 2303 670 2346 Dei
692 2319 781 2347 esse
804 2304 971 2348 dicatis.
998 2305 1159 2346 Verum
1189 2301 1244 2347 de
1266 2302 1331 2345 his
1354 2304 1502 2347 vobis-

111 2388 212 2418 cum
231 2387 356 2431 agere
373 2371 554 2417 stultum
571 2380 656 2429 est,
677 2373 785 2432 quid
803 2374 919 2417 enim
938 2374 1243 2432 incorporeum
1260 2372 1504 2433 intelligere

112 2444 323 2504 poteritis,
343 2443 419 2503 qui
443 2446 581 2488 Deum
602 2443 976 2504 incorruptibilem
996 2444 1195 2490 nondum
1213 2444 1418 2488 creditis?

161 2536 170 2552 ยน
191 2532 270 2562 Dan.
292 2539 359 2570 xw,
382 2529 434 2560 18.

304 2593 493 2624 cxxxvl.
1266 2584 1312 2621 21
