1803 3250
373 300 535 330 CONTRA
569 302 801 329 sEnMONEM
840 303 1108 330 immonni«.
1351 292 1427 329 501

47 381 132 424 que
163 366 444 420 diffunditur,
470 367 598 410 simul
621 382 710 410 esse
732 367 974 425 incipiunt,
1002 383 1081 411 nec
1104 368 1275 426 genitus
1298 383 1320 411 a
1344 367 1436 425 gig-

46 446 177 479 nente
199 437 460 496 praeceditur
482 457 490 481 :
513 439 572 481 sic
597 440 708 481 Deus
738 440 863 481 Pater
888 448 931 482 et
954 441 1067 481 Deus
1099 437 1154 481 de
1193 441 1277 482 Deo
1299 436 1434 480 Filius

45 520 134 548 esse
156 506 284 550 simul
304 507 544 565 incipiunt,
570 506 669 565 quia
691 507 848 564 pariter
869 508 958 551 sine
976 506 1066 551 ullo
1085 507 1207 551 initio
1227 507 1433 565 temporis

43 584 161 630 sunt,
187 591 266 620 nec
289 577 458 633 genitus
476 592 499 619 a
519 576 723 634 gignente
740 577 1016 634 praeceditur.
1041 580 1096 620 Et
1113 577 1224 620 sicut
1241 577 1350 635 ignis
1371 576 1434 633 gi-

44 659 178 702 gnens
189 655 232 690 et
245 644 450 704 splendor
463 646 633 704 genitus
644 646 775 689 coaevi
791 655 908 700 sunt,
920 647 977 690 ita
990 650 1104 690 Deus
1119 650 1243 690 Pater
1254 647 1434 704 gignens

43 725 87 760 et
104 719 217 760 Deus
245 715 382 759 Filius
413 715 584 774 genitus
603 716 808 760 coaeterni
824 725 941 760 sunt.
974 716 1058 759 Sed
1075 717 1176 775 quia
1198 717 1277 760 iste
1299 725 1362 760 est
1382 715 1436 759 de

42 786 134 841 illo,
163 802 254 831 non
280 785 353 830 ille
377 786 432 830 de
451 787 549 841 isto,
575 785 674 831 ideo
695 795 738 831 et
760 786 1017 831 mandatum
1040 787 1196 846 accipit
1231 802 1254 829 a
1278 790 1403 830 Patre
1421 820 1432 838 ,

42 871 142 900 cum
165 856 420 901 mandatum
443 857 533 915 ipse
556 857 610 901 sit
635 857 793 914 Patris3
819 866 862 900 et
884 855 1013 900 docet
1035 871 1136 900 eum
1161 859 1306 909 Pater,
1332 870 1434 899 cum

42 928 130 985 ipse
152 927 205 971 sit
228 936 405 986 paterna
429 926 642 971 doctrina.
672 928 739 972 Sic
765 928 879 971 enim
903 928 1059 986 accipit
1082 943 1104 971 a
1127 930 1253 970 Patre
1270 926 1403 970 vitam
1423 959 1433 980 ,

43 1013 145 1041 cum
167 999 279 1042 sicut
297 1001 424 1041 Pater
444 999 535 1057 ipse
556 998 610 1042 sit
631 999 717 1042 vita
743 1017 751 1042 :
777 999 835 1042 ita
855 1006 917 1042 est
941 1007 983 1041 et
1004 998 1120 1042 Patri
1144 997 1293 1041 similis
1314 1006 1359 1040 ut
1390 997 1436 1040 in

42 1067 165 1111 nullo
188 1069 240 1112 sit
260 1069 441 1111 omnino
463 1066 693 1112 dissimilis.
723 1068 1036 1112 Testimonium
1057 1083 1161 1111 vero
1183 1082 1284 1111 cum
1319 1066 1434 1109 invi-

42 1153 137 1182 cem
158 1138 238 1182 sibi
259 1138 515 1196 perhibeant
537 1141 663 1181 Pater
681 1147 723 1182 et
741 1137 892 1192 Filius,
915 1137 1137 1197 quomodo
1159 1137 1229 1181 isti
1250 1135 1436 1180 alterum

39 1223 192 1252 eorum
213 1207 374 1251 faciant
398 1208 696 1252 testimonium
718 1208 1024 1267 perhibentem
1043 1243 1053 1262 ‚
1080 1217 1123 1252 et
1149 1207 1337 1251 alterum
1360 1207 1432 1250 eui

44 1277 341 1322 testimonium
389 1277 670 1335 perhibeatur
687 1312 697 1331 ‚
738 1278 906 1335 ignoro.
951 1280 1106 1323 Nonne
1142 1281 1267 1321 Pater
1302 1276 1407 1320 dicit
1425 1295 1434 1321 :

47 1367 66 1390 «
95 1347 175 1392 Hic
214 1355 276 1390 est
308 1345 439 1389 Filius
476 1360 597 1389 meus
630 1346 909 1390 dilectusve»
946 1350 1099 1391 Nonne
1133 1347 1262 1390 Filius
1295 1346 1432 1390 dicit:

48 1438 68 1460 «
101 1416 417 1461 Testimonium
439 1415 644 1474 perhibet
671 1415 726 1459 de
748 1431 817 1460 me
850 1418 926 1476 qui
962 1418 1076 1461 misit
1105 1432 1174 1460 me
1208 1417 1395 1460 Pater²P
1415 1433 1435 1456 »

43 1491 133 1534 Cur
156 1503 260 1546 ergo
281 1502 353 1531 eos
370 1486 430 1530 ita
447 1485 746 1543 distinguunt,
776 1495 826 1529 ut
848 1489 1021 1530 Patrem
1056 1486 1205 1529 dicant
1226 1486 1297 1529 cui
1320 1485 1440 1529 testi-

43 1558 243 1603 monium
266 1556 540 1616 perhibetur,
567 1564 609 1599 et
629 1554 790 1599 Filium
822 1555 898 1614 qui
926 1555 1162 1614 perhibet?
1185 1556 1275 1598 Cur
1301 1569 1440 1612 usque

44 1629 100 1674 ad
120 1629 202 1672 ista
224 1636 326 1672 sunt
346 1627 470 1681 vani,
496 1640 635 1685 usque
654 1625 708 1669 ad
724 1626 803 1669 ista
819 1624 962 1679 surdi,
978 1639 1116 1684 usque
1135 1623 1191 1668 ad
1212 1624 1292 1668 ista
1306 1624 1440 1668 caeci?

44 1702 106 1743 De
130 1702 257 1743 Patre
279 1706 427 1742 autem
445 1694 646 1740 mittente
669 1705 711 1740 et
730 1695 857 1740 misso
879 1694 1008 1750 Filio,
1026 1696 1115 1754 jam
1137 1695 1183 1738 in
1203 1694 1440 1754 superiori-

44 1769 126 1813 bus
148 1769 278 1828 hujus
305 1766 610 1826 disputationis
639 1765 834 1824 partibus
861 1765 961 1809 satis
989 1764 1255 1823 abundeque
1276 1772 1440 1808 tracta-

47 1847 144 1883 tum
164 1846 242 1881 est.

104 1910 318 1952 XXXIII.
345 1909 579 1966 Nunquam
600 1921 718 1959 sane,
742 1914 791 1949 ut
809 1905 1006 1964 impietas
1024 1905 1101 1948 ista
1116 1903 1297 1948 delirat:
1326 1922 1346 1945 «
1363 1906 1444 1947 Pa-

49 1989 114 2024 ter
148 1976 353 2038 praescius
383 1986 475 2021 erat
505 1991 551 2021 se
578 1976 789 2033 unigeniti
823 1976 898 2018 Dei
934 1978 1106 2018 Patrem
1156 1973 1355 2017 futurum
1382 1994 1390 2017 2
1419 1992 1439 2014 »

46 2050 148 2110 quia
160 2063 388 2108 nunquam
405 2062 495 2092 non
510 2050 638 2091 Pater
656 2054 770 2100 erat,
796 2045 963 2088 habens
978 2044 1136 2087 Filium
1153 2053 1438 2098 coaeternum,

47 2129 91 2165 et
115 2133 324 2179 generans
342 2117 434 2162 sine
456 2126 653 2176 tempore
681 2130 758 2175 per
775 2129 906 2174 quem
929 2112 1126 2158 condidit
1146 2123 1356 2172 tempora.
1383 2116 1440 2157 Et

49 2191 162 2235 sicut
182 2193 323 2234 Deum
345 2202 390 2232 se
412 2202 502 2232 non
523 2186 738 2245 praescivit
758 2185 959 2228 futurum
986 2183 1106 2242 quod
1131 2198 1301 2242 semper
1322 2191 1440 2239 erat3

51 2262 111 2306 sic
127 2275 208 2304 nec
230 2263 420 2313 Patrem,
446 2257 549 2318 quia
567 2271 665 2301 cum
683 2256 795 2299 Filio
813 2269 982 2314 semper
1001 2263 1093 2298 erat
1116 2273 1124 2298 z
1146 2273 1166 2296 «
1182 2256 1270 2299 Nec
1289 2267 1446 2311 magno

51 2330 161 2375 Filio
183 2330 338 2389 major,
365 2342 446 2372 nec
472 2329 590 2372 bono
614 2326 793 2382 melior3
815 2325 956 2383 »quia
984 2339 1072 2368 non
1103 2324 1219 2368 Patri
1248 2332 1442 2378 tantum,

50 2401 126 2446 sed
157 2400 372 2444 universae
409 2398 609 2442 Trinitati
643 2397 808 2440 dictum
845 2404 938 2439 est:
969 2397 1076 2437 «Tu
1107 2409 1150 2437 es
1185 2397 1298 2438 Deus
1329 2394 1444 2438 solus

55 2490 74 2512 »
96 2472 321 2529 magnusss.
348 2488 366 2510 »
395 2471 482 2513 Nec
505 2468 559 2510 de
583 2470 708 2511 Patre
732 2475 903 2510 tantum
920 2499 931 2518 ,
961 2465 1037 2508 sed
1055 2463 1109 2507 de
1131 2464 1330 2507 universa
1351 2464 1444 2507 Tri-

54 2541 190 2586 nitate
208 2548 322 2583 recte
343 2537 602 2596 intelligitur
620 2535 773 2580 dixisse
792 2535 907 2578 idem
926 2534 1061 2577 Filius
1080 2554 1088 2577 :
1112 2536 1285 2578 «Nemo
1303 2535 1441 2577 bonus

103 2633 109 2649 ²
134 2625 246 2658 Matth.
267 2635 313 2665 nl,
339 2634 391 2664 17.
411 2640 453 2646 —
469 2629 481 2644 ²
501 2624 594 2654 Joan.
618 2632 683 2661 vm,
708 2621 756 2651 18.
775 2637 815 2642 —-
833 2618 845 2641 3
866 2618 944 2650 psal.
971 2629 1077 2659 Lxxxi,
1102 2630 1149 2651 ιο.
