1803 3250
330 175 412 216 304
765 186 798 212 s.
834 183 1066 214 AUGUS‘HM
1100 186 1282 216 gmscom
1346 213 1349 218 ,

324 253 459 297 nihilo
481 251 633 296 fecerit
655 268 663 296 :
689 252 811 312 quod
830 253 864 297 si
886 253 1040 309 credis,
1065 254 1223 314 impius
1246 269 1336 300 non
1357 255 1456 310 eris,
1481 264 1525 300 et
1542 257 1720 303 oblivis-

323 325 429 369 ceris
455 325 617 378 Persas,
643 332 686 367 ct
704 332 851 368 noster
869 326 966 370 eris.

381 396 436 439 X.
463 396 520 439 At
543 394 659 438 enim
682 394 741 440 ait
763 396 995 456 Apostolus
1024 416 1032 441 :
1071 399 1206 442 «Non
1228 406 1292 442 est
1319 397 1442 442 nobis
1465 397 1721 443 colluctatio

325 484 344 507 »
372 465 575 511 adversus
598 482 772 511 carnem
795 477 839 512 et
862 468 1141 527 sanguinem,
1168 467 1243 512 sed
1267 468 1473 514 adversus
1495 469 1717 529 principa—

324 556 343 578 »
370 547 439 582 tus
471 547 514 583 et
541 542 817 599 potestates¹,
839 558 859 581 »
897 540 970 600 qui
1006 541 1062 585 ad
1090 556 1281 585 amorem
1316 541 1479 601 proprii
1512 540 1648 586 fastus
1679 550 1723 586 et

323 610 498 654 honoris
518 610 746 656 voluntate
768 611 901 671 impia
924 611 1187 656 declinando
1203 647 1214 667 ,
1245 612 1398 656 animis
1423 612 1502 672 piis
1531 611 1722 657 reditum

322 683 559 728 invideant.
598 684 681 729 Sed
709 685 793 729 hoc
827 684 1007 728 interest
1037 685 1150 727 inter
1179 693 1364 728 vestram
1394 684 1647 744 opinionem
1678 694 1723 730 et

322 765 513 800 nostram
536 756 685 810 fidem,
707 756 809 815 quia
831 771 907 800 vos
932 754 1108 800 eosdem
1127 755 1344 815 principes
1372 771 1423 800 ex
1448 772 1523 801 sua
1546 758 1721 817 propria

320 829 508 888 quadam
530 837 684 871 natura
707 836 896 882 exortos,
922 842 1054 887 quam
1087 830 1201 871 Deus
1225 844 1305 873 nec
1326 830 1525 887 genuerit
1547 845 1628 874 nec
1652 829 1721 873 fe-

320 900 441 954 cerit,
468 899 543 942 sed
564 898 769 942 habuerit
790 906 953 942 aeterna
972 898 1193 943 vicinitate
1215 900 1490 958 contiguam,
1516 899 1721 946 adversus

325 974 458 1015 Deum
479 969 752 1030 belligerasse
775 971 1065 1027 arbitramini,
1091 972 1218 1032 eique
1246 971 1442 1016 intulisse
1465 982 1565 1017 ante
1599 988 1720 1018 com-

321 1041 573 1086 mixtionem
599 1043 703 1087 boni
727 1051 771 1087 et
802 1042 916 1086 mali.
943 1046 1152 1101 Magnum
1174 1044 1317 1102 primo
1340 1044 1605 1088 necessitatis
1630 1060 1721 1089 ma·-

318 1114 427 1170 lum,
451 1115 572 1176 quod
588 1114 671 1159 illis
694 1116 982 1160 substantiam
1009 1131 1131 1160 suam
1157 1115 1433 1174 affligendam
1454 1117 1720 1176 perturban-

318 1186 525 1247 damque,
550 1187 594 1230 in
615 1201 759 1231 errore
781 1187 1141 1231 commutandam
1164 1195 1296 1246 atque
1314 1186 1536 1232 oblivione
1556 1188 1622 1231 sui
1642 1204 1720 1247 pe-

318 1259 434 1303 nitus
456 1259 797 1319 demergendam
821 1259 1103 1304 commiscere
1125 1269 1371 1317 cogeretur,
1394 1268 1443 1302 ut
1465 1259 1718 1313 liberatore,

319 1340 578 1387 correctore,
604 1332 902 1386 emendatore,
923 1340 1194 1390 praeceptore
1212 1330 1443 1390 indigeret.
1471 1331 1602 1384 Quod
1623 1348 1720 1376 cer-

319 1403 384 1448 nis
407 1419 538 1463 quam
562 1401 695 1447 stulte
718 1401 1008 1462 fabuloseque
1030 1401 1204 1446 dicatur
1219 1437 1229 1456 ,
1259 1411 1429 1462 quanto
1454 1401 1615 1447 scelere
1637 1404 1722 1447 im-

321 1475 490 1535 pietatis
517 1475 774 1532 obstringat.
813 1472 948 1519 Nobis
982 1481 1126 1517 autem
1165 1488 1243 1533 per
1276 1473 1557 1518 christianam
1588 1474 1723 1518 fidem

321 1561 574 1606 persuasum
597 1555 677 1600 est,
704 1560 794 1590 non
818 1560 908 1589 esse
925 1545 1194 1589 contrarium
1215 1547 1305 1589 Deo
1329 1545 1405 1605 qui
1432 1561 1601 1590 summe
1628 1555 1718 1600 est,

320 1619 398 1664 nisi
421 1619 543 1680 quod
565 1619 745 1664 omnino
767 1633 856 1662 non
879 1626 941 1662 cst
963 1636 972 1662 ε
1001 1616 1222 1678 quidquid
1249 1625 1397 1661 autem
1416 1617 1565 1678 aliquo
1589 1616 1721 1663 modo

319 1702 403 1744 est,
439 1692 492 1736 ab
514 1690 591 1736 illo
621 1691 697 1752 qui
726 1706 895 1735 summe
918 1698 981 1734 est
1004 1689 1167 1734 habere
1190 1698 1241 1734 ut
1268 1706 1448 1751 quoquo
1472 1689 1605 1735 modo
1634 1691 1689 1735 sit
1706 1726 1718 1746 ,

320 1774 451 1825 atque
473 1764 520 1807 in
543 1779 621 1808 suo
646 1778 804 1822 genere
825 1762 993 1807 bonum
1012 1777 1126 1819 esse,
1151 1760 1227 1806 sed
1246 1761 1328 1806 alia
1352 1762 1485 1821 magis
1504 1778 1616 1818 esse,
1638 1762 1720 1807 alia

319 1837 462 1880 minus
489 1855 497 1880 :
521 1844 652 1895 atque
673 1835 733 1878 ita
755 1834 901 1879 omnia
925 1834 1042 1878 bona
1070 1849 1171 1893 quae
1195 1850 1217 1878 a
1245 1833 1472 1878 conditore
1497 1836 1587 1878 Deo
1604 1833 1721 1879 facta

319 1918 447 1963 sunt,
471 1908 599 1952 certis
621 1922 669 1951 ac
686 1905 927 1950 distributis
952 1904 1161 1965 gradibus
1186 1906 1387 1950 ordinata
1415 1906 1574 1965 partim
1599 1905 1722 1951 loco-

321 1997 417 2025 rum
440 1977 678 2026 intervallis
696 1995 744 2023 ac
762 1977 954 2032 sedibus,
980 1978 1092 2022 sicut
1110 1979 1256 2022 omnia
1274 1976 1539 2037 corporalia,
1560 1978 1719 2037 partim

322 2053 483 2097 meritis
506 2051 795 2106 naturalibus,
820 2050 1087 2095 sicutanima
1104 2051 1377 2110 prseponitur
1396 2050 1569 2110 corpori
1593 2069 1602 2095 :
1622 2066 1719 2110 par-

322 2127 399 2170 tim
422 2125 583 2169 meritis
607 2124 885 2184 praemiorum
911 2133 1044 2184 atque
1062 2138 1321 2182 poenarum,
1348 2123 1460 2168 sicut
1481 2122 1626 2168 anima
1651 2122 1719 2168 vel

320 2198 535 2242 attollitur
552 2197 607 2242 ad
629 2198 843 2257 quietem,
873 2194 942 2240 vel
959 2194 1187 2239 doloribus
1210 2194 1428 2240 subditur.
1456 2198 1518 2240 Ac
1536 2210 1614 2255 per
1634 2195 1721 2240 hoc

320 2268 381 2312 illi
406 2269 640 2328 principes,
660 2277 813 2312 contra
831 2283 940 2328 quos
961 2267 1125 2311 habere
1145 2282 1224 2311 nos
1240 2266 1596 2312 colluctationem
1616 2267 1722 2310 dicit

320 2340 553 2400 Apostolus
568 2376 579 2397 ,
608 2355 787 2400 poenam
806 2348 1086 2398 peccatorum
1104 2354 1284 2382 snorum
1301 2340 1464 2396 priores
1486 2337 1717 2397 patiuntur

321 2423 371 2456 ut
394 2421 592 2455 noceant:
618 2409 775 2456 Nullus
800 2408 918 2452 enim
939 2406 1114 2451 invidus
1142 2416 1193 2451 ut
1227 2406 1413 2452 alterum
1444 2407 1602 2464 laedat,
1629 2424 1720 2454 non

322 2485 402 2529 sibi
426 2484 542 2543 prior
562 2483 653 2542 ipse
678 2488 895 2527 tormento
918 2488 995 2524 est.
1023 2480 1192 2525 Nocent
1224 2488 1372 2525 autem
1403 2479 1717 2526 infirmioribus

371 2572 377 2587 ¹
405 2568 522 2611 EpheS.
541 2578 592 2607 vi,
616 2575 664 2599 12v
