1803 3250
418 218 579 249 comum
614 216 828 257 FAUSTUM‚
864 220 946 247 Lm.
988 219 1126 248 xxxii.
1390 211 1467 247 173

81 286 197 331 tione
237 285 406 331 Domini
445 285 851 347 quinquagesimum
886 286 998 330 diem
1032 286 1342 340 celebramus¹,
1380 302 1470 346 quo

78 355 205 402 nobis
227 366 426 402 sanctum
450 357 654 416 Spiritum
680 354 953 413 Paracletum
975 372 1106 416 quem
1119 357 1375 416 promiserat
1392 358 1470 402 mi-

77 428 156 472 sit²
181 446 190 472 z
217 429 340 489 quod
361 427 562 472 futurum
583 426 713 471 etiam
738 441 815 486 per
842 428 866 470 J
872 425 1098 470 udaeorum
1119 428 1279 472 Pascha
1302 428 1468 487 signifi-

76 506 221 543 catum
252 508 331 555 est,
362 513 464 543 cum
491 496 855 558 quinquagesimo
888 497 959 541 die
992 506 1089 557 post
1132 498 1468 544 celebrationem

75 569 166 614 ovis
187 570 358 624 occisae,
384 572 556 627 Moyses
579 567 717 627 digito
739 568 815 612 Dei
835 568 1038 627 scriptam
1070 568 1212 628 legem
1237 572 1400 629 accepit
1424 572 1470 616 in

75 643 264 686 montess.
297 641 446 698 Legite
480 638 798 699 Evangelium,
838 649 882 684 et
917 638 1127 684 advertite
1160 640 1220 684 ibi
1259 641 1466 700 Spiritum

73 720 273 756 sanctum
303 709 572 771 appellatum
594 708 778 768 digitum
803 710 921 753 Dei4.
949 711 1010 753 Ea
1034 709 1199 769 quippe
1222 710 1469 756 anniversa-

73 781 134 825 rie
150 782 196 826 in
217 780 410 826 Ecclesia
431 780 724 836 celebrantur,
743 779 1082 840 quaeinsigniter
1104 779 1359 826 excellentia
1377 798 1470 826 cer-

74 851 125 895 tis
146 850 300 895 diebus
322 849 435 896 facta
453 859 578 907 sunt3
604 859 654 894 ut
671 865 822 895 eorum
848 851 1130 895 necessariam
1157 851 1469 914 salubremque

72 923 327 967 memoriam
353 921 565 968 festivitas
579 921 882 967 concelebrata
901 923 1134 966 custodiat.
1155 923 1197 968 Si
1212 923 1343 967 vultis
1364 938 1468 984 ergo

72 1008 199 1038 nosse
220 1008 356 1053 quare
378 993 646 1038 celebramus
671 993 833 1037 Pascha
855 1011 864 1036 z
885 992 987 1052 quia
1016 1001 1119 1037 tunc
1145 1008 1223 1052 pro
1245 994 1368 1038 nobis
1390 995 1468 1038 im-

70 1065 257 1109 molatus
274 1074 339 1108 est
359 1065 569 1109 Christus.
598 1065 639 1108 Si
666 1063 796 1108 vultis
819 1079 943 1107 nosse
967 1079 1102 1122 quare
1133 1080 1222 1108 non
1245 1064 1357 1109 illud
1379 1066 1467 1111 ritu

64 1134 244 1196 juda'l'co
271 1133 543 1179 celebremus
566 1153 574 1178 ε
600 1133 701 1193 quia
727 1133 801 1178 illa
823 1143 914 1178 erat
937 1134 1110 1178 venturi
1141 1136 1228 1179 veri
1257 1137 1467 1196 praefigw

71 1205 202 1260 ratio,
244 1206 338 1248 haec
371 1203 579 1263 completi
601 1204 984 1261 commemorati03
1012 1204 1213 1249 futurum
1248 1215 1393 1251 autem
1424 1216 1467 1251 et

70 1262 341 1336 praeteritum
363 1290 444 1319 nec
465 1275 567 1335 ipsis
588 1275 732 1320 verbis
756 1275 911 1319 nostris
934 1275 1087 1320 eodem
1112 1277 1244 1321 modo
1262 1279 1467 1323 enuntia-

76 1355 160 1401 tur,
180 1344 298 1390 unde
316 1347 408 1405 jam
430 1345 529 1389 satis
551 1346 596 1389 in
618 1345 701 1389 hoc
722 1360 852 1403 opere
871 1344 1008 1390 locuti
1032 1361 1197 1390 sumus.

129 1419 258 1461 XIII.
295 1416 338 1461 Si
366 1425 512 1461 autem
541 1424 584 1460 et
609 1415 694 1460 hoc
724 1415 935 1475 quaeritiS‚
957 1431 1035 1460 cur
1052 1431 1102 1460 ex
1120 1417 1323 1462 omnibus
1339 1418 1463 1475 cibis,

70 1504 93 1533 a
115 1487 275 1548 quibus
292 1489 338 1530 in
355 1486 510 1530 umbra
529 1485 781 1530 futurorum
798 1486 987 1546 populus
1010 1497 1074 1532 est
1095 1487 1168 1532 ille
1195 1488 1461 1547 prohibitus,

71 1573 148 1604 nos
160 1557 389 1602 morticino
404 1566 447 1601 et
460 1556 734 1601 immolatitio
753 1572 842 1601 non
864 1558 1077 1602 vescimur
1097 1577 1104 1603 :
1127 1568 1170 1602 et
1188 1559 1269 1604 hoc
1288 1560 1462 1616 audite,

69 1640 113 1676 et
134 1629 360 1676 calumniis
393 1629 594 1674 vanitatis
625 1643 776 1673 verum
815 1628 1052 1690 aliquando
1081 1631 1338 1690 praeponite.
1370 1634 1460 1677 Cur

68 1703 186 1747 enim
203 1717 292 1746 non
310 1699 510 1760 expediat
526 1699 799 1745 immolatitio
814 1701 929 1745 vesci
946 1701 1207 1757 Christiano,
1227 1703 1468 1762 Apostolus>

69 1773 173 1818 dicit
200 1792 208 1817 ;
238 1771 386 1818 «Nolo
420 1787 518 1827 vos,
559 1771 726 1831 inquit,
757 1772 894 1816 socios
924 1772 1017 1816 fieri
1048 1771 1418 1822 daemoniorum&
1442 1796 1464 1821 γ,

69 1846 221 1903 Neque
242 1842 359 1886 enim
380 1842 518 1902 ipsam
544 1841 890 1886 immolationem
908 1842 1207 1902 reprehendit,
1232 1859 1366 1904 quam
1396 1849 1464 1894 fa-

70 1913 242 1958 ciebant
262 1922 432 1973 patres‚
470 1913 801 1973 praefigurantes
832 1914 1087 1972 sanguinem
1121 1915 1340 1972 sacrificii,
1376 1935 1465 1979 quo

70 2000 148 2031 nos
169 1984 366 2030 Christus
383 1982 568 2028 redemit
587 2002 596 2027 :
625 2002 645 2025 «
668 1982 749 2028 Sed
773 2000 870 2044 quae
892 1984 1123 2030 immolant
1146 1987 1307 2032 Gentes
1324 2022 1336 2044 ‚
1369 1989 1462 2034 dae-

73 2075 93 2097 »
119 2055 288 2110 moniis,
312 2054 471 2115 inquit,
495 2053 740 2110 immolant,
763 2064 805 2099 et
828 2070 916 2100 nou
941 2059 1042 2101 Deo.
1069 2075 1088 2097 »
1120 2057 1283 2102 Deinde
1306 2059 1464 2120 adjecit

71 2147 92 2171 »
114 2127 237 2187 quod
259 2125 347 2170 dixi
368 2144 377 2171 :
400 2124 511 2170 Nolo
528 2140 603 2169 vos
624 2125 762 2170 socios
784 2125 876 2170 fieri
900 2126 1234 2173 daemoniorum.
1256 2145 1276 2169 n
1298 2130 1406 2175 Nam
1430 2132 1471 2176 si«

69 2201 225 2244 natura
251 2197 342 2257 ipsa
368 2197 655 2242 immolatitiae
687 2197 827 2242 carnis
856 2207 964 2242 esset
987 2198 1228 2256 immunda,
1250 2201 1403 2262 utique
1420 2212 1473 2247 et,-

69 2271 334 2316 nescientem
349 2270 676 2315 contaminaret.
698 2272 848 2330 Neque
862 2271 977 2314 enim
996 2287 1046 2316 eo
1061 2271 1204 2316 minus
1222 2272 1313 2333 ipsa
1331 2289 1422 2319 esse
1433 2288 1467 2331 t,

70 2357 160 2402 quo
182 2341 327 2385 minus
349 2341 404 2384 ab
426 2341 588 2385 sciente
610 2341 878 2400 acciperetur
900 2360 907 2386 :
934 2341 1011 2386 sed
1036 2351 1214 2401 propter
1244 2344 1477 2393 conscien-

73 2411 194 2466 tiam,
213 2425 268 2455 ne
284 2410 558 2456 daemonibus
578 2412 921 2456 communicasse
939 2411 1154 2457 videatur.
1177 2415 1474 2464 Morticiritirii

118 2519 129 2536 ¹
149 2513 253 2546 Levit.
274 2524 365 2553 xxiii,
388 2512 437 2547 15.
455 2529 495 2537 -—-
509 2519 521 2536 ²
540 2514 613 2548 Act,
643 2524 676 2555 ii,
706 2512 738 2555 4.
758 2529 797 2539 -=
815 2511 829 2538 3
851 2515 952 2548 Exod.
976 2526 1042 2558 xxi,
1067 2520 1118 2550 18.
1134 2535 1174 2542 ω·
1190 2518 1206 2549 4
1235 2522 1313 2554 Luc.
1332 2529 1381 2559 xii,
1420 2537 1480 2560 20,

75 2565 145 2593 —5
174 2580 186 2602 1
214 2570 283 2604 Cor.
308 2581 342 2612 x,
365 2578 418 2604 20-
1380 2559 1384 2565 ι
