1803 3250
440 172 603 203 CONTRA
635 174 851 210 FAUSTUM,
886 173 968 199 ωε.
1006 172 1163 199 xxvur.
1414 157 1494 197 143

108 242 185 302 qui
209 243 374 300 genuit,
409 240 518 286 alius
554 241 631 301 qui
665 238 904 298 adoptavit,
940 253 1020 283 nec
1053 238 1113 283 sic
1133 236 1261 283 facile
1287 235 1498 281 debuistis

108 313 310 358 adversus
332 321 500 358 tantam
523 311 823 357 auctoritatem
843 324 1166 369 praeproperam
1188 307 1382 368 proferre
1405 322 1500 353 sen-

109 384 317 429 tentiam:
342 399 460 430 nunc
486 397 590 428 vero
623 382 658 426 si
687 380 757 426 vel
789 379 1001 425 admoniti
1028 380 1226 439 cogitatis
1252 394 1385 440 quam
1414 379 1500 424 hoc

107 454 202 500 fieri
223 455 429 515 potuerit,
453 452 691 513 Evangelio
712 451 965 512 simpliciter
983 451 1163 507 credite,
1190 460 1235 496 et
1255 467 1330 498 vos
1359 451 1503 512 potius

110 533 200 570 tam
216 525 330 571 male
345 540 394 570 ac
411 539 610 585 perverse
626 523 921 583 argumentari
938 521 1144 567 desistite.

169 598 246 642 IV.
281 595 413 652 Quod
428 604 576 641 autem
591 603 720 655 putat
736 592 1028 656 quaerendum
1047 608 1138 639 esse
1157 594 1367 649 Faustus,
1397 592 1505 653 quid

109 667 166 713 de
195 683 240 714 se
269 670 394 715 Jesus
413 667 506 729 ipse
527 666 855 728 praedicaverit:
880 666 952 711 cui
975 680 1067 711 non
1085 664 1254 724 justum
1275 664 1506 710 videatur?

111 739 198 785 Sed
215 739 434 800 numquid
454 740 540 786 hoc
560 738 659 785 sciri
680 747 839 799 potest,
862 737 946 783 nisi
959 734 1191 796 Discipulis
1210 736 1304 796 ejus
1323 751 1506 781 narran-

112 810 256 858 tibus?
285 811 456 866 Quibus
486 812 522 857 si
553 827 644 857 non
675 810 867 857 creditur
901 808 1267 855 annuntiantibus
1297 806 1420 868 quod
1454 806 1509 852 de

111 882 277 942 virgine
293 892 421 929 natus
438 883 509 940 sit,
529 883 753 945 quomodo
774 883 834 928 eis
848 882 957 928 fides
981 881 1219 927 habebitur
1244 878 1511 925 annuntian-

110 952 228 998 tibus
243 953 354 1013 quid
370 953 427 999 de
438 969 484 1000 se
500 954 592 1014 ipse
610 953 940 1015 praedicaverit?
957 952 1002 999 Si
1019 952 1138 997 enim
1152 950 1334 1011 prolatae
1349 948 1512 995 fuerint

112 1023 283 1085 aliquae
306 1025 481 1081 litterae,
518 1041 619 1087 quae
647 1024 772 1070 nullo
807 1024 893 1070 alio
923 1032 1127 1069 narrante
1163 1021 1297 1082 ipsius
1336 1021 1511 1081 proprie

112 1094 275 1141 Christi
296 1109 387 1140 esse
407 1095 638 1153 dicantur3
662 1097 782 1140 unde
803 1094 896 1138 fieri
917 1102 1104 1154 poterat,
1129 1101 1181 1137 ut
1200 1093 1236 1137 si
1256 1107 1357 1138 vere
1379 1092 1513 1151 ipsius

112 1174 271 1222 essent,
301 1180 394 1211 non
419 1165 688 1224 legerentur,
718 1180 810 1211 non
831 1164 1149 1225 acciperentur,
1179 1179 1270 1209 non
1292 1164 1514 1223 praecipuo

114 1235 309 1281 culmine
339 1236 609 1282 auctoritatis
638 1236 881 1281 eminerent
912 1237 958 1281 in
989 1236 1083 1297 ejus
1105 1234 1315 1291 Ecclesia,
1340 1250 1440 1295 quae
1459 1234 1514 1278 ab

113 1307 208 1366 ipso
229 1321 307 1366 per
327 1307 561 1368 Apostolos
576 1306 915 1353 succedentibus
934 1306 1109 1352 sibimet
1124 1306 1354 1366 episcopis,
1374 1320 1514 1365 usque

116 1377 173 1422 ad
197 1378 292 1423 haec
320 1387 520 1438 tempora
544 1386 784 1438 propagata
818 1377 1054 1435 dilatatur,
1087 1376 1238 1422 multis
1269 1377 1316 1421 in
1350 1391 1399 1421 ea
1424 1376 1515 1435 jam

115 1447 360 1508 completis,
377 1464 479 1508 quae
495 1457 598 1493 ante
617 1448 827 1508 praedicta
843 1458 962 1504 sunt,
983 1457 1026 1493 et
1041 1463 1182 1508 usque
1198 1448 1245 1492 in
1261 1448 1394 1492 finem
1415 1462 1517 1507 quac

115 1527 296 1574 restant,
334 1518 428 1564 sine
460 1518 600 1564 dubio
630 1517 791 1564 futuris
823 1528 958 1580 atque
986 1519 1210 1564 venturis?
1231 1518 1345 1572 Quia
1366 1527 1410 1562 et
1429 1516 1517 1562 illae

114 1587 273 1634 litterae
283 1589 319 1634 si
330 1588 649 1649 proferrentur,
661 1590 816 1650 utique
830 1588 1200 1635 considerandum
1215 1598 1306 1634 erat
1318 1606 1342 1635 a
1354 1589 1517 1650 quibus

117 1659 433 1718 proferrentur.
460 1661 505 1707 Si
525 1661 582 1706 ab
598 1661 709 1720 ipso,
728 1659 814 1706 illis
829 1661 1030 1721 primitus
1052 1663 1146 1706 sine
1167 1659 1305 1706 dubio
1328 1659 1518 1721 proferri

119 1740 376 1790 potuerunt,
396 1733 475 1793 qui
491 1741 598 1777 tunc
619 1731 763 1777 eidem
785 1732 1084 1788 cohaerebant,
1106 1740 1151 1777 et
1172 1746 1249 1791 per
1266 1730 1364 1776 illos
1386 1732 1516 1776 etiam

120 1800 176 1846 ad
201 1803 306 1848 alios
326 1804 568 1863 pervenire.
592 1804 724 1857 Quod
751 1803 787 1848 si
816 1802 984 1848 factum
1010 1811 1136 1858 esset,
1174 1817 1252 1862 per
1283 1801 1379 1847 illas
1411 1817 1520 1863 quas

118 1874 459 1920 commemoravi
486 1874 822 1934 praepositorum
854 1882 899 1918 et
925 1873 1194 1933 populorum
1227 1873 1519 1919 successiones

118 1943 499 1991 confirmatissima
536 1944 795 1990 auctoritate
832 1942 1135 1990 clarescerent.
1172 1944 1279 1998 Quis
1311 1953 1375 1989 est
1417 1959 1522 2003 ergo

118 2021 211 2059 tam
223 2014 420 2071 demens,
438 2014 516 2076 qui
531 2013 664 2060 hodie
680 2013 832 2060 credat
853 2030 944 2060 esse
962 2014 1194 2076 epistolam
1207 2014 1370 2062 Christi
1387 2030 1521 2075 quam

118 2085 352 2143 protulerit
382 2086 668 2142 Manichaeus,
704 2095 751 2131 et
779 2101 869 2133 non
889 2085 1041 2132 credat
1060 2084 1179 2132 facta
1199 2085 1270 2132 vel
1292 2086 1411 2132 dicta
1432 2101 1522 2131 esse

119 2155 282 2202 Christi
314 2172 416 2218 quae
445 2157 616 2218 scripsit
643 2158 904 2204 Matthaeus?
928 2167 1005 2204 aut
1023 2159 1058 2203 si
1079 2159 1210 2203 etiam
1231 2156 1287 2202 de
1309 2158 1522 2204 Matthaeo

122 2234 272 2271 utrum
287 2227 379 2287 ipse
395 2228 477 2273 ista
492 2228 711 2288 scripserit
726 2227 916 2284 dubitat,
935 2228 989 2274 de
1004 2229 1100 2290 ipso
1115 2244 1294 2290 quoque
1309 2230 1522 2275 Matthaeo

125 2311 217 2341 non
246 2297 392 2357 potius
420 2298 467 2343 id
494 2299 661 2355 credat,
687 2298 809 2360 quod
831 2299 998 2345 invenit
1019 2300 1066 2344 in
1087 2299 1296 2355 Ecclesia,
1333 2317 1432 2361 quae
1468 2300 1523 2345 ab

122 2367 254 2427 ipsius
287 2369 486 2414 Matthaei
521 2370 795 2430 temporibus
826 2386 965 2431 usque
999 2371 1054 2415 ad
1088 2372 1172 2416 hoc
1201 2380 1371 2431 tempus
1405 2381 1523 2417 certa

127 2439 450 2484 successionum
484 2440 593 2485 serie
624 2439 896 2499 declaratur,
928 2450 972 2486 et
1002 2441 1152 2488 credat
1184 2443 1331 2488 nescio
1368 2443 1439 2488 cui
1474 2458 1523 2487 ex

128 2517 372 2555 transverso
396 2508 451 2555 de
483 2510 657 2556 Perside
685 2519 784 2572 post
818 2511 1032 2558 ducentos
1062 2511 1131 2558 vel
1168 2512 1354 2574 amplius
1387 2528 1524 2560 annos
