1803 3250
329 206 413 245 330
474 211 508 242 S.
534 210 766 242 Anausnm
786 211 951 242 CONTRA
972 214 1251 243 szcunmnma
1273 213 1559 247 MAMCHAEUM.

327 283 382 327 ad
402 278 803 325 incommutabilem
822 281 976 334 Deum,
992 280 1235 325 mutatione
1254 281 1464 326 laudabili
1481 284 1555 327 sies
1570 285 1615 328 in
1632 285 1709 341 eis,

326 352 381 396 de
409 351 569 410 quibus
597 349 700 394 dicit
730 350 963 409 Apostolus
987 371 995 397 ;
1024 371 1043 394 «
1063 352 1222 397 Fuistis
1245 352 1482 413 aliquando
1505 355 1711 411 tenebrae,

330 440 349 464 »
375 437 493 465 nunc
506 430 650 465 autem
669 420 745 464 lux
766 421 811 466 in
832 423 1016 467 Domino
1033 425 1092 466 ¹.»
1110 423 1239 476 Quod
1256 440 1335 468 nec
1355 424 1428 468 Dei
1446 434 1612 469 uaturae
1630 425 1715 470 dici

326 502 494 552 posset,
521 492 622 552 quia
640 507 867 551 nunquam
892 493 977 537 fuit
1001 493 1112 538 mala
1131 504 1173 538 et
1194 493 1325 552 digna
1346 494 1428 539 isto
1450 497 1626 539 nomine
1649 504 1715 539 te-

326 565 589 622 nebrarum3
629 580 710 609 nec
747 574 915 609 naturae
951 565 1081 623 mali3
1117 582 1218 626 quae
1253 567 1286 610 si
1319 575 1430 611 essct
1447 602 1457 622 ,
1489 582 1716 626 nunquam

325 645 469 697 posset
498 636 680 691 mutari,
714 651 794 681 nec
823 636 897 681 lux
920 637 1012 680 fieri
1045 655 1055 681 ε
1088 637 1165 681 sed
1186 647 1302 682 recte
1328 654 1377 682 ac
1399 639 1608 682 veraciter
1636 639 1718 683 hoc

325 706 493 752 dictum
515 716 579 752 est
606 707 644 751 ei
668 717 862 760 naturae,
890 723 990 766 quae
1013 708 1385 752 incommutabilis
1416 724 1505 753 non
1528 718 1612 763 est,
1643 709 1720 753 sed

324 778 495 823 deserto
518 778 865 823 incommutabili
887 777 1071 832 lumine,
1088 793 1110 822 a
1124 794 1214 838 quo
1228 777 1341 823 facta
1361 789 1439 834 est,
1458 780 1720 824 obtenebra-

327 851 461 895 turin
483 865 550 907 se3
575 848 627 893 ad
648 848 756 892 illud
775 858 919 893 autem
940 865 1148 894 conversa
1170 851 1219 894 fit
1242 850 1339 906 lux,
1364 867 1453 895 non
1477 852 1522 894 in
1551 867 1620 905 se,
1646 851 1721 896 sed

325 922 371 966 in
395 920 595 965 Domino.
623 923 720 964 Non
741 921 858 964 enim
881 937 903 965 a
927 936 972 965 se
994 922 1101 981 ipsa,
1127 923 1335 981 quoniam
1361 938 1451 966 non
1479 932 1543 966 est
1571 922 1723 967 lumen

327 1007 494 1047 verum,
514 990 589 1036 sed
611 990 855 1036 illuminata
876 991 1017 1047 lucet,
1044 993 1100 1036 ab
1128 991 1226 1048 illo,
1253 993 1308 1036 de
1331 1009 1420 1054 quo
1439 992 1606 1037 dictum
1627 1002 1719 1037 est:

333 1083 354 1106 «
381 1066 488 1108 Erat
509 1063 661 1108 lumen
685 1079 836 1108 verum
857 1098 869 1119 ,
899 1063 1022 1124 quod
1058 1063 1278 1108 illuminat
1304 1079 1478 1108 ornnem
1500 1064 1723 1108 hominem

330 1154 350 1177 »
373 1135 623 1179 venientem
638 1135 682 1179 in
696 1135 815 1179 hunc
830 1134 1047 1179 mundum
1061 1138 1122 1178 2.»
1144 1137 1237 1179 Hoc
1251 1135 1395 1190 crede,
1414 1135 1497 1179 hoc
1509 1133 1721 1193 intellige,

327 1207 412 1250 hoc
435 1216 555 1261 tene,
576 1206 609 1249 si
629 1206 693 1251 vis
713 1222 803 1251 esse
827 1206 970 1252 bonus
990 1206 1322 1266 participatione
1351 1204 1725 1250 incommutabilis

331 1278 437 1322 boni
454 1312 466 1333 ‚
492 1277 613 1338 quod
636 1293 725 1322 non
746 1287 868 1337 potes
890 1293 980 1322 esse
1001 1293 1078 1337 per
1100 1287 1143 1322 te
1165 1296 1174 1322 2
1200 1276 1324 1338 quod
1345 1292 1426 1321 nec
1448 1276 1663 1331 amittere,
1690 1277 1724 1320 si

330 1347 755 1394 incommutabiliter
776 1350 860 1394 hoc
872 1364 983 1394 esses
1001 1370 1013 1407 ς
1032 1364 1114 1394 nec
1131 1349 1322 1409 recipere
1338 1362 1499 1407 posses,
1519 1347 1554 1392 si
1563 1347 1724 1392 incom-

330 1421 605 1466 mutabiliter
621 1422 706 1467 hoc
723 1437 813 1466 non
830 1436 955 1466 esses.

375 1512 387 1530 ¹
408 1506 524 1550 Eplies.
542 1520 577 1549 V,
596 1511 630 1542 8.
647 1526 687 1533 --
707 1514 721 1531 ²
737 1510 831 1541 Joan.
850 1519 874 1550 i,
900 1509 934 1540 9.
