1803 3250
324 207 373 248 14
747 219 778 245 s.
817 219 1045 245 mucosum
1080 218 1259 246 ΕΡιεοοΡι

317 285 448 329 dibus
476 284 624 344 projici
660 283 704 326 in
736 282 936 326 tenebras
959 282 1224 340 exteriore83
1260 282 1328 327 vel
1356 283 1473 328 nolle
1499 299 1628 344 super
1662 300 1706 329 se

315 356 538 401 Christum
574 368 753 413 regnare
772 388 783 408 ‚
817 362 994 413 propter
1026 352 1146 413 quod
1185 362 1409 413 peccatum
1432 355 1491 399 ait
1518 374 1527 400 :
1556 375 1577 398 «
1603 355 1706 400 Illos

316 444 337 467 »
361 435 506 470 autem
523 424 599 485 qui
619 424 857 469 noluerunt
875 440 944 468 me
970 439 1152 484 regnare
1175 425 1284 480 sibi,
1311 425 1516 470 adducite
1533 461 1544 481 ‚
1570 435 1614 471 et
1634 428 1705 471 in—

314 513 335 536 »
362 495 544 540 terficite
560 510 707 540 coram
733 510 800 540 me
816 497 830 522 ¹
854 514 863 541 :
893 514 913 537 »
940 495 1052 540 sicut
1074 496 1153 540 iste
1175 497 1390 541 accusavit
1413 500 1545 541 Deum
1564 497 1610 541 in
1625 499 1709 542 Ve-

314 574 402 610 tere
425 568 699 611 Testamento
715 602 726 622 ‚
752 567 828 627 qui
857 566 894 611 ei
919 567 1034 612 visus
1061 575 1125 611 est
1150 575 1327 627 propter
1356 566 1466 612 levia
1493 567 1562 612 vel
1586 566 1708 612 nulla

309 638 533 682 commissa
547 673 559 692 ‚
581 637 809 682 hominum
830 636 965 683 millia
983 637 1217 682 trucidare.
1239 640 1441 683 Jamvero
1455 638 1566 683 illud
1584 638 1706 699 quod

309 709 589 768 reprehendit
615 713 825 765 Faustus,
857 710 1099 754 minantem
1124 713 1263 754 Deum
1285 719 1521 754 venturum
1545 725 1589 754 se
1616 716 1713 754 esse'

308 794 408 824 cum
431 779 575 838 gladio
590 815 601 835 ,
627 795 717 841 quo
734 795 824 825 non
846 791 1070 840 parceret,
1098 795 1179 826 nec
1191 782 1310 842 justo
1325 816 1337 837 ‚
1364 796 1444 826 nec
1462 781 1702 841 peccatori:

307 851 532 911 quomodo
553 866 744 911 paganus
768 852 839 896 ille
865 852 1203 912 reprehenderet
1218 887 1229 909 ‚
1255 852 1437 900 audiens
1459 851 1707 913 apostolum

308 923 493 967 Paulum
515 923 660 968 dicere
677 923 733 968 de
757 928 845 969 Deo
871 933 1021 969 nostro
1041 944 1050 970 ε
1088 943 1106 965 «
1128 925 1238 978 Quia
1276 925 1389 971 Filio
1418 926 1595 985 proprio
1616 939 1707 969 non

309 1009 339 1034 »>
355 994 549 1052 pepercit
565 1028 576 1048 ‚
602 993 678 1038 sed
710 1009 792 1054 pro
820 995 946 1039 nobis
969 995 1174 1039 omnibus
1197 995 1377 1039 tradidit
1398 998 1542 1040 eum2.
1568 1015 1586 1036 »
1611 997 1706 1040 Au·-

304 1060 426 1108 diens
448 1073 492 1108 et
509 1067 684 1108 Petrum
696 1079 798 1109 cum
815 1065 870 1109 de
886 1066 1052 1124 magnis
1074 1065 1430 1110 tribulationibus
1447 1073 1703 1110 sanctorum
1772 1109 1774 1112 .

305 1142 350 1179 et
370 1134 752 1180 interfectionibus
772 1136 1054 1197 loqueretur,
1081 1135 1136 1181 ad
1168 1136 1443 1182 tolerandum
1469 1137 1706 1182 exhortan-

304 1214 393 1250 tem
425 1215 468 1250 et
499 1206 755 1253 dicentem:
796 1210 1026 1267 «Tempus
1058 1217 1123 1253 est
1153 1217 1202 1252 ut
1228 1208 1446 1269 judicium
1474 1207 1654 1268 incipiat
1682 1197 1739 1272 a}

308 1297 326 1318 »
352 1276 485 1322 domo
508 1279 715 1324 Domini:
740 1288 784 1323 et
814 1279 849 1323 si
876 1279 1052 1324 initium
1085 1295 1109 1323 a
1137 1280 1287 1335 nobis,
1322 1280 1463 1340 qualis
1493 1280 1592 1324 finis
1624 1274 1732 1324 erit‘.
1714 1303 1740 1360 j

304 1364 326 1389 »
350 1347 434 1403 eis,
459 1349 535 1407 qui
568 1364 658 1394 non
692 1349 880 1394 credunt
913 1350 1086 1395 Domini
1119 1350 1393 1409 Evangelio?
1424 1353 1481 1395 Et
1511 1344 1739 1410 sijustus

301 1434 323 1459 »
348 1418 530 1478 quidem
564 1419 636 1464 vix
664 1418 808 1465 salvus
832 1420 939 1475 erit,
976 1429 1182 1480 peccator
1216 1430 1260 1465 et
1288 1420 1449 1480 impius
1474 1421 1552 1465 ubi
1575 1435 1703 1480 pare-

301 1506 322 1530 »
351 1490 542 1534 bunt³P»
569 1489 687 1544 Quid
699 1492 816 1535 enim
833 1492 993 1552 justius
1018 1491 1173 1546 Unico,
1199 1491 1271 1536 cui
1290 1500 1438 1535 tamen
1464 1494 1591 1537 Pater
1613 1507 1704 1537 non

299 1561 530 1618 pepercit?
567 1564 623 1606 Et
650 1561 760 1622 quid
796 1561 1067 1617 evidentius,
1106 1562 1229 1622 quod
1262 1576 1342 1606 nec
1360 1562 1488 1622 justis
1523 1572 1700 1622 parcat,

298 1631 535 1677 emendans
572 1647 645 1678 eos
686 1633 895 1678 varietate
922 1633 1287 1688 tribulationum,
1323 1648 1424 1678 cum
1454 1632 1509 1678 de
1541 1634 1622 1679 hac
1657 1650 1703 1679 re

298 1711 446 1762 aperte
467 1704 522 1748 sit
543 1703 711 1748 dictum
736 1723 746 1749 ;
775 1706 866 1749 «Et
883 1704 917 1749 si
939 1705 1078 1765 justus
1097 1705 1166 1749 vix
1181 1704 1326 1749 salvus
1349 1705 1455 1749 erit?
1471 1723 1491 1747 »
1518 1719 1608 1750 non
1630 1721 1702 1751 so-

296 1773 389 1818 lum
418 1774 609 1819 enimin
645 1777 802 1819 Vetere
836 1778 1117 1821 Testamento
1152 1776 1363 1835 scriptum
1399 1784 1489 1820 est:
1521 1779 1702 1829 «Quem

299 1862 319 1886 »
345 1845 461 1889 enim
482 1844 625 1904 diligit
649 1849 761 1889 Deus
779 1881 790 1901 ‚
816 1846 1025 1906 corripit3
1053 1846 1249 1906 flagellat
1272 1856 1420 1891 autem
1441 1862 1616 1891 omnem
1646 1849 1701 1891 fi-

299 1932 321 1957 »
345 1914 466 1959 lium>
490 1931 624 1975 quem
652 1916 834 1975 recipit4
861 1935 869 1961 ε
897 1935 917 1958 »
953 1926 996 1961 et
1017 1952 1028 1972 ,
1069 1936 1089 1959 «
1112 1919 1155 1963 Si
1190 1918 1305 1962 bona
1340 1919 1613 1978 percepimus
1647 1919 1704 1963 de

300 2004 320 2028 »
346 2001 480 2031 manu
504 1987 697 2043 Domini,
725 1987 836 2032 mala
859 2002 949 2032 non
972 1989 1267 2034 sustineamus
1284 1992 1330 2032 ⁵?
1350 2010 1368 2032 »
1404 1989 1480 2034 sed
1503 1991 1634 2034 etiam
1656 1992 1702 2034 in

296 2059 419 2104 Novo
443 2076 454 2103 ι
482 2060 616 2117 «Ego
637 2073 770 2119 quem
798 2073 922 2114 amo,
949 2075 1086 2119 arguo
1114 2070 1159 2105 et
1191 2061 1384 2120 castig0⁶
1413 2079 1461 2105 2»
1489 2070 1533 2105 et
1554 2060 1666 2105 illud
1688 2096 1699 2116 ‚

299 2147 321 2171 «
347 2129 390 2174 Si
410 2129 527 2173 enim
555 2144 634 2174 nos
656 2130 770 2189 ipsos
793 2129 1135 2190 dijudicaremus
1153 2166 1165 2186 ‚
1200 2147 1224 2176 a
1257 2132 1446 2176 Domino
1469 2147 1558 2176 non
1576 2132 1700 2192 judi-

300 2217 320 2241 »
346 2214 494 2244 remur
516 2218 526 2245 :
550 2215 651 2244 cum
675 2200 927 2260 judicamur
960 2210 1124 2256 autem,
1148 2218 1172 2246 a
1198 2202 1387 2246 Domino
1411 2202 1697 2262 corripimur,

299 2289 319 2313 »
346 2286 400 2316 ne
417 2286 518 2316 cum
540 2270 707 2316 mundo
724 2271 1032 2316 damnemur⁷.
1054 2291 1072 2313 «
1102 2272 1187 2318 Sed
1213 2281 1358 2317 tamen
1380 2273 1414 2317 si
1438 2277 1636 2332 Paganus
1655 2275 1701 2318 in

299 2344 424 2388 Novo
448 2345 723 2388 Testamento
751 2343 852 2388 talia
884 2344 1222 2403 reprehenderet
1241 2379 1252 2399 ,
1279 2345 1425 2404 qualia
1452 2346 1520 2390 isti
1555 2360 1701 2405 repre-

300 2414 503 2459 hendunt
521 2416 567 2460 in
586 2417 742 2460 Vetere
758 2450 770 2472 ‚
797 2430 945 2460 nonne
963 2425 1008 2460 et
1029 2416 1109 2475 ipsi
1131 2432 1180 2460 ea
1198 2415 1482 2461 defendenda
1509 2418 1700 2477 suscipe-

349 2520 360 2537 '
380 2519 454 2551 Luc.
482 2529 549 2560 xix,
568 2527 677 2559 27.—
694 2525 706 2541 ²
723 2522 812 2552 Rom.
843 2529 910 2559 vni,
933 2519 985 2552 32.
1003 2518 1074 2542 —3
1097 2531 1108 2551 1
1129 2523 1215 2552 Petr.
1240 2529 1285 2559 iv,
1311 2531 1359 2561 ις,
1379 2521 1429 2553 ι8.
1444 2537 1485 2543 --
1499 2519 1515 2545 4
1535 2523 1629 2554 Prov.
1654 2532 1699 2560 ιιι,

306 2586 360 2610 21.
377 2571 442 2599 ..5
462 2574 537 2616 Job,
551 2585 588 2617 n,
610 2585 660 2608 ιο.
677 2573 749 2600 ..6
767 2578 875 2619 Apoc.
894 2586 942 2616 ιιι,
968 2585 1021 2618 ¹9·
1039 2591 1079 2600 —
1095 2582 1109 2608 7
1131 2587 1142 2607 ι
1165 2578 1237 2608 Cor.
1258 2586 1303 2615 xi,
1329 2576 1383 2607 31.
