1803 3250
297 147 351 185 78
734 158 766 182 s.
805 155 1033 183 Aucus‘ruu
1067 157 1245 184 izmscom

295 221 484 266 victuri?
510 222 601 264 Hoc
621 220 936 278 reprehendere
953 221 1207 266 timidorum
1229 230 1308 276 est,
1329 235 1418 265 non
1439 220 1682 278 reliogioso-

295 308 406 336 rum.
433 290 627 336 Nocendi
650 290 885 350 cupiditas,
911 292 1146 338 ulciscendi
1163 291 1421 345 crudelitas,
1446 293 1684 350 impacatus

293 372 424 421 atque
446 360 730 420 implacabilis
754 363 922 408 animus
937 400 948 419 ,
980 363 1124 408 feritas
1149 363 1413 417 rebellandi,
1447 362 1587 406 libido
1608 362 1685 407 do-

294 431 511 487 minandi,
535 441 578 476 et
603 432 637 477 si
661 449 746 492 qua
769 434 924 478 similia
944 470 955 490 ,
981 435 1073 479 haec
1108 444 1210 479 sunt
1241 450 1339 495 quae
1372 434 1416 477 in
1440 432 1565 477 bellis
1587 435 1685 494 jure

294 502 554 563 culpantur3
578 520 677 564 quae
703 505 962 566 plerumque
981 517 1030 551 ut
1048 507 1177 550 etiam
1194 508 1291 566 jure
1322 505 1583 565 puniantur,
1616 504 1688 548 ad·

295 590 440 619 versus
460 574 710 619 violentiam
735 577 1042 631 resistentium,
1062 577 1150 620 sive
1176 580 1280 631 Deo,
1301 577 1390 620 sivc
1416 574 1563 635 aliquo
1581 574 1685 632 legi—

295 645 402 690 timo
427 646 610 705 imperio
633 647 840 707 jubente,
873 647 1060 706 gerenda
1085 648 1174 706 ipsa
1201 646 1315 690 bella
1345 646 1642 704 suscipiuntur
1663 660 1687 689 a

299 717 443 772 bonis,
468 732 570 761 cum
590 716 635 761 in
661 733 712 762 eo
738 734 879 762 rerum
902 719 1194 762 humanarum
1209 717 1362 761 ordine
1380 717 1683 770 inveniuntur,

297 787 374 831 ubi
395 803 468 832 eos
490 788 557 831 vel
571 788 727 847 jubere
745 788 829 832 tale
843 787 1011 848 aliquid
1024 823 1034 843 ,
1060 787 1126 831 vel
1142 788 1187 831 in
1206 787 1365 832 talibus
1383 786 1689 847 obedirejuste

296 859 404 904 ordo
435 859 526 919 ipse
559 861 827 919 constringit.
865 859 1073 919 Alioquin
1106 862 1295 904 Joannes
1318 894 1330 914 ,
1369 875 1470 903 cum
1500 859 1556 903 ad
1587 873 1690 902 eum

298 930 545 989 baptizandi
578 929 732 973 milites
760 929 980 984 venirent,
1016 930 1209 974 dicentes
1237 949 1246 973 :
1276 932 1368 972 «Et
1390 944 1468 972 nos
1495 928 1603 989 quid
1631 928 1692 973 fa-

299 1019 318 1041 »
344 1001 601 1044 ciemus¹P»
640 999 923 1059 responderet
956 1001 1017 1044 eis
1051 1020 1060 1045 ;
1099 1004 1230 1044 Arma
1261 999 1457 1060 abjicite,
1493 999 1691 1043 militiam

296 1070 418 1115 istam
433 1069 633 1125 deserite,
651 1071 871 1114 neminem
888 1072 1120 1130 percutite,
1141 1070 1388 1124 vulnerate,
1414 1071 1688 1131 prosternite.

297 1141 383 1187 Sed
393 1142 495 1202 quia
507 1141 671 1185 sciebat
684 1156 772 1191 eos,
788 1157 889 1186 cum
905 1144 996 1187 haec
1014 1142 1243 1187 militando
1257 1143 1471 1197 facerent,
1493 1159 1583 1187 non
1604 1156 1694 1186 esse

299 1212 565 1267 homicidas,
602 1212 677 1257 sed
708 1214 923 1258 ministros
958 1214 1066 1273 legis
1086 1250 1097 1269 ,
1132 1224 1174 1258 et
1197 1230 1286 1259 non
1317 1212 1479 1258 ultores
1510 1214 1695 1274 injuria-

299 1300 394 1329 rum
407 1299 601 1340 suarum,
617 1283 693 1328 sed
706 1284 855 1329 salutis
872 1284 1058 1344 publicae
1077 1285 1343 1341 defensores,
1362 1286 1586 1345 respondit
1604 1286 1664 1329 eis
1681 1304 1690 1330 :

303 1375 322 1398 »
348 1356 575 1401 Neminem
597 1356 914 1411 concusseritis,
932 1356 1042 1400 nulli
1063 1357 1328 1401 calumniam
1349 1356 1557 1411 feceritis,
1578 1356 1696 1400 suffi-

303 1446 324 1469 »
348 1427 435 1472 ciat
461 1427 584 1471 vobis
614 1427 883 1486 stipendium
913 1433 1144 1473 vestrum2.
1167 1448 1187 1470 »
1215 1429 1300 1474 Sed
1333 1430 1435 1490 quia
1465 1428 1698 1474 Manichaei

300 1501 515 1543 ,loannem
542 1507 690 1558 aperte
724 1498 1026 1557 blasphemare
1056 1509 1410 1554 consueverunt,
1440 1501 1582 1559 ipsum
1617 1502 1698 1543 Do-

303 1569 471 1613 minum
493 1570 641 1613 Jesum
658 1569 882 1614 Christum
898 1569 1079 1614 audiant
1090 1571 1174 1614 hoc
1189 1565 1698 1630 stipendiumjubentern

303 1639 427 1684 reddi
448 1639 628 1694 Caesari,
654 1638 776 1699 quod
796 1642 988 1684 Joannes
1011 1641 1118 1684 dicit
1144 1640 1305 1684 debere
1331 1641 1532 1685 sufficere
1551 1640 1693 1684 militi.

307 1730 328 1754 «
348 1709 559 1766 Reddite,
583 1711 753 1770 inquit,
778 1711 937 1756 Caesari
959 1726 1060 1771 quae
1082 1711 1260 1756 Caesaris
1283 1721 1401 1766 sunt,
1426 1721 1470 1755 et
1489 1715 1576 1756 Deo
1597 1726 1698 1772 quoe

307 1799 328 1823 »
350 1781 428 1826 Dei
445 1790 548 1825 sunt
560 1781 622 1824 ³.»
648 1783 705 1824 Et
718 1779 775 1824 ad
791 1781 875 1825 hoc
887 1781 1004 1824 enim
1022 1781 1184 1825 tributa
1203 1791 1483 1841 praestant-ur,
1503 1791 1554 1826 ut
1569 1796 1698 1841 prop-

305 1861 370 1897 ter
393 1850 508 1896 bella
529 1852 766 1896 necessario
798 1850 924 1895 militi
956 1851 1222 1911 stipendium
1244 1853 1506 1912 praebeatur.
1542 1852 1701 1897 Merito

306 1932 350 1968 et
370 1923 486 1968 illius
501 1923 778 1968 Centurionis
792 1923 1000 1968 dicentis:
1022 1942 1043 1965 «
1062 1926 1117 1968 Et
1139 1940 1220 1983 ego
1238 1925 1370 1969 homo
1391 1940 1486 1969 sum
1510 1925 1593 1968 sub
1615 1939 1698 1983 po-

310 2013 330 2036 »
357 2004 510 2040 testate
527 1996 805 2050 constitutus,
824 1995 989 2039 habens
1004 1995 1085 2040 sub
1100 2011 1169 2040 me
1192 1995 1373 2054 milites3
1391 2006 1433 2040 et
1451 1995 1548 2040 dico
1564 1996 1665 2041 huic
1687 2016 1696 2041 ;

310 2084 331 2107 »
358 2065 501 2121 Vade,
526 2075 570 2110 et
587 2064 728 2124 vadit3
752 2074 796 2110 et
816 2065 888 2110 alii
910 2085 920 2111 :
945 2066 1082 2121 Veni,
1110 2075 1152 2110 et
1174 2067 1323 2125 venit,
1353 2076 1397 2111 et
1423 2082 1547 2111 servo
1570 2081 1668 2111 meo
1688 2086 1698 2111 ;

311 2154 333 2179 »
358 2139 446 2182 Fac
470 2137 575 2191 hoc,
600 2146 644 2182 et
662 2137 815 2195 facit⁴·
838 2156 858 2178 »
883 2136 1016 2181 fidem
1046 2137 1264 2194 laudavit,
1288 2154 1377 2182 non
1400 2137 1515 2183 illius
1538 2136 1703 2182 militiae

309 2208 600 2253 desertionem
626 2208 870 2269 imperavit.
897 2208 983 2253 Sed
1007 2209 1061 2253 de
1084 2209 1212 2269 justis
1238 2209 1418 2269 quidem
1445 2209 1704 2270 injustisque

309 2279 434 2324 bellis
453 2296 572 2325 nunc
592 2280 814 2340 disputare
833 2280 1017 2340 longum
1039 2289 1118 2335 est,
1140 2290 1183 2325 et
1201 2297 1287 2325 non
1308 2281 1612 2325 necessaiium.

370 2352 547 2396 LXXV.
575 2354 759 2396 Interest
774 2351 890 2396 enim
907 2351 1070 2413 quibus
1086 2352 1222 2396 causis
1240 2351 1490 2411 quibusque
1511 2351 1702 2395 auctori-

312 2423 395 2469 bus
414 2423 613 2469 hom‘mes
645 2423 833 2483 gerenda
864 2422 979 2468 bella
1012 2423 1251 2481 suscipiant
1285 2441 1294 2467 z
1328 2422 1436 2467 ordo
1458 2431 1606 2467 tamen
1626 2421 1700 2467 ille

360 2515 369 2532 ¹
397 2509 474 2543 Luc.
487 2519 538 2551 ιιι,
556 2507 609 2551 ι4.
622 2524 663 2532 -
676 2514 689 2532 ²
706 2506 855 2543 lbid.—³
868 2507 991 2542 Matth.
1010 2518 1078 2546 xxi,
1097 2505 1294 2542 22.—41d.
1310 2517 1384 2550 vin,
1400 2518 1435 2550 9,
1453 2513 1487 2542 et
1499 2510 1578 2543 Luc.
1599 2517 1654 2550 vu,
1669 2507 1701 2541 8.
