1803 3250
415 268 576 297 CONTRA
610 270 841 296 sEnMONEM
879 269 1145 297 «unisonum
1389 258 1471 295 489

93 336 276 379 formam
304 336 439 389 servi,
466 351 552 394 qua
574 337 710 394 major
732 343 794 378 est
818 337 970 391 Patet-3
1008 351 1095 379 non
1118 336 1356 379 secundum
1380 334 1470 379 for-

92 420 205 448 mam
229 405 330 459 Dei,
358 406 401 447 in
423 420 509 464 qua
532 420 669 448 unum
691 413 792 448 sunt
807 404 896 461 ipse.
913 415 954 448 et
972 408 1112 448 Pater.

149 477 292 518 XVII.
330 475 507 533 Legitur
529 476 675 533 itaque
696 476 740 517 in
765 474 994 532 Scripturis
1018 475 1174 518 sanctis
1206 475 1337 517 Filius
1367 474 1472 517 sub-

89 545 203 590 ditus
227 546 357 590 Patri.
386 545 452 589 Ibi
474 555 535 589 est
557 547 672 589 enim
695 543 833 589 forma
856 547 979 600 servi,
998 547 1040 589 in
1060 562 1145 605 qua
1164 556 1205 589 et
1222 546 1473 604 parentibus

88 615 339 660 hominibus
377 614 578 658 subditus
615 624 728 672 erat3
769 615 880 658 sicut
912 616 1196 673 Evangelium
1241 614 1436 674 loquitur
1463 634 1470 658 :

93 704 112 727 «
138 688 194 729 Et
211 684 434 729 descendit
457 700 558 728 cum
580 683 680 739 illis,
706 695 748 728 et
770 685 888 729 venit
910 686 1137 740 Nazareth,
1164 695 1206 728 et
1223 685 1475 728 eratsubdi-

93 774 112 797 »
138 765 206 800 tus
233 754 357 799 illis¹.
383 775 398 796 »
443 757 541 800 Non
574 764 720 800 autem
760 755 918 799 alicubi
957 765 1102 799 sancta
1127 756 1346 813 Scriptura
1373 755 1477 799 dicit

91 827 297 884 Spiritum
322 833 520 869 sanctum
544 825 770 869 subditum
797 826 924 870 Filio.

147 898 313 940 XVIII.
351 895 539 939 Proinde
571 906 615 940 et
650 913 747 956 quae
774 897 901 956 jubet
934 900 1085 951 Pater,
1117 905 1320 955 operatur
1346 895 1478 939 Filius

91 976 270 1026 propter
290 967 476 1010 formam
510 968 620 1010 servi
642 987 650 1011 ι
676 977 718 1011 et
740 983 837 1027 quae
864 971 988 1011 Pater
1017 977 1222 1026 operatur
1239 1002 1248 1019 ,
1276 975 1479 1024 operatur

91 1049 133 1082 et
155 1038 292 1081 Filius
307 1047 494 1096 'propter
510 1038 695 1082 formam
720 1039 809 1082 Dei.
829 1041 925 1084 Non
940 1039 1053 1081 enim
1071 1039 1128 1082 ait
1150 1058 1158 1082 2
1180 1041 1478 1096 Quaecum‹p..1e

91 1113 218 1153 Pater
235 1108 378 1167 jubet,
399 1110 493 1153 haec
512 1110 646 1153 Filius
663 1110 767 1153 facit
792 1130 799 1153 :
826 1110 899 1153 secl
924 1110 981 1154 ait
1004 1130 1011 1153 :
1042 1130 1060 1151 «
1082 1112 1382 1168 Quaecumque
1398 1113 1477 1152 Pa-

99 1201 115 1220 »
144 1189 208 1222 ter
230 1178 360 1233 facit,
386 1179 480 1222 haec
503 1189 546 1222 et
568 1179 702 1222 Filius
734 1179 835 1223 facit
859 1179 1097 1223 similite1·⁰-.
1124 1202 1139 1220 »
1170 1184 1300 1223 Porro
1325 1180 1357 1222 si
1384 1179 1477 1236 Spi-

93 1250 225 1292 ritum
249 1257 449 1292 sanctum
475 1249 574 1292 ideo
596 1250 690 1292 haec
707 1250 827 1308 loqui
845 1250 997 1293 dicunt
1017 1266 1115 1309 quae
1134 1250 1311 1292 mandat
1328 1248 1476 1300 Filius,

94 1320 193 1380 quia
215 1320 424 1378 scriptum
448 1328 511 1361 est
539 1338 547 1363 :
578 1338 597 1359 «
615 1321 676 1361 De
706 1335 803 1362 meo
826 1320 1007 1377 accipiet
1031 1330 1073 1363 et
1096 1319 1374 1363 annuntiabit
1402 1335 1479 1362 vo-

98 1409 118 1431 »
145 1390 237 1433 bis³
261 1409 270 1432 ι
293 1407 311 1429 »
339 1404 416 1432 cur
438 1404 525 1432 non
549 1399 591 1432 et
616 1389 750 1431 Filius
772 1404 818 1431 ea
847 1388 1042 1448 loquitur
1063 1405 1161 1448 quae
1183 1389 1359 1432 mandat
1385 1390 1481 1446 Spi-

95 1461 203 1504 ritus
216 1468 406 1513 sanctus‚
424 1474 524 1503 cum
540 1457 654 1502 dicat
672 1459 902 1516 Apostolus
923 1478 931 1502 :
963 1479 981 1500 «
999 1462 1105 1511 Quae
1128 1460 1202 1501 Dei
1220 1468 1336 1512 sunt,
1356 1474 1483 1500 nomo

99 1549 120 1571 »
135 1531 212 1574 scit
228 1530 308 1573 nisi
330 1529 511 1588 Spiritus
534 1530 606 1571 Dei
624 1530 636 1552 4
657 1547 665 1571 :
687 1547 704 1568 »
733 1538 774 1571 et
793 1544 891 1571 cum
913 1529 1004 1585 ipse
1017 1531 1139 1571 ,Iesus
1156 1528 1209 1571 de
1231 1543 1274 1570 se
1294 1528 1386 1585 ipso
1401 1528 1483 1570 im-

96 1600 263 1660 pletum
296 1614 385 1642 esse
422 1599 680 1651 confirmet,
714 1597 834 1656 quod
872 1599 1079 1656 scriptum
1115 1607 1178 1640 cst
1211 1617 1218 1641 :
1266 1597 1484 1655 «Spiritus

101 1689 119 1712 »
148 1670 320 1714 Domini
343 1684 472 1727 super
490 1683 580 1722 me,
606 1677 783 1726 propter
805 1668 925 1727 quod
950 1668 1073 1710 unxit
1098 1683 1167 1710 me
1192 1666 1484 1725 evangelizare

101 1760 121 1782 »
146 1739 468 1800 pauperibus5P
489 1757 509 1778 »
536 1738 577 1782 Si
595 1738 710 1781 enim
736 1748 912 1797 propter
939 1739 1020 1782 hoc
1042 1751 1199 1782 unctus
1219 1748 1280 1781 est
1302 1752 1483 1794 evange-

102 1811 231 1854 lizare
253 1808 519 1869 pauperibus
536 1843 545 1861 ‚
572 1808 674 1867 quia
696 1809 878 1866 Spiritus
903 1810 1072 1852 Domini
1096 1825 1223 1867 super
1246 1823 1342 1850 eum
1371 1818 1483 1862 erat3

99 1881 207 1941 quid
229 1878 552 1937 evangelizabat
571 1878 850 1936 pauperibus⁷
874 1879 951 1922 nisi
972 1880 1091 1938 quod
1113 1879 1293 1937 Spiritus
1314 1879 1483 1921 Domini

99 1951 305 2004 habebat,
332 1965 419 2009 quo
443 1948 632 2007 repletus
654 1951 776 1992 erat?
799 1952 905 1993 Nam
936 1958 978 1991 et
1007 1950 1088 1992 hoc
1114 1950 1167 1992 de
1187 1949 1259 1992 illo
1279 1950 1484 2007 scriptum

101 2032 180 2075 est,
207 2019 328 2080 quod
343 2018 533 2077 repletus
552 2019 606 2061 sit
628 2019 788 2077 Spiritu
811 2028 959 2061 sancto
973 2021 1003 2060 ⁶.

160 2093 282 2135 XIX.
323 2088 520 2143 «Filius,
545 2089 780 2147 inquiunt,
813 2088 962 2131 adorat
997 2097 1039 2131 ct
1073 2089 1256 2131 honorat
1280 2091 1449 2130 Patrem
1476 2108 1482 2130 ;

107 2161 290 2221 Spiritus
312 2168 486 2203 sanctus
504 2158 654 2202 adorat
668 2168 711 2202 et
727 2159 912 2201 honorat
935 2158 1109 2200 Filium.
1133 2176 1151 2197 »
1184 2158 1260 2200 Hic
1277 2172 1364 2200 non
1380 2172 1487 2214 opus

104 2243 166 2277 est
189 2230 442 2290 scrupulose
462 2228 573 2273 velle
597 2229 856 2281 discernere,
883 2229 995 2271 inter
1020 2228 1233 2271 honorare
1251 2237 1293 2270 et
1310 2227 1486 2270 adorare

104 2301 211 2363 quid
235 2301 364 2345 distet
389 2319 396 2343 :
425 2309 600 2359 propter
623 2298 807 2343 formam
831 2299 944 2340 <nim
967 2298 1076 2340 servi
1099 2298 1305 2340 dicuntur
1334 2297 1409 2339 ista
1433 2298 1487 2339 de

104 2373 230 2417 Filio.
259 2372 433 2424 Dicant,
468 2371 501 2413 si
533 2378 730 2427 possunt,
766 2369 840 2412 ubi
875 2368 1059 2426 legerint
1082 2366 1249 2410 adorari
1282 2366 1442 2409 Filium
1466 2383 1487 2408 a

108 2442 269 2502 Spiritu
292 2449 455 2484 sancto.
489 2439 617 2492 Quod
655 2439 767 2482 enim
793 2438 1028 2496 subiiciunt
1059 2436 1173 2479 unde
1196 2438 1278 2480 hoc
1310 2435 1489 2494 probare

157 2552 162 2565 ¹
186 2546 264 2575 Luc.
291 2554 326 2584 n,
355 2542 410 2573 51.
431 2558 472 2562 —
493 2547 503 2562 ²
523 2543 616 2572 Joan.
647 2552 682 2579 v,
708 2552 756 2583 ις),
780 2558 815 2562 -
840 2540 851 2562 3
878 2541 923 2571 Μ.
950 2550 1015 2580 wi,
1049 2538 1097 2579 14,
1118 2536 1189 2567 -4
1218 2547 1224 2567 i
1257 2540 1328 2569 Cor.
1349 2548 1382 2577 n,
1403 2547 1488 2568 ¹2.—

110 2599 124 2622 5
147 2601 222 2632 Luc.
245 2610 289 2639 iv,
317 2601 369 2634 18,
390 2601 423 2627 et
440 2596 510 2628 lsai.
543 2606 606 2636 mxi,
632 2608 656 2627 t.
679 2614 718 2619 —
735 2594 750 2617 6
772 2598 843 2627 Luc.
875 2606 926 2634 iv,
955 2607 978 2625 ι.
