1803 3250
332 237 415 277 364
754 243 786 272 s.
824 243 1053 273 Auous’rmr
1087 245 1267 274 zrrscorx

330 315 432 358 (1003
454 311 603 355 haberi
628 309 876 354 voluerunt.
905 312 1133 356 Sacrifieiis
1151 320 1296 355 autem
1312 314 1453 356 Deum
1466 327 1555 356 non
1569 327 1710 371 egere,

328 386 423 444 quis
451 383 618 426 nescit?
642 381 725 426 Sed
752 396 832 426 nec
854 381 1058 427 laudibus
1089 383 1244 427 nostris
1275 392 1387 442 eget.
1420 384 1582 427 Verum
1604 383 1715 427 sicut

331 454 453 499 nobis
470 488 481 507 ‚
515 468 602 497 non
632 451 716 506 illi,
743 452 849 497 utile
872 463 934 498 est
966 453 1142 498 laudare
1168 457 1332 511 Deum3
1356 454 1415 498 sic
1447 454 1571 498 nobis
1589 489 1600 507 ‚
1625 469 1717 498 non

327 525 386 568 illi
403 560 413 578 ‚
439 523 546 568 utile
569 532 632 567 est
649 523 807 567 offerre
820 525 1076 569 sacrificium
1094 528 1197 569 Deo.
1220 525 1436 578 Quoniam
1453 524 1658 583 singulari
1674 533 1717 569 et

327 595 418 640 solo
436 609 537 639 vero
559 593 766 638 sacrificio
789 610 867 654 pro
891 596 1016 640 nobis
1047 596 1207 640 Christi
1229 596 1401 654 sanguis
1435 596 1599 641 effusus
1623 605 1686 640 est
1705 613 1713 639 :

328 666 425 711 ideo
447 665 596 724 primis
618 665 888 724 temporibus
912 667 967 710 ad
989 668 1073 712 hoc
1090 667 1348 712 sacrificium
1366 666 1527 711 talibus
1550 666 1717 725 signifi-

328 736 571 783 cationibus
609 737 961 796 prophetandum
984 773 994 792 ‚
1043 739 1422 783 immaculatorum
1466 737 1716 782 animalium

328 808 529 854 sacrificia
553 810 666 852 Deus
689 807 769 851 sibi
791 808 918 868 jussit
950 808 1122 865 offerri3
1158 818 1208 853 ut
1239 808 1614 869 quemadmodum
1646 808 1719 853 illa

329 879 604 925 immaculata
627 888 750 924 erant
771 895 794 924 a
816 895 1050 938 corporum
1073 880 1202 935 vitiis,
1225 880 1285 925 ita
1304 890 1548 939 speraretur
1563 881 1721 924 immo·

328 952 483 996 landus
520 966 609 995 esse
647 966 727 1010 pro
757 950 898 1005 nobis,
942 951 1017 1011 qui
1050 949 1167 995 solus
1189 951 1493 996 immaculatus
1523 951 1666 996 fuerat
1697 966 1721 995 a

327 1024 526 1084 peccatis.
544 1025 653 1076 Quae
675 1031 871 1082 tempora
885 1037 961 1082 per
977 1023 1242 1082 Prophetam
1263 1024 1322 1068 sic
1339 1023 1718 1083 praenuntiantur:

330 1115 350 1137 »
378 1099 491 1141 Deus
513 1094 697 1139 deorum
720 1095 930 1139 Dominus
954 1093 1126 1138 locutus
1142 1103 1222 1149 est,
1249 1103 1293 1138 et
1309 1095 1479 1139 vocavit
1500 1103 1677 1149 terram,
1698 1110 1722 1138 a

332 1186 351 1208 »
377 1165 476 1212 solis
500 1175 600 1210 ortu
621 1180 760 1225 usque
783 1165 838 1209 ad
869 1180 1071 1210 occasum
1088 1200 1099 1220 ‚
1135 1180 1186 1208 ex
1219 1165 1321 1210 Sion
1344 1165 1519 1224 ‘species
1555 1164 1722 1210 decoris

332 1258 352 1280 »
379 1240 486 1299 ejus.
506 1239 598 1281 »Et
621 1236 753 1297 paulo
766 1245 864 1295 post
885 1237 931 1280 in
952 1235 1107 1281 eodem
1127 1235 1298 1282 Psalmo
1317 1255 1325 1281 :
1347 1255 1367 1279 «
1385 1235 1516 1291 Audi,
1535 1236 1723 1297 populus

334 1330 351 1350 »
379 1324 517 1363 meus,
542 1317 586 1352 et
606 1308 762 1368 loquar
788 1308 892 1365 tibi3
920 1306 1076 1363 Israel,
1105 1317 1148 1353 et
1169 1308 1435 1353 testificabor
1462 1308 1543 1353 tibi
1571 1328 1579 1353 :
1612 1325 1725 1368 quo-

334 1399 353 1421 »
379 1380 495 1424 niam
518 1382 633 1423 Deus
654 1382 768 1423 Deus
794 1387 894 1422 tuus
912 1393 993 1437 ego
1018 1393 1130 1422 sum.
1156 1380 1255 1424 Non
1276 1393 1406 1438 super
1424 1377 1629 1423 sacrificia
1648 1387 1723 1423 tua

334 1472 353 1491 η
379 1466 558 1511 arguam
578 1460 637 1505 te,
662 1449 915 1494 holocausta
930 1459 1076 1494 autem
1095 1458 1171 1493 tua
1188 1450 1233 1493 in
1251 1459 1491 1509 conspectu
1508 1466 1606 1495 meo
1620 1448 1726 1496 'sunt

337 1543 354 1565 »
381 1538 565 1582 semper.
595 1524 691 1567 Non
714 1522 921 1580 accipiam
961 1522 1016 1565 de
1038 1521 1170 1566 domo
1193 1530 1269 1566 tua
1289 1520 1471 1578 vitulos,
1496 1538 1640 1583 neque
1671 1522 1726 1567 de

338 1614 353 1634 »
382 1594 584 1653 gregibus
608 1593 691 1638 tuis
711 1592 867 1637 hireos.
895 1593 1113 1646 Quoniam
1138 1608 1246 1637 meae
1268 1602 1371 1638 sunt
1398 1609 1548 1639 omnes
1577 1594 1726 1639 bestiae

340 1684 358 1706 »
387 1664 538 1723 sylvae,
559 1679 716 1724 pecora
741 1666 785 1706 in
803 1663 1027 1707 montibus
1047 1671 1090 1707 et
1109 1662 1258 1709 boves.
1277 1665 1474 1723 Cognovi
1484 1666 1630 1710 omnia
1645 1681 1726 1710 vo·-

342 1757 354 1777 »)
382 1735 516 1780 latilia
539 1734 660 1789 coeli,
686 1744 730 1778 et
752 1734 915 1793 species
933 1735 1021 1793 agri
1044 1749 1218 1779 mecum
1240 1744 1320 1780 est.
1347 1736 1390 1783 Si
1407 1737 1610 1791 esuriero,
1637 1751 1727 1781 non

338 1826 356 1846 »
383 1805 524 1850 dicam
547 1806 627 1850 tibi
649 1824 659 1850 ε
679 1820 802 1849 meus
819 1814 882 1850 est
899 1806 1015 1849 enim
1031 1806 1148 1850 orbis
1167 1815 1291 1850 terrae
1306 1815 1350 1850 et
1366 1806 1596 1866 plenitudo
1615 1808 1722 1867 ejus.

339 1896 357 1919 n
383 1878 608 1938 Numquid
626 1877 900 1922 manducabo
924 1893 1074 1921 carnes
1096 1887 1348 1932 taurorum,
1376 1887 1452 1922 aut
1472 1880 1729 1938 sanguinem

340 1968 358 1989 n
385 1949 606 1993 hircorum
629 1948 790 2008 potabo
816 1949 833 1988 ⁶?
870 1948 1052 1993 Immola
1088 1951 1178 1993 Deo
1208 1948 1468 1993 sacrificium
1493 1948 1631 1994 laudis
1649 1985 1659 2004 ‚
1685 1958 1729 1994 et

342 2039 360 2060 »
388 2019 520 2064 redde
555 2020 773 2065 Altissimo
806 2029 906 2064 vota
945 2030 1076 2064 tua.»
1115 2023 1170 2064 Et
1192 2020 1350 2065 iterum
1382 2022 1428 2064 in
1458 2022 1545 2066 fine
1570 2021 1728 2067 Psalmi

338 2092 548 2152 ejusdem,
579 2112 599 2134 «
619 2093 902 2147 Sacrificium,
923 2093 1084 2153 inquit,
1105 2091 1245 2137 laudis
1258 2094 1566 2139 honorificabit
1583 2110 1667 2149 me,
1686 2104 1730 2139 et

340 2182 359 2204 »
386 2164 447 2207 ibi
473 2164 540 2208 via
571 2179 658 2224 qua
689 2162 914 2209 ostendam
943 2162 1006 2207 illi
1038 2163 1224 2208 salutare
1259 2165 1381 2209 Dei1.
1402 2182 1422 2206 »
1450 2167 1547 2209 Jam
1569 2164 1624 2209 de
1645 2165 1729 2211 hoc

338 2235 514 2280 salutari
537 2237 637 2290 Dei,
662 2236 784 2296 quod
805 2236 895 2295 ipse
917 2236 971 2280 sit
991 2236 1210 2291 Christus,
1236 2251 1366 2295 supra
1393 2238 1729 2283 commemoravi

339 2316 470 2366 atque
489 2307 768 2351 monstravi2.
795 2307 925 2360 Quod
949 2316 1011 2352 est
1034 2316 1181 2352 autem
1204 2308 1411 2353 sacratius
1433 2307 1575 2352 laudis
1598 2309 1731 2353 sacri-

341 2378 487 2421 ficium
501 2413 512 2432 ‚
550 2394 680 2437 quarn
725 2378 771 2421 in
812 2379 981 2422 actione
1015 2377 1283 2436 gratiarum?
1318 2386 1361 2422 et
1397 2378 1517 2422 unde
1551 2380 1734 2438 majores

343 2448 524 2507 agendae
542 2458 643 2493 sunt
659 2452 748 2494 Deo
761 2449 925 2507 gratiae,
943 2464 1076 2509 quam
1095 2464 1173 2508 pro
1190 2449 1324 2508 ipsius
1341 2449 1477 2508 gratia
1494 2465 1568 2509 per
1582 2452 1732 2494 Jesum

343 2520 565 2564 Christum
591 2521 824 2565 Dominum
845 2522 1072 2566 nostrum?
1090 2520 1220 2574 Quod
1243 2529 1386 2566 totum
1407 2520 1557 2565 fideles
1578 2521 1623 2564 in
1650 2523 1734 2565 Ec-

394 2613 400 2627 ·
425 2605 501 2638 Psal.
522 2616 605 2647 uix,
627 2617 638 2638 ι
661 2618 763 2649 usque
783 2607 824 2639 ad
841 2607 947 2640 finem.
965 2623 1006 2631 —-
1023 2613 1035 2629 ²
1055 2607 1133 2643 vide
1153 2618 1261 2650 supra,
1282 2619 1313 2640 n.
1337 2607 1385 2640 15.
