1803 3250
350 183 430 219 116
778 192 812 217 s.
849 188 1078 218 Auuusnm
1113 191 1292 218 zriscom

342 256 418 301 sed
440 256 494 298 dc
513 254 674 312 Spiritu
698 264 848 298 sancto
865 258 1163 315 conceperat¹.
1183 255 1314 308 Quod
1335 255 1368 298 si
1393 270 1481 299 non
1495 257 1730 300 Matthaeus

341 324 560 385 apostolus
595 325 674 368 ista
708 340 807 369 vera
828 361 839 381 ,
880 326 955 370 sed
991 326 1145 387 aliquis
1172 327 1253 372 sub
1276 327 1367 386 ejus
1390 326 1589 380 nomine,
1620 327 1731 371 sieut

337 395 567 441 Manichaei
590 403 770 454 putant,
809 412 856 441 ea
878 397 987 442 falsa
1008 399 1328 454 conscriberet,
1358 398 1474 442 itane
1497 397 1579 441 sibi
1602 397 1731 442 etiam

338 466 428 525 ipse
466 465 511 509 in
545 465 675 510 rebus
698 467 975 526 apertissimis
1005 478 1049 512 et
1072 477 1160 512 tam
1194 467 1249 512 de
1290 469 1484 528 proximo
1521 468 1733 512 contextis

336 536 552 582 contraria
591 535 867 597 loqueretur,
894 548 944 583 ut
977 555 1107 599 quem
1142 539 1306 585 diceret
1336 538 1472 584 David
1494 538 1655 583 Filium
1677 537 1732 582 de

335 610 471 655 Maria
493 609 661 668 virgine
676 610 768 655 sine
786 612 1043 672 cujusquam
1059 612 1139 656 viri
1163 613 1403 658 concubitu
1423 621 1598 667 natum,
1624 611 1733 671 ejus-

336 678 437 724 dem
459 690 660 739 parentes
684 681 898 740 gradatim
939 698 1225 738 enumerans,
1261 698 1399 742 usque
1430 680 1486 726 ad
1517 697 1618 726 eum
1640 681 1732 726 sine

336 750 481 812 aliqua
500 752 667 796 ratione
689 753 972 812 perduceret,
992 769 1124 813 quem
1154 769 1243 799 non
1271 755 1555 799 commixtum
1583 753 1732 798 Mariae

335 823 426 883 ipse
461 823 672 868 dixisset?
712 825 754 868 Si
778 825 894 868 enim
917 825 1024 868 alius
1063 835 1339 870 enumeraret
1373 833 1731 885 progeneratores

332 895 493 940 Christi
513 911 537 938 a
556 894 695 939 David
716 910 856 954 usque
878 895 933 938 ad
956 897 1145 955 Joseph,
1171 897 1318 941 dicens
1349 912 1451 941 eum
1480 896 1620 940 filium
1646 899 1730 940 Da-

335 966 411 1010 vid
429 1001 440 1021 ,
466 975 509 1010 et
531 966 640 1010 alius
660 981 761 1011 eum
784 967 875 1010 sine
896 965 1029 1011 ullius
1050 968 1132 1012 viri
1154 969 1397 1013 concubitu
1419 983 1469 1011 ex
1492 968 1628 1012 Maria
1649 970 1729 1012 vir-

334 1038 434 1097 gine
454 1046 609 1082 natum
628 1037 814 1093 diceret,
832 1054 913 1084 nec
930 1054 1032 1083 eum
1049 1037 1189 1083 filium
1211 1039 1349 1084 David
1369 1039 1628 1099 appellaret,
1649 1054 1730 1084 nec

330 1109 389 1154 sie
426 1110 638 1155 continuo
673 1119 826 1170 putare
860 1111 1146 1166 deberemus,
1182 1126 1254 1156 eos
1282 1111 1361 1155 sibi
1396 1111 1491 1156 haec
1513 1113 1730 1156 contraria

329 1179 500 1225 locutos
522 1180 677 1237 fuisse,
704 1191 753 1225 ut
776 1180 848 1225 vel
867 1182 996 1226 ambo
1019 1182 1086 1226 vel
1103 1197 1216 1226 unus
1233 1197 1386 1226 eorum
1404 1180 1604 1227 falsitatis
1628 1198 1728 1227 con-

329 1253 591 1297 vinceretur.
618 1253 821 1310 Cogitare
843 1252 960 1296 enim
1001 1252 1262 1298 deberemus
1299 1254 1393 1297 fieri
1425 1254 1639 1313 potuisse,
1678 1263 1728 1298 ut

330 1324 461 1368 ambo
482 1338 584 1367 vera
607 1322 825 1378 dicerent,
851 1332 900 1367 ut
928 1332 972 1368 et
993 1325 1156 1384 Joseph
1177 1325 1357 1369 maritus
1384 1325 1533 1370 Mariae
1556 1325 1725 1370 dicere-

330 1405 401 1440 tur
416 1431 427 1450 ,
463 1396 629 1439 habens
650 1409 747 1440 eam
770 1396 1002 1455 conjugem
1021 1396 1320 1451 continenter,
1344 1412 1435 1441 non
1457 1397 1721 1452 concubitu,

328 1468 404 1513 sed
416 1469 602 1524 affectu,
621 1482 712 1512 non
728 1467 1037 1512 commixtione
1054 1483 1310 1527 corporum,
1332 1469 1408 1514 sed
1425 1468 1722 1528 copulatione,

327 1539 448 1601 quod
466 1549 529 1584 est
546 1540 740 1595 charius,
759 1539 1006 1584 animorum
1035 1559 1045 1585 ι
1072 1549 1114 1584 et
1134 1539 1233 1585 ideo
1254 1556 1342 1585 non
1359 1541 1558 1585 debuisse
1580 1541 1721 1585 virum

330 1611 505 1669 virginis
522 1610 670 1654 matris
692 1611 853 1655 Christi
878 1611 1065 1670 separari
1087 1626 1111 1654 a
1133 1611 1241 1654 serie
1271 1620 1503 1670 parentum
1524 1611 1686 1656 Christi
1713 1631 1722 1656 :

328 1692 372 1727 et
390 1684 528 1742 ipsam
543 1682 725 1727 Mariam
741 1680 934 1742 aliquam
952 1680 1007 1725 de
1022 1681 1154 1741 stirpe
1172 1681 1312 1726 David
1327 1697 1484 1727 venam
1503 1682 1725 1741 sanguinis

329 1754 512 1810 ducere,
547 1763 598 1799 ut
630 1769 731 1798 caro
760 1753 923 1799 Christi
945 1753 1075 1797 etiam
1104 1768 1156 1797 ex
1191 1753 1357 1811 virgine
1388 1763 1612 1813 procreata
1634 1754 1724 1800 sine

329 1824 467 1871 David
488 1824 653 1869 semine
689 1839 778 1869 esse
808 1840 898 1868 non
918 1832 1076 1884 posset.
1103 1825 1218 1869 Cum
1238 1838 1341 1868 vero
1375 1839 1489 1869 unus
1517 1823 1724 1885 idemque

329 1906 527 1943 narrator
561 1905 800 1955 utrumque
820 1894 937 1940 dicat
953 1929 965 1950 ‚
991 1903 1230 1955 utrumque
1257 1894 1560 1951 commendet,
1583 1905 1626 1940 et
1654 1897 1721 1941 vi-

329 1984 426 2014 rum
443 1967 592 2014 Mariae
613 1967 776 2027 Joseph
798 1975 842 2010 et
863 1966 1024 2012 Christi
1039 1966 1252 2025 virginem
1275 1975 1461 2011 matrem
1479 2001 1490 2022 ,
1514 1975 1557 2012 et
1579 1967 1722 2013 Chris-

328 2051 423 2087 tum
439 2057 489 2086 ex
508 2039 672 2084 semine
700 2037 838 2083 David
859 2047 903 2082 et
932 2038 1094 2097 Joseph
1116 2037 1162 2081 in
1194 2038 1302 2082 serie
1327 2049 1720 2098 progeneratorum

328 2112 490 2159 Christi
511 2126 563 2155 ex
594 2107 732 2155 David
757 2128 766 2154 :
787 2108 897 2170 quid
920 2117 1052 2154 restat
1076 2117 1209 2153 restat
1232 2118 1281 2153 ut
1309 2108 1458 2154 credat
1476 2144 1487 2165 ,
1517 2110 1594 2170 qui
1624 2109 1721 2156 vult

328 2183 476 2229 divino
504 2180 765 2241 Evangelio,
805 2196 939 2241 quam
973 2180 1279 2225 haereticorum
1315 2180 1476 2226 fabulis
1517 2180 1716 2237 credere,

328 2256 409 2301 nisi
432 2264 475 2299 et
496 2253 675 2299 Mariam
696 2268 786 2298 non
808 2251 939 2296 fuisse
959 2260 1203 2296 extraneam
1230 2268 1253 2295 a
1276 2252 1534 2309 cognatione
1552 2252 1688 2298 David
1704 2288 1715 2308 ,

328 2336 371 2371 et
385 2342 481 2371 eam
498 2328 522 2370 J
526 2325 660 2383 oseph
682 2325 911 2385 conjugem
929 2338 1018 2368 non
1042 2322 1200 2367 frustra
1221 2321 1483 2383 appellatam
1501 2358 1512 2379 ,
1538 2333 1718 2384 propter

328 2397 525 2443 ordinem
557 2412 680 2440 sexus
702 2406 745 2440 et
778 2395 1019 2440 animorum
1044 2394 1489 2449 confoederationem,
1520 2396 1718 2455 quamvis

327 2471 364 2514 ei
389 2485 476 2513 non
499 2467 629 2511 fuerit
647 2483 775 2513 carne
798 2466 1084 2523 commixtus,
1119 2476 1161 2510 et
1184 2468 1343 2525 loseph
1368 2467 1512 2525 potius
1536 2476 1716 2526 propter

374 2563 380 2578 ¹
403 2554 515 2587 Manli.
537 2565 572 2593 ιι,
596 2563 646 2586 20.
