1803 3250
353 217 437 255 220
786 227 819 252 s.
854 224 1084 254 Aue-usnm
1118 226 1297 254 EPISCOPI

356 293 573 338 neminem
602 291 771 346 timuit,
809 292 920 337 sicut
950 292 1181 353 oportebat
1209 302 1259 337 ut
1281 294 1500 338 neminem
1536 296 1730 350 timeret,

354 366 475 425 cujus
499 377 630 423 regna
652 362 711 407 sie
735 362 916 409 fundata
939 374 1077 420 erant,
1106 374 1154 409 ut
1178 380 1201 408 a
1224 364 1347 410 nullo
1371 376 1445 410 aut
1471 366 1634 411 moveri
1663 377 1738 411 aut
1801 358 1803 402 ἶ

353 434 527 481 concuti
549 443 739 495 possent.
771 437 827 479 Et
852 434 955 495 legit
987 437 1211 497 sequentia
1240 455 1249 480 :
1291 456 1307 475 «
1329 439 1458 481 Juxta
1480 453 1614 482 unam
1638 452 1739 483 vero
1802 449 1803 454 ¹

353 519 515 568 partem
547 522 595 551 ac
620 506 731 551 latus
757 506 932 551 illustris
961 507 1074 552 illius
1097 524 1145 552 ae
1168 517 1328 552 sanetae
1347 517 1488 552 terrae.
1509 527 1529 550 »
1558 511 1612 553 Et
1636 524 1738 553 cum

354 580 516 639 legeret
552 579 832 638 interrogavit
869 599 876 624 :
915 579 1045 633 Quod
1077 579 1228 624 latus?
1258 578 1457 624 dextrum
1477 616 1487 635 ,
1528 580 1584 624 ad
1615 580 1740 624 sinis-

354 661 469 696 trum
486 651 504 693 ‘2

414 724 517 766 Fei..
554 721 688 766 dixit:
717 741 736 763 «
764 724 886 765 Hanc
921 721 1001 765 tibi
1036 736 1114 779 ego
1141 737 1230 765 non
1263 737 1436 781 possum
1469 722 1744 781 interpretari

353 793 624 852 scripturam,
647 801 691 836 et
712 807 926 851 exponere
941 791 1062 851 quod
1084 792 1142 835 ibi
1161 808 1251 836 non
1273 803 1336 837 est
1356 813 1363 836 ;
1389 793 1479 852 ipsa
1503 793 1584 836 sibi
1606 793 1742 836 inter-

353 880 449 925 pres
484 873 575 921 est,
618 879 699 923 ego
727 879 815 908 non
849 878 1024 922 possum
1047 864 1206 919 dicere,
1239 880 1294 909 ne
1323 863 1435 909 forte
1460 866 1675 909 incurram
1698 865 1742 908 in

353 943 598 995 peccatum.
621 952 640 975 i)

412 1010 524 1051 Auo.
561 1004 669 1049 dixit
691 1024 699 1050 ;
726 1008 915 1064 Legatur
945 1007 1027 1051 hoc
1052 1020 1155 1064 ergo
1179 1006 1299 1067 quod
1331 1007 1542 1067 sequitur.
1566 1008 1622 1050 Et
1643 1021 1741 1050 cum

355 1078 532 1137 legeret,
551 1087 594 1122 et
615 1086 796 1121 ventum
815 1087 925 1122 esset
947 1077 1001 1122 ad
1025 1077 1170 1122 locum
1191 1079 1266 1122 ubi
1283 1078 1412 1123 habet
1431 1097 1439 1123 :
1462 1098 1481 1120 «
1501 1077 1627 1122 Lucis
1643 1093 1745 1122 vero

354 1149 611 1193 beatissimae
626 1151 768 1203 Pater,
786 1149 923 1194 sciens
939 1149 1082 1192 labem
1102 1164 1301 1207 magnam
1322 1165 1370 1193 ac
1388 1149 1629 1193 vastitatem
1646 1164 1746 1208 quae

354 1236 403 1264 ex
426 1220 614 1265 tenebris
642 1229 858 1279 surgeret,
885 1220 1089 1264 adversus
1116 1235 1190 1264 sua
1214 1229 1359 1264 saneta
1386 1220 1639 1279 impendere
1661 1235 1742 1263 sae-

354 1292 468 1346 cula,
494 1292 574 1336 nisi
597 1291 716 1353 quod
740 1293 944 1337 eximium
971 1308 1019 1337 ac
1050 1292 1308 1352 praeclarum
1339 1304 1382 1336 et
1403 1292 1565 1336 virtute
1593 1302 1747 1352 potens

356 1380 519 1409 numen
552 1374 761 1425 opponat,
797 1381 886 1425 quo
919 1375 1093 1425 superet
1115 1364 1245 1409 simul
1267 1381 1315 1409 ac
1346 1366 1541 1409 destruat
1569 1367 1747 1424 stirpem

356 1438 654 1491 tenebrarum,
673 1452 759 1496 qua
777 1437 965 1481 extincta
991 1445 1197 1495 perpetua
1222 1435 1343 1496 quies
1365 1434 1473 1480 lucis
1496 1435 1647 1480 incolis
1670 1452 1747 1495 pa-

358 1515 540 1551 raretur.
580 1526 600 1548 »
637 1507 907 1565 Augustinus
941 1506 1078 1551 dixit:
1103 1509 1230 1551 Nunc
1260 1507 1350 1567 jam
1382 1507 1485 1566 quia
1518 1515 1751 1566 coeperunt

357 1587 517 1639 apertae
553 1577 851 1638 blasphemiae.
880 1579 914 1622 si
947 1577 1246 1623 defendendas
1274 1587 1418 1638 putas,
1443 1577 1513 1621 dic
1539 1577 1648 1638 quid
1669 1578 1748 1622 ista

359 1665 462 1710 gens
477 1649 774 1704 tenebrarum,
795 1665 928 1709 quam
951 1649 1125 1694 videtur
1147 1652 1260 1693 Deus
1283 1649 1492 1704 timuisse,
1518 1663 1574 1692 ne
1592 1664 1748 1708 magna

360 1720 474 1766 labes
488 1729 531 1766 et
544 1720 718 1766 vastitas
735 1736 785 1764 ex
802 1720 992 1764 tenebris
1014 1721 1060 1764 in
1082 1735 1212 1778 regna
1230 1721 1320 1780 ejus
1343 1721 1574 1776 irruerent,
1595 1735 1751 1764 nocere

358 1802 530 1854 poterat
560 1795 677 1837 Deo:
705 1792 890 1836 maxime
917 1793 1040 1852 cujus
1064 1807 1195 1850 regna
1219 1792 1415 1851 superius
1437 1792 1544 1836 dixit
1565 1792 1622 1836 ita
1647 1790 1745 1836 fun—

359 1863 486 1919 data,
522 1871 572 1907 ut
601 1878 623 1906 a
654 1861 778 1906 nullo
807 1877 1002 1923 unquam
1038 1863 1201 1906 moveri
1236 1872 1311 1907 aut
1343 1864 1519 1908 concuti
1556 1871 1748 1922 possent.

359 1935 476 1989 Quid
497 1950 600 1994 ergo
617 1932 679 1977 illi
695 1933 863 1978 factura
886 1942 978 1977 erat
1000 1948 1104 1992 gens
1126 1933 1231 1977 ista?
1255 1936 1430 1977 Poterat
1448 1933 1487 1976 ei
1502 1948 1675 1987 nocere,
1698 1949 1752 1977 an

359 2021 448 2052 non
464 2006 663 2065 poterat?
684 2004 915 2063 Responde
932 2018 1071 2047 unum
1087 2018 1109 2046 e
1125 2003 1314 2048 duobus.

420 2080 525 2121 FEL.
561 2076 694 2121 dixit:
715 2078 845 2135 «Ego
868 2073 1132 2135 respondeo:
1155 2074 1197 2119 Si
1216 2073 1324 2118 nihil
1342 2083 1494 2118 contra
1513 2076 1651 2118 Deum
1670 2083 1750 2129 est,

359 2147 602 2194 secundum
634 2147 757 2209 quod
789 2148 895 2192 dixit
922 2147 1134 2206 scriptura
1157 2145 1405 2201 Manichaei,
1432 2146 1535 2206 quia
1557 2155 1620 2190 est
1644 2145 1753 2190 alte-

360 2237 458 2267 rum
493 2237 701 2281 regnum3
725 2236 804 2281 pro
824 2236 911 2282 qua
933 2234 1063 2264 causa
1084 2219 1283 2264 Christus
1305 2218 1460 2262 missus
1482 2227 1568 2273 est,
1603 2227 1653 2262 ut
1674 2233 1753 2263 nos

360 2293 566 2338 liberaret
587 2291 642 2336 de
664 2291 822 2352 laqueo
842 2290 993 2335 mortis
1011 2290 1167 2349 hujus?
1187 2289 1312 2349 cujus
1328 2296 1392 2333 est
1409 2288 1487 2332 iste
1505 2287 1687 2348 laqueus
1709 2297 1753 2333 et

360 2366 501 2409 mors?
534 2364 576 2409 Si
605 2362 872 2407 adversarius
902 2360 1049 2405 nullus
1081 2369 1233 2404 contra
1271 2362 1406 2404 Deum
1442 2368 1522 2414 est,
1560 2368 1611 2403 ut
1645 2358 1752 2420 quid

362 2436 569 2496 baptizati
590 2436 765 2480 sumus?
788 2436 845 2479 Ut
863 2432 971 2494 quid
990 2432 1274 2487 Eucharistia,
1302 2441 1352 2476 ut
1370 2431 1478 2491 quid
1495 2431 1753 2477 Christiani-

364 2515 450 2562 tas,
473 2507 506 2550 si
522 2515 672 2551 contra
686 2509 825 2551 Deum
843 2503 952 2549 nihil
969 2504 1059 2548 est?

425 2580 538 2623 Auo.
573 2577 682 2622 dixit
700 2596 710 2624 :
734 2577 845 2630 Quia
864 2574 992 2621 video
1008 2584 1051 2619 te
1068 2573 1185 2619 nolle
1207 2572 1469 2632 respondere
1492 2571 1547 2617 ad
1567 2571 1612 2617 id
1633 2571 1752 2632 quod
