1803 3250
273 242 325 268 AD
357 241 544 269 OROSIUM
575 241 737 271 CONTRA
770 245 967 273 PnlsclLL.
1005 247 1055 273 ET
1087 247 1261 274 olthFN.
1385 233 1468 273 445

85 305 174 350 vita
195 314 357 351 aeterna
376 306 422 350 in
440 316 718 365 peccatorum
734 309 1053 355 immunditiam
1075 321 1206 372 atque
1223 312 1267 356 in
1284 320 1470 355 mortem

84 375 327 435 relapsuros
348 391 437 422 esse
464 377 687 423 dicemus?
717 379 840 424 Absit
866 381 948 424 hoc
972 397 993 425 a
1018 382 1261 426 christianae
1281 382 1382 426 fidei
1405 397 1473 425 sa-

83 446 235 492 nitate.
271 450 516 507 Utrumque
548 448 679 506 igitur
710 449 802 493 sine
831 451 916 494 fine
945 450 1109 496 dictum
1140 462 1202 497 est
1234 461 1469 506 aeternum,

82 516 166 561 hoc
187 526 267 574 est,
293 525 422 561 αἰώνιων
444 552 450 559 .
473 534 529 563 ne
550 534 651 563 cum
668 518 832 564 diaboli
858 535 1002 579 paenas
1021 522 1237 578 dolemus,
1261 523 1315 567 de
1337 537 1472 580 regno

80 587 241 633 Christi
262 588 529 635 dubitemus.
556 592 781 635 Postremo
803 591 836 634 si
860 600 1074 637 aeternum
1092 603 1134 638 et
1150 593 1371 648 aeternale,
1391 594 1473 637 hoc

81 667 167 716 est,
193 666 268 700 αἰὼν
291 667 334 704 et
356 668 494 702 αίνώνιον
509 660 591 706 sub
606 669 795 722 utroque
811 661 1038 708 intellectu
1053 664 1099 707 in
1120 664 1350 723 Scripturis
1369 664 1474 723 poni

80 730 206 788 solet,
231 730 470 793 aliquando
491 732 584 777 sine
607 733 717 788 fine,
750 732 985 793 aliquando
1012 749 1112 779 cum
1134 735 1221 778 fine
1247 751 1258 779 .-
1285 734 1399 787 Quid
1421 733 1474 777 de

79 801 162 847 illis
203 804 435 863 Prophetae
466 804 612 849 verbis
655 806 904 864 responsuri
941 821 1090 850 sumus
1108 840 1119 861 ‚
1155 805 1232 849 ubi
1263 805 1472 863 scriptum

80 881 146 918 est
165 892 174 918 :
196 892 217 917 «
236 875 406 919 Vermis
421 890 574 920 eorum
585 891 676 921 non
693 877 918 932 morietur,
935 885 978 920 et
990 876 1101 936 ignis
1119 890 1272 921 eorum
1288 890 1379 919 non
1397 890 1473 918 ex-

83 963 102 987 »
122 945 346 1005 tinguetur
360 949 373 973 ¹
391 948 410 989 ‘f
430 966 450 989 »
473 946 814 1009 Qualiscumque
825 964 956 1008 poena
970 948 1217 1008 significata
1231 948 1286 992 sit
1299 946 1476 991 nomine

79 1018 234 1062 vermis
256 1027 389 1079 atque
404 1019 532 1078 ignis,
556 1029 672 1065 certe
689 1020 724 1065 si
739 1035 828 1065 non
846 1021 1055 1065 morietur
1078 1035 1160 1064 nec
1179 1018 1473 1078 extinguetur,

79 1087 170 1132 sine
203 1089 292 1133 fine
319 1089 529 1149 praedicta
551 1099 615 1135 est
647 1110 656 1136 :
682 1106 763 1135 nec
787 1090 907 1135 aliud
929 1091 1085 1150 agebat
1109 1090 1351 1150 Propheta,
1376 1103 1476 1134 cum

78 1157 163 1203 hoc
183 1158 363 1216 diceret,
390 1161 471 1205 nisi
496 1170 546 1205 ut
567 1177 664 1206 eam
687 1162 777 1206 sine
798 1163 886 1206 fine
907 1162 1178 1222 praediceret.

136 1231 260 1274 VIII.
298 1233 360 1274 De
380 1246 516 1290 regno
539 1232 669 1275 etiam
692 1233 877 1289 Christi,
904 1248 994 1278 non
1016 1232 1258 1278 secundum
1282 1231 1329 1275 id
1355 1229 1475 1289 quod

79 1298 125 1342 in
144 1300 356 1360 principio
374 1302 570 1346 Verbum
591 1305 706 1346 Deus
728 1304 846 1362 apud
869 1306 1059 1360 Deum²3
1079 1318 1181 1347 nam
1203 1302 1323 1347 illinc
1344 1315 1476 1344 nemo

81 1386 274 1430 unquam
298 1371 531 1428 dubitavit,
557 1373 679 1433 quod
703 1374 757 1418 sit
776 1389 849 1418 rex
866 1376 1063 1419 omnium
1082 1371 1343 1417 saeculorum
1363 1391 1371 1415 2
1396 1370 1470 1414 sed

77 1441 321 1486 secundum
334 1442 522 1487 hominis
543 1445 863 1505 susceptionem
882 1453 925 1488 et
950 1443 1200 1488 mediatoris
1223 1455 1473 1487 sacramen-

78 1519 174 1556 tum
197 1521 240 1557 et
262 1528 312 1556 ex
333 1513 502 1572 virgine
524 1515 887 1570 incarnationem,
917 1515 1185 1574 apertissime
1207 1513 1374 1558 dictum
1391 1520 1470 1565 est,

77 1582 198 1641 quod
222 1583 355 1630 finem
377 1599 466 1628 non
497 1586 552 1629 sit
582 1585 863 1640 habiturum,
889 1585 967 1629 ubi
989 1584 1182 1644 Angelus
1204 1582 1389 1642 loquens
1421 1580 1475 1625 acl

79 1653 261 1698 Mariam
278 1669 462 1699 matrem
481 1653 678 1699 futuram
692 1654 997 1714 virginemque
1010 1669 1276 1708 mansuram,
1293 1652 1351 1696 ait
1366 1651 1479 1695 inter

80 1733 236 1769 caetera
258 1745 266 1770 :
297 1744 318 1768 «
338 1727 414 1770 His
437 1727 518 1770 erit
540 1741 740 1785 magnuS,
761 1734 805 1770 et
829 1726 964 1770 Filius
987 1724 1196 1770 Altissimi
1217 1723 1473 1778 vocabitur,

82 1812 104 1837 »
129 1804 173 1840 et
194 1795 316 1841 dabit
343 1796 408 1840 illi
430 1797 643 1841 Dominus
668 1799 784 1841 Deus
804 1797 950 1841 sedem
974 1795 1112 1841 David
1141 1796 1274 1855 patris
1295 1796 1405 1854 ejus,
1435 1802 1479 1836 et

83 1885 104 1908 »
121 1867 321 1925 regnabit
333 1868 378 1912 in
389 1866 520 1912 domo
534 1868 671 1912 Jacob
687 1869 731 1911 in
749 1877 982 1923 aeternum,
999 1877 1041 1911 et
1053 1867 1175 1924 regni
1190 1868 1282 1926 ejus
1297 1881 1386 1909 non
1399 1864 1478 1907 erit

83 1954 104 1979 »
129 1937 269 1982 finis³.
289 1956 308 1980 »
337 1937 589 1983 Secundum
604 1937 713 1998 quid
738 1957 756 1979 «
776 1939 896 1996 regni
913 1938 1004 1997 ejus
1022 1953 1111 1982 non
1130 1938 1212 1981 erit
1228 1936 1342 1989 finis,
1357 1953 1377 1975 »
1400 1934 1478 1978 nisi

81 2009 323 2052 secundum
346 2009 391 2053 id
413 2008 534 2067 quod
562 2027 582 2050 «
601 2008 803 2065 regnabit
821 2008 867 2051 in
890 2007 1023 2053 domo
1041 2009 1205 2052 Jacob?
1223 2026 1242 2047 η
1270 2008 1380 2050 Nam
1398 2006 1481 2047 hoc

83 2078 205 2136 quod
227 2079 311 2133 ait,
348 2097 365 2118 «
388 2079 434 2122 in
464 2086 706 2134 aeternum,
734 2095 754 2118 »
786 2086 965 2136 propter
987 2078 1126 2136 ipsam
1149 2075 1480 2134 ambiguitatem

85 2149 283 2208 exposuit
304 2147 531 2203 addendo,
560 2148 734 2206 «Regni
757 2148 848 2206 ejus
872 2162 962 2191 non
981 2148 1062 2190 erit
1084 2147 1182 2190 finis
1202 2166 1210 2191 :
1238 2167 1255 2189 »
1280 2161 1336 2189 ne
1358 2145 1479 2204 quis-

86 2234 219 2278 quam
237 2228 451 2263 aeternum
469 2218 541 2263 hic
556 2218 614 2263 sic
630 2218 861 2278 acciperet,
882 2217 1256 2277 quemadmodum
1274 2214 1481 2259 saeculum

86 2290 220 2334 finem
244 2288 534 2350 quandolibet
562 2289 832 2332 habiturum.
864 2286 1088 2346 Numquid
1121 2296 1266 2330 autem
1296 2299 1478 2344 regnum

87 2361 133 2404 in
156 2359 289 2405 domo
311 2360 448 2405 Jacob
481 2369 524 2403 et
550 2359 596 2403 in
624 2360 724 2404 sede
757 2358 895 2404 David
922 2357 1107 2416 intelligi
1130 2366 1272 2417 potest
1288 2392 1298 2412 ,
1333 2356 1414 2400 nisi
1437 2355 1481 2398 in

90 2430 282 2476 Ecclesia
309 2440 353 2475 et
380 2431 426 2474 in
457 2445 509 2474 eo
542 2429 707 2489 populo
738 2431 814 2490 qui
849 2438 911 2473 est
942 2444 1124 2488 regnum
1160 2430 1281 2488 ejus?
1305 2427 1359 2471 de
1392 2441 1480 2485 quo

92 2503 222 2547 etiam
245 2501 352 2547 dicit
378 2500 613 2561 Apostolus
642 2519 651 2545 :
687 2519 707 2542 «
727 2502 840 2546 Cum
874 2499 1101 2544 tradiderit
1127 2513 1310 2557 regnum
1331 2501 1418 2541 Deo
1439 2505 1481 2539 et

142 2594 150 2611 ¹
173 2589 234 2621 Isa'i
251 2598 336 2630 mvi,
353 2587 408 2630 24.
436 2604 475 2609 —
490 2593 501 2610 ²
519 2588 611 2619 Joan.
633 2598 658 2627 1,
681 2596 709 2619 ι.
746 2603 774 2608 -
791 2585 803 2610 3
819 2588 896 2619 Luc.
918 2597 943 2625 1,
961 2585 1015 2617 32.
