1803 3250
306 166 384 203 264
737 174 767 200 s.
809 175 1033 202 AUGUSTINI
1072 175 1249 201 EPISCON

359 243 521 285 XXIX.
560 242 644 283 Nec
664 248 806 282 tamen
824 275 832 294 ,
856 255 955 284 cuin
979 241 1022 284 in
1042 244 1127 283 Deo
1142 241 1226 284 sint
1246 240 1441 284 universa
1461 256 1559 300 quae
1578 256 1679 285 con-

298 311 429 362 didit,
453 311 683 369 inquinant
706 325 806 353 eum
829 311 903 370 qui
928 321 1122 370 peceant,
1149 311 1202 354 (le
1233 312 1356 370 cujus
1379 312 1588 370 sapientia
1611 311 1681 355 di-

299 382 411 426 citur
439 400 446 425 :
477 400 495 422 «
518 381 705 439 Attingit
725 390 870 425 autern
888 383 1033 426 omnia
1057 392 1234 441 propter
1251 398 1371 426 suam
1394 382 1679 437 munditiam,

301 471 321 495 »
347 462 390 497 et
411 452 520 496 nihil
542 453 817 513 inquinatum
836 454 878 497 in
897 470 990 498 eam
1013 455 1229 499 incurrit1.
1246 473 1264 495 υ
1288 456 1470 514 Oportet
1482 454 1614 509 enirn,
1635 463 1685 498 ut

297 525 409 568 sicut
432 527 571 568 Deum
594 524 968 584 incorruptibilem
992 535 1034 569 et
1054 525 1475 580 incommutabilem,
1500 525 1559 570 ita
1576 540 1685 570 con·

294 604 524 655 sequenter
542 595 670 639 etiam
689 595 1103 656 incoinquinabilem
1123 597 1364 641 credamus.

354 669 496 712 XXX.
535 667 645 720 Quia
664 683 766 711 vero
788 676 832 710 ct
852 667 1028 711 minima
1053 668 1165 711 bona
1184 703 1194 721 ,
1220 669 1302 712 hoc
1323 677 1401 723 cst,
1428 677 1598 712 terrena
1618 676 1686 712 at-

294 754 381 799 que
405 738 603 782 mortalia
623 739 714 797 ipse
736 737 854 791 fecit,
876 736 951 781 illo
967 737 1161 796 Apostoli
1186 738 1282 783 loco
1300 739 1390 782 sine
1413 738 1687 783 dubitatione

295 809 571 868 intelligitur,
599 810 674 852 ubi
693 808 876 868 loquens
895 808 949 851 de
966 809 1172 853 membris
1190 810 1328 854 carnis
1346 819 1520 861 nostrae,
1551 810 1689 862 «Quia

297 899 317 921 n
344 881 375 924 si
393 880 659 939 glorificatur
675 895 810 923 unum
824 879 1090 935 membrum,
1108 880 1386 940 congaudent
1400 881 1542 925 omnia
1556 895 1691 924 mem-

296 970 316 993 »
344 952 420 996 bra
441 973 452 1009 3
478 961 521 996 et
543 952 576 996 si
600 953 763 1011 patitur
785 967 922 996 unum
946 952 1211 1007 membrum,
1237 953 1566 1013 compatiuntur
1589 968 1687 998 om-

300 1041 320 1064 »
342 1024 413 1067 nia
436 1023 632 1067 membra
648 1026 665 1049 ²
685 1043 694 1068 ι
715 1041 735 1064 »
762 1024 892 1068 etiam
911 1023 995 1067 hoc
1018 1023 1078 1067 ibi
1101 1024 1160 1069 ait
1179 1043 1187 1069 :
1213 1043 1230 1066 «
1249 1028 1362 1069 Deus
1384 1025 1530 1084 posuit
1551 1039 1691 1068 mem-

299 1113 317 1135 »
348 1095 422 1138 bra
436 1094 655 1152 singulum
671 1093 880 1154 quodque
896 1110 1047 1139 eorum
1062 1095 1105 1138 in
1125 1110 1306 1155 corpore
1320 1105 1450 1153 prout
1464 1094 1605 1139 voluit
1617 1096 1649 1139 ³:
1669 1113 1689 1136 »

298 1168 378 1218 Et,
411 1168 560 1209 «Deus
594 1167 851 1224 temperavit
879 1180 1036 1225 corpus
1057 1201 1067 1220 ,
1093 1166 1131 1210 ei
1162 1167 1231 1210 cui
1271 1165 1450 1210 dederat
1483 1169 1693 1225 majorem

301 1256 320 1279 »
347 1237 558 1282 honorem
584 1237 713 1292 dans,
740 1246 789 1281 ut
817 1253 907 1282 non
924 1247 1066 1282 essent
1088 1238 1280 1282 scissurae
1304 1238 1346 1282 in
1372 1252 1554 1297 corpore
1573 1272 1584 1291 ,
1619 1236 1694 1281 sed

305 1328 325 1350 »
351 1307 467 1352 idem
501 1309 644 1367 ipsum
678 1317 726 1352 ut
753 1323 832 1367 pro
864 1309 1049 1352 invicem
1077 1307 1259 1353 sollicita
1289 1309 1375 1352 sint
1407 1308 1599 1352 membra
1615 1309 1646 1351 ⁴.
1673 1325 1693 1348 »

302 1383 395 1425 Hoc
413 1390 560 1424 autem
583 1381 705 1440 quod
727 1380 785 1424 sic
808 1381 854 1424 in
872 1379 1004 1425 modo
1027 1390 1070 1424 et
1088 1381 1229 1440 specie
1245 1390 1288 1425 et
1307 1379 1460 1424 ordine
1475 1374 1698 1424 membro-

303 1467 401 1496 rum
419 1452 558 1496 carnis
580 1450 732 1495 laudat
749 1450 1000 1511 Apostolus,
1021 1452 1066 1495 in
1084 1452 1279 1496 omnium
1298 1451 1552 1496 animalium
1570 1466 1700 1496 carne

304 1523 471 1567 invenis
489 1558 500 1578 ,
526 1531 569 1566 et
588 1522 876 1566 maximorum
898 1531 942 1566 et
957 1522 1236 1567 minimorum
1272 1543 1282 1580 ς
1315 1538 1414 1566 cum
1438 1523 1578 1568 omnis
1600 1537 1701 1568 caro

306 1594 352 1638 in
375 1594 500 1638 bonis
523 1594 719 1648 terrenis,
748 1608 796 1638 ac
813 1608 891 1653 per
911 1594 996 1638 hoc
1018 1593 1206 1638 minimis
1229 1593 1481 1653 deputetur.

366 1667 532 1710 XXXI.
573 1667 681 1709 Item
706 1665 809 1725 quia
832 1665 991 1725 cuique
1019 1663 1162 1724 culpae
1191 1664 1331 1725 qualis
1364 1674 1407 1709 et
1438 1673 1603 1725 quanta
1625 1665 1704 1709 de-

314 1737 470 1782 beatur
486 1752 636 1797 poena,
661 1735 797 1781 divini
811 1736 966 1795 judicii
989 1746 1068 1791 est,
1093 1752 1182 1781 non
1197 1737 1394 1791 humani,
1411 1737 1470 1780 sic
1493 1737 1702 1796 scripturn

309 1817 404 1854 est:
434 1827 454 1849 «
474 1808 511 1852 O
549 1806 735 1852 altitudo
763 1806 1012 1851 divitiarum
1036 1806 1262 1866 sapientiae
1292 1816 1335 1850 et
1371 1807 1563 1851 scientiae
1599 1807 1701 1863 Dei,

313 1897 333 1921 »
361 1893 493 1938 quam
511 1877 808 1922 inscrutabilia
821 1886 923 1921 sunt
931 1877 1094 1937 judicia
1109 1877 1215 1937 ejus,
1233 1886 1276 1920 et
1292 1877 1610 1935 investigabiles
1624 1878 1705 1921 viae

315 1968 335 1991 »
362 1951 453 2009 ejus
468 1952 482 1975 ⁵
501 1950 510 1992 l
535 1968 554 1990 »
584 1952 691 1993 Item
712 1948 815 2009 quia
832 1948 1029 1993 bonitate
1052 1949 1128 1992 Dei
1147 1948 1369 1992 donantur
1399 1958 1575 2008 peccata
1597 1964 1707 1994 con-

313 2021 461 2076 versis,
491 2021 575 2065 hoc
593 2021 735 2080 ipsum
752 2018 873 2080 quod
887 2019 1084 2065 Christus
1103 2020 1258 2064 missus
1272 2029 1351 2074 est,
1378 2020 1479 2064 satis
1498 2019 1705 2075 ostendit,

313 2093 390 2153 qui
412 2107 503 2136 non
525 2093 571 2135 in
591 2107 668 2135 sua
692 2100 848 2136 natura
878 2106 966 2151 qua
985 2093 1098 2135 Deus
1120 2100 1199 2145 est,
1225 2090 1301 2135 sed
1328 2092 1374 2134 in
1406 2100 1551 2136 nostra
1573 2106 1709 2151 quam

315 2164 371 2208 de
392 2163 578 2208 foemina
601 2163 847 2223 assumpsit,
872 2178 951 2223 pro
973 2162 1099 2206 nobis
1123 2171 1322 2207 mortuus
1346 2172 1411 2206 est
1433 2182 1441 2207 :
1474 2177 1607 2223 quam
1630 2163 1709 2207 Dei

314 2236 556 2280 bonitatem
583 2235 696 2279 circa
723 2251 801 2280 nos
824 2244 868 2279 et
889 2234 1168 2279 dilectionem
1191 2235 1251 2278 sic
1278 2234 1486 2293 praedicat
1512 2238 1704 2294 Aposto-

315 2306 384 2352 lus
410 2326 419 2352 :
449 2325 469 2348 «
489 2306 796 2361 Commendat,
818 2306 976 2367 inquit,
1001 2320 1122 2349 suam
1144 2305 1399 2349 charitatem
1420 2308 1532 2349 Deus
1556 2305 1603 2348 in
1626 2320 1709 2349 no-

325 2396 346 2420 »
373 2378 461 2433 bis,
486 2377 694 2438 quoniam
715 2392 816 2422 cum
838 2377 984 2421 adhuc
1004 2385 1252 2436 peccatores
1276 2391 1464 2420 essemus
1480 2411 1491 2432 ,
1516 2376 1713 2421 Christus

376 2487 385 2504 ¹
400 2482 473 2524 Sap.
495 2492 549 2522 vn,
573 2480 626 2522 24.
643 2498 685 2504 -
699 2488 712 2505 ²
731 2493 743 2514 ι
772 2483 845 2514 Cor.
864 2491 921 2523 ιιι,
943 2480 996 2513 16.
1011 2497 1052 2504 —-
1067 2477 1080 2503 3
1099 2479 1182 2512 Ibid.
1206 2479 1256 2513 18.
1271 2479 1339 2508 -4
1357 2478 1438 2512 lbid.
1457 2478 1512 2521 24.
1528 2476 1596 2503 --5
1620 2481 1711 2512 Rom.

327 2548 371 2576 xi,
397 2538 450 2571 33.

1764 0 1787 67 bl

1783 70 1790 215 l

1772 232 1792 302 .!

1778 429 1781 438 x

1783 551 1788 602 Ι
