1803 3250
339 250 503 281 comm
535 250 838 281 Anvznuamm
873 253 1006 291 ch1s,
1042 251 1125 280 m.
1161 253 1208 280 11.
1392 240 1474 281 393

94 320 294 364 inventos
323 317 536 363 Israelitas
552 352 563 372 ‚
588 318 664 377 qui
686 317 845 377 pej0ri,
873 317 1244 376 quemadmodum
1275 318 1477 379 blasphe*

95 399 184 434 mat
201 425 212 445 ,
242 389 433 434 daemoni
445 388 712 443 serviebant,
733 396 776 431 et
797 386 927 446 longe
945 398 1066 433 erant
1083 389 1257 444 Gentes,
1282 405 1382 450 quae
1400 393 1481 434 mi-

96 461 277 505 tioribus
299 460 573 504 daemonibus
586 458 773 504 subditae
791 457 965 503 fuerant
979 461 996 503 Ρ
1010 461 1242 514 Quomodo
1256 460 1361 505 dicit
1377 461 1481 506 alie-

95 541 218 576 natos
241 530 376 576 fuisse
394 548 417 575 a
438 532 641 576 societate
659 530 790 575 Israel
803 540 845 575 et
860 532 1108 590 peregrinos
1122 542 1481 578 testamentorum

95 612 138 647 et
162 602 468 663 promissionis,
493 602 672 663 quando
693 610 817 647 erant
835 617 954 662 spem
973 618 1062 647 non
1082 603 1308 659 habentes,
1331 614 1372 649 et
1392 606 1483 649 sine

97 675 187 718 Deo
209 673 254 717 in
276 673 360 718 hoc
383 672 566 729 mundo,
587 674 621 718 si
639 671 772 718 Israel
794 688 884 718 non
906 673 984 717 Dei
1005 672 1197 733 populus
1219 676 1340 719 erat?
1367 676 1482 720 Con-

101 753 165 788 tra
182 745 307 788 istam
328 744 481 788 tubam
499 742 778 789 clarissimam
800 752 844 788 et
870 743 1271 789 excellentissimam
1293 746 1483 791 veritatis

100 815 375 875 perstrepitat
399 824 529 875 atque
561 813 740 859 insultat
775 814 952 859 insanus
967 849 978 870 ,
1019 814 1166 859 dicens
1209 815 1255 859 in
1292 818 1484 876 personis

59 890 68 897 ”
93 885 289 946 quinque
308 885 506 930 locutum
528 885 787 946 Apostolum
805 920 817 940 ,
856 894 904 930 ut
936 885 1038 931 alias
1071 901 1125 931 ex
1154 885 1247 931 aliis
1271 885 1475 943 falleret,

95 956 303 1016 fingendo
325 971 369 1000 se
390 971 480 1000 esse
501 956 622 1017 quod
644 972 734 1002 non
761 966 853 1001 erat
874 976 883 1001 :
908 972 1010 1001 cum
1039 956 1183 1002 videat
1204 973 1304 1002 eum
1328 960 1480 1003 Genti-

94 1027 175 1072 bus
189 1043 289 1087 quae
300 1026 428 1086 longe
445 1027 620 1072 fuerant
632 1044 655 1072 a
671 1031 761 1073 Deo
780 1027 1090 1084 Israelitarum,
1106 1028 1309 1073 eumdem
1323 1032 1479 1084 Deum,

95 1099 295 1142 eamdem
320 1101 482 1158 Legem
504 1134 515 1155 ,
541 1098 716 1144 eosdem
735 1100 973 1160 Prophetas
989 1135 1000 1155 ,
1039 1102 1310 1146 Testamenta
1334 1101 1483 1146 eadem

96 1171 345 1230 praedicare.
385 1172 491 1224 Quis
527 1171 582 1216 de
616 1171 813 1231 angulari
848 1171 994 1231 lapide
1028 1172 1146 1232 prior
1182 1172 1355 1218 locutus
1392 1180 1485 1218 est?

95 1242 250 1286 Nonne
273 1242 489 1300 Propheta
509 1242 672 1301 Spiritu
691 1242 768 1286 Dei
785 1241 955 1301 plenus,
975 1258 1108 1303 quem
1125 1244 1256 1303 pestis
1274 1245 1353 1289 ista
1371 1245 1484 1289 blas-

97 1314 304 1374 phemat?
326 1314 398 1358 Ait
415 1314 530 1358 enim
554 1333 563 1358 ι
594 1332 613 1356 «
632 1317 744 1358 Ecce
765 1329 883 1373 pono
904 1315 949 1358 in
970 1315 1072 1359 Sion
1092 1314 1283 1374 lapidem
1301 1316 1482 1376 angula=

100 1403 120 1426 »
147 1400 255 1439 rem,
280 1384 482 1440 electum,
509 1385 762 1444 pretiosum,
783 1394 826 1429 et
843 1385 919 1445 qui
940 1383 1172 1430 crediderit
1194 1387 1240 1431 in
1257 1403 1374 1442 eum,
1395 1404 1482 1433 nou

100 1475 119 1496 »
144 1456 411 1501 erubescet¹.
433 1474 453 1496 »
475 1455 604 1510 Quod
620 1457 916 1501 testimonium
933 1459 1288 1502 commemoravit
1300 1467 1343 1503 et
1358 1476 1484 1520 apos-

99 1527 210 1572 tolus
233 1531 401 1573 Petrus.
422 1530 578 1572 Nonne
590 1528 708 1586 prius
723 1527 767 1571 in
784 1527 955 1572 Psalmo
972 1528 1219 1587 pertinente
1233 1529 1287 1573 ad
1303 1531 1486 1577 Litteras

96 1615 236 1645 sacras
259 1600 411 1659 populi
434 1600 587 1657 prioris
604 1599 773 1645 dictum
794 1609 885 1645 est:
913 1619 931 1640 «
950 1600 1159 1660 Lapidem
1183 1618 1314 1661 quem
1338 1619 1486 1664 repro*

101 1689 121 1711 »
148 1670 364 1715 baverunt
384 1669 665 1725 aedificantes,
691 1670 762 1715 hic
783 1670 923 1715 factus
945 1672 1067 1715 estin
1085 1681 1217 1731 caput
1233 1674 1381 1733 anguli
1395 1677 1412 1701 ²
1428 1678 1446 1718 Ρ
1466 1698 1481 1716 »

99 1741 174 1785 His
197 1742 310 1785 enim
334 1742 504 1786 Litteris
522 1741 718 1786 eruditus
746 1741 903 1787 Paulus
921 1743 1141 1802 apostolus
1165 1745 1309 1804 posuit
1329 1781 1339 1801 ,
1367 1748 1484 1807 quod

98 1811 230 1871 paulo
252 1821 354 1856 ante
369 1814 705 1857 commemoravi
728 1832 736 1857 :
763 1833 779 1853 «
804 1816 903 1872 Ipso
925 1829 1097 1859 summo
1125 1816 1323 1875 angulari
1345 1817 1487 1877 lapide

102 1901 122 1924 »
147 1883 354 1927 existente
377 1884 550 1928 Christo
573 1885 719 1928 Jesu3.
746 1905 763 1925 »
790 1883 916 1928 Unde
938 1885 1028 1944 ipse
1052 1887 1261 1932 Dominus
1283 1890 1306 1931 J
1313 1888 1458 1934 udaeos
1473 1926 1482 1943 ,

96 1955 141 1998 in
161 1953 320 2014 quibus
342 1954 512 1999 caecitas
534 1969 584 1998 ex
607 1963 728 2014 parte
750 1953 862 1999 facta
883 1957 988 2010 est4,
1014 1957 1224 2013 convicit,
1259 1958 1486 2005 confusos-

97 2040 183 2085 que
205 2024 410 2080 reddidit,
434 2023 582 2069 dicens
603 2044 612 2070 :
642 2027 914 2085 «Nunquam
947 2026 1108 2086 legistis
1140 2029 1185 2072 in
1222 2030 1452 2089 Scripturis
1474 2052 1481 2077 ;

100 2113 121 2137 »
151 2096 359 2154 Lapidem
376 2111 508 2155 quem
528 2096 872 2155 reprobaverunt
888 2098 1169 2153 aedificantes,
1188 2100 1258 2144 hic
1273 2100 1410 2146 sactus
1423 2112 1483 2146 est

100 2185 120 2208 »
146 2167 190 2210 in
212 2176 343 2226 caput
367 2166 543 2226 anguli,
568 2182 592 2211 a
614 2168 800 2212 Domino
823 2168 987 2213 factum
1005 2179 1069 2214 est
1090 2170 1229 2227 istud,
1256 2181 1298 2216 et
1321 2182 1383 2217 est
1403 2176 1485 2218 mi-

100 2256 119 2279 »
146 2237 283 2281 rabile
305 2238 349 2281 in
375 2236 514 2282 oculis
536 2239 749 2283 nostris⁵?
768 2257 786 2279 »
810 2242 913 2284 Haec
934 2256 1038 2299 ergo
1055 2242 1199 2286 omnia
1218 2244 1484 2289 mendaciter

97 2309 293 2354 Christus
312 2323 363 2352 ex
379 2311 494 2368 Lege
519 2324 569 2353 ac
597 2310 844 2369 Prophetis,
873 2311 1140 2357 mendaciter
1162 2314 1356 2372 Apostoli
1379 2332 1483 2375 pro-

98 2377 326 2435 ferebant,
366 2380 478 2425 sicut
509 2380 588 2425 iste
621 2381 921 2442 blasphemat,
958 2383 1060 2444 quia
1082 2384 1284 2430 videlicet
1321 2387 1478 2432 infirmi

101 2450 298 2495 nondum
318 2460 519 2511 poterant
531 2450 712 2497 solidam
729 2468 882 2513 capere
896 2454 1121 2501 veritatem
1136 2457 1154 2497 ⁶?
1177 2458 1332 2501 Ita-ne
1342 2472 1482 2502 caecus

149 2559 156 2575 ¹
180 2553 252 2585 lsai.
283 2563 397 2594 xxvlu,
430 2553 492 2594 163
522 2555 593 2586 Act.
613 2566 661 2597 1x,
693 2567 726 2587 11
746 2565 756 2594 ;
784 2567 797 2588 1
826 2558 913 2589 Petr.
940 2569 986 2598 11,
1005 2556 1038 2589 6.
1056 2575 1097 2580 -
1113 2565 1125 2580 ²
1149 2554 1227 2590 Psal.
1246 2570 1347 2600 cxvii,
1372 2569 1424 2593 22.
1441 2577 1480 2583 —-

103 2607 118 2631 ³
133 2607 249 2650 Ephes.
267 2620 302 2651 n,
320 2617 375 2643 20.
388 2625 428 2633 --
443 2609 460 2641 4
476 2612 569 2643 Rom.
589 2621 633 2652 vn,
651 2610 705 2643 25.
719 2627 761 2636 —-
774 2609 789 2634 ⁵
805 2611 922 2645 Matth.
945 2623 1010 2650 xxx,
1028 2612 1082 2654 4'2.
