1803 3250
443 250 609 279 CONTRA
641 252 873 279 SERMONEM
903 252 1172 282 ammonuit.
1416 245 1498 284 487

117 315 419 360 consolationis
438 325 648 377 tanquam
670 331 849 360 munere
870 320 1043 378 proprio
1066 336 1262 379 separare
1276 336 1299 364 a
1318 324 1442 365 Patre
1456 332 1498 365 et

120 401 143 429 a
166 384 277 429 Filio
299 400 526 444 personam
551 387 734 446 Spiritus
757 388 909 431 sancti.

176 456 273 499 Jam
295 453 420 510 illud,
445 456 565 516 quod
583 456 682 501 ideo
706 456 913 515 Spiritum
934 468 1130 502 sanctum
1155 459 1266 505 Filio
1283 461 1495 514 minorem

119 534 335 569 conantur
365 525 614 580 ostendere,
647 525 767 586 quod
795 526 871 569 iste
903 529 956 570 sit
982 528 1096 571 illius
1117 538 1322 589 tanquam
1340 530 1499 589 judicis

119 592 382 650 advocatus,
417 596 546 639 etiam
576 596 776 639 homines
806 606 973 640 sanctos
1002 598 1141 641 eidem
1171 599 1277 643 mira
1306 601 1499 644 caecitate

117 660 398 724 praeponunt,
422 664 477 709 de
499 666 659 725 quibus
681 666 738 709 ait
755 666 871 709 idem
888 668 1097 711 Dominus
1118 688 1126 712 2
1156 687 1175 711 α
1199 668 1410 714 Sedebitis
1428 686 1499 714 su-

119 752 140 776 »
159 748 236 793 per
250 733 482 779 duodecim
493 735 629 790 sedes,
640 735 885 796 judicantes
899 735 1129 781 duodecim
1142 738 1281 782 tribus
1294 740 1422 783 Israel
1437 743 1464 783 ¹.
1475 758 1495 780 »

118 804 188 848 Ibi
208 803 515 864 respondeant,
541 804 647 865 quid
670 806 750 849 erit
774 806 957 864 Spiritus
969 815 1141 850 sanctus
1156 826 1164 851 :
1180 822 1280 850 cum
1303 808 1412 851 Filio
1429 810 1503 867 ju-

117 872 216 929 dex,
240 888 296 917 an
318 873 435 933 apud
450 875 618 934 judices
630 875 758 918 etiam
776 876 972 919 homines
984 875 1251 920 advocatus?
1273 876 1400 920 Absit
1421 893 1502 921 au-

117 952 206 988 tem
227 943 308 988 ista
330 959 354 988 a
375 944 495 988 fideli
524 944 654 989 corde
683 946 882 990 vecordia
901 981 911 1000 ‚
948 955 995 989 ut
1029 947 1083 990 sit
1110 946 1328 1005 judicibus
1360 947 1503 991 minor

116 1014 351 1059 advocatus
384 1015 567 1074 Spiritus
599 1025 796 1074 sanctus3
831 1031 931 1060 cum
954 1016 1016 1059 illi
1048 1017 1223 1075 utique,
1255 1027 1305 1060 ut
1332 1017 1502 1077 judices

115 1084 218 1140 sint,
243 1084 494 1143 repleantur
520 1086 684 1145 Spiritu
705 1095 871 1141 sancto,
898 1086 1138 1131 secundum
1161 1102 1290 1146 quem
1311 1087 1503 1131 viventes

117 1154 231 1198 fiunt
261 1155 486 1215 spiritales.
520 1175 539 1197 «
559 1155 768 1214 Spiritalis
791 1156 906 1200 enim
929 1156 1072 1200 omnia
1092 1156 1306 1216 judicat2.
1332 1175 1352 1197 »
1378 1159 1500 1209 Quo-

116 1224 248 1268 modo
273 1240 377 1283 ergo
398 1225 540 1270 minor
564 1235 627 1269 est
649 1226 796 1285 judice
816 1226 892 1286 qui
915 1225 1082 1285 judices
1109 1225 1235 1280 facit,
1270 1241 1371 1270 cum
1399 1225 1501 1270 facit

48 1307 51 1308 ⁷
114 1302 164 1337 ut
179 1292 339 1353 judicis
365 1293 482 1338 illius
511 1296 597 1338 sint
631 1295 824 1338 membra
847 1305 890 1338 et
911 1311 1036 1338 suum
1066 1295 1275 1354 templum
1293 1330 1304 1350 ,
1329 1296 1502 1340 dicente

111 1364 321 1422 Apostolo
343 1383 351 1409 ε
393 1366 622 1423 «Corpora
650 1378 788 1409 vestra
817 1365 1013 1408 membra
1034 1374 1135 1408 sunt
1164 1365 1338 1409 Christi.
1361 1384 1381 1407 »
1406 1368 1497 1410 Eo-

114 1434 303 1493 demque
338 1434 490 1477 itidem
525 1433 696 1477 dicente
726 1453 734 1478 ε
768 1435 996 1492 «Corpora
1030 1442 1169 1477 vestra
1199 1433 1411 1492 templum
1438 1444 1503 1478 est

115 1522 136 1546 »
164 1505 346 1563 Spiritus
360 1505 496 1549 sancti
510 1505 584 1564 qui
598 1504 642 1547 in
656 1503 779 1548 vobis
793 1505 898 1547 est3.
914 1521 933 1544 »
960 1506 1016 1547 Et
1028 1512 1173 1547 tamen
1190 1505 1223 1547 si
1238 1504 1503 1562 apertissime

112 1573 308 1633 legerent
328 1575 374 1619 in
396 1575 552 1620 sanctis
584 1574 814 1633 Scripturis
844 1573 1117 1618 Salomonem
1141 1588 1287 1632 regem
1310 1573 1437 1631 lignis
1459 1583 1502 1617 et

112 1643 331 1703 lapidibus
357 1647 479 1705 jussu
521 1644 597 1688 Dei
631 1643 844 1702 templum
883 1643 1082 1687 struxisse
1114 1643 1290 1702 Spiritui
1324 1651 1497 1698 sancto,

113 1717 252 1758 Deum
275 1729 365 1759 esse
389 1715 598 1773 Spiritum
622 1721 819 1757 sanctum
854 1712 1054 1756 dubitare
1075 1728 1165 1756 non
1196 1721 1396 1771 possent,
1428 1713 1500 1756 cui

115 1794 235 1828 tanta
258 1783 476 1843 religionis
497 1783 698 1839 servitus,
723 1799 823 1843 quae
840 1781 962 1826 latria
986 1782 1189 1836 dicitur4,
1212 1782 1402 1840 legitime
1421 1797 1498 1825 ex-

114 1855 339 1899 hiberetur
356 1856 402 1899 in
423 1853 588 1914 populo
613 1854 713 1907 Dei,
739 1863 788 1897 ut
807 1853 870 1897 illi
893 1855 1019 1896 etiam
1037 1851 1245 1910 templum
1263 1850 1500 1896 fabricare—

114 1934 210 1978 tur3
229 1940 329 1969 cum
345 1925 556 1969 Dominus
573 1923 688 1968 dicat
712 1943 720 1967 ι
752 1942 769 1963 «
795 1923 1031 1966 Dominum
1045 1925 1181 1965 Deum
1200 1932 1326 1965 tuum
1342 1921 1498 1965 adora-

116 2015 135 2036 »
153 1996 230 2049 bis,
250 2005 293 2040 et
313 1995 376 2039 illi
388 1994 467 2039 soli
486 1994 667 2038 servies⁵
690 2011 734 2036 ε»
754 1993 929 2052 quodin
947 1993 1098 2036 Graeco
1110 2001 1188 2045 est,
1212 1992 1422 2045 λατρεύσεις.
1440 1994 1496 2035 Et

112 2081 209 2109 eum
242 2080 396 2124 negare
419 2065 584 2109 audent
604 2067 740 2108 Deum
759 2098 769 2117 ‚
801 2062 876 2121 qui
903 2078 991 2105 non
1013 2061 1129 2119 ligna
1148 2071 1190 2104 et
1212 2060 1398 2119 lapides,
1424 2063 1499 2104 sed

114 2137 309 2179 membra
331 2134 491 2179 Christi
511 2133 645 2177 habet
663 2132 892 2191 templum.
920 2132 988 2175 Sic
1011 2132 1124 2173 enim
1151 2131 1357 2188 Spiritum
1373 2145 1497 2173 sanc-

114 2216 206 2249 tuan
221 2204 461 2264 subjiciunt
483 2203 683 2262 potestati
700 2202 880 2255 Christi,
905 2215 1003 2244 cum
1021 2202 1110 2259 ejus
1132 2199 1343 2258 templum
1357 2214 1497 2243 mem-

116 2278 193 2320 bra
214 2276 298 2319 sint
319 2275 479 2320 Christi
503 2292 512 2318 :
536 2271 906 2332 quemadmodum
928 2272 1068 2330 ipsum
1086 2270 1244 2313 Filium
1261 2269 1498 2328 imperiali-

115 2347 196 2390 bus
213 2344 384 2404 legibus
407 2344 499 2397 Dei,
517 2358 617 2387 cum
639 2342 729 2401 ipse
751 2343 803 2386 sit
826 2342 1018 2385 Verbum
1039 2340 1131 2394 Dei,
1155 2356 1235 2384 nec
1257 2340 1349 2383 ullo
1367 2339 1501 2385 modo

115 2415 387 2475 imperatoris
403 2415 586 2459 verbum
610 2412 780 2473 legibus
803 2412 1041 2472 subjaceat,
1062 2410 1137 2454 sed
1150 2410 1265 2468 leges
1283 2409 1427 2454 saciat,

163 2524 174 2538 1
202 2515 316 2548 Matth.
341 2526 410 2556 xxx,
428 2513 538 2547 28.·-
557 2520 570 2536 ²
595 2525 605 2545 ι
630 2515 704 2546 Cor.
724 2525 761 2554 11,
786 2512 836 2545 15.
853 2529 893 2535 —
910 2510 924 2534 3
941 2512 989 2544 ld.
1005 2522 1054 2553 v1‚
1077 2521 1125 2553 ¹9·
1140 2527 1181 2533 —
1195 2510 1212 2540 4
1226 2511 1342 2544 Confer
1355 2510 1504 2543 collatio-

118 2583 192 2606 nem
208 2583 280 2607 cum
297 2571 473 2605 Maximino
488 2572 568 2612 Aug.
587 2580 620 2602 n.
645 2574 684 2610 ¹4
700 2593 707 2602 .
723 2585 764 2593 ——
778 2566 793 2591 ⁵
812 2571 906 2601 Deut.
925 2579 973 2607 vr,
996 2567 1047 2600 13.
