1803 3250
295 233 347 258 DE
382 233 493 258 Atrius
525 232 612 258 CUM
650 231 794 257 FELICE
830 229 1077 267 MAMCHAEO,
1117 230 1194 255 ΜΒ.
1235 230 1279 255 11.
1396 216 1478 255 245·

153 300 267 341 Auo.
293 296 427 341 dixit:
456 295 585 350 Quod
605 293 848 352 intelligere
869 293 1072 350 noluisti,
1099 295 1201 354 quia
1220 295 1352 338 homo
1379 309 1480 338 eum

95 367 233 411 filium
255 367 385 421 facit,
421 383 508 411 non
535 366 676 410 facere
698 365 871 424 proprie
893 365 1052 410 dicitur
1066 401 1076 420 ,
1112 366 1188 410 sed
1212 366 1384 425 proprie
1404 380 1481 423 ge-

94 454 244 483 nerare
265 439 422 483 dicitur
448 460 458 483 ·.
484 438 542 482 sic
570 446 614 481 et
644 440 757 481 Deus
780 437 940 481 Filium
971 438 1147 481 unicum
1180 438 1353 496 genuit,
1391 436 1481 481 dixi

95 511 173 555 tibi
189 545 201 568 ,
226 526 315 555 non
333 509 450 554 fecit.
477 509 599 553 Fecit
615 518 760 553 autem
774 507 885 552 illud
902 508 1023 568 quod
1040 508 1208 569 aequale
1225 509 1263 552 ei
1284 524 1373 553 non
1392 518 1480 553 est:

89 582 210 642 quod
242 590 387 626 autem
420 580 598 639 genuit,
628 579 795 640 aequale
830 579 893 624 illi
924 589 1002 624 est.
1040 583 1194 640 Itaque
1227 580 1337 639 elige
1365 581 1473 636 tibi,

90 662 241 697 utrum
261 651 366 698 velis
388 651 530 695 dicere
552 650 809 696 mutabilem
830 650 908 696 Dei
939 648 1151 695 facturam
1170 685 1181 705 ,
1213 666 1268 695 an
1290 652 1482 695 mutabi-

92 723 178 769 lem
201 724 277 768 Dei
299 732 517 768 naturam.

150 797 256 839 FEL.
281 794 389 839 dixit
410 813 419 839 :
449 813 468 836 «
489 793 720 848 Quomodo
739 797 851 839 Deus
870 792 1154 838 immutabilis
1172 801 1234 836 est
1251 827 1262 848 ‚
1283 791 1482 837 similiter

90 879 221 926 quem
244 865 422 925 genuit,
445 863 731 910 immutabilis
754 874 840 924 est,
864 874 907 910 et
928 866 1049 925 quod
1067 864 1192 919 fecit,
1218 863 1324 909 side
1346 863 1479 923 ipsius

89 945 245 982 natura
266 946 345 991 est,
369 951 459 981 non
480 945 691 993 mutatur,
717 936 822 996 (sed
844 937 899 982 de
920 935 1056 982 nihilo
1080 935 1182 980 feeit
1197 971 1208 991 ,
1234 936 1337 996 quia
1367 950 1477 994 opus

90 1023 180 1053 non
199 1016 439 1052 mutatur.»
458 1011 476 1066 )

148 1081 262 1123 Aue.
283 1078 393 1123 dixit
413 1097 422 1123 ε
450 1078 535 1123 Sed
555 1080 645 1139 jam
667 1079 745 1124 tibi
768 1077 936 1123 dictum
960 1087 1024 1123 est
1041 1113 1052 1133 ,
1078 1079 1181 1137 quia
1199 1077 1320 1137 quod
1341 1075 1444 1122 fecit
1461 1112 1473 1133 ,

89 1164 180 1194 non
201 1147 255 1193 de
275 1149 407 1208 ipsius
428 1158 582 1193 natura
607 1158 670 1193 est
691 1168 700 1193 z
726 1148 799 1192 sed
830 1164 881 1193 ex
900 1148 1038 1193 nihilo
1060 1147 1181 1203 fecit,
1209 1148 1310 1208 quia
1339 1148 1481 1193 omni·-

87 1228 242 1279 potens
259 1228 336 1263 est.
361 1221 458 1265 Non
481 1228 592 1273 erat,
618 1229 661 1263 et
682 1218 787 1264 fecit
802 1254 813 1275 ,
836 1235 926 1264 non
949 1221 1003 1263 de
1020 1234 1080 1275 se,
1103 1234 1192 1264 non
1206 1218 1261 1263 de
1276 1218 1422 1278 aliqua
1434 1233 1480 1262 re

89 1305 222 1351 quam
246 1289 335 1348 ipse
357 1305 446 1334 non
470 1288 650 1343 fecerat,
672 1288 748 1333 sed
764 1305 813 1333 ex
833 1288 987 1334 nihilo.

149 1363 255 1405 Fu.
281 1358 388 1404 dixit
410 1379 418 1405 :
449 1363 580 1419 «Ego
607 1375 696 1404 non
732 1361 814 1405 hoc
840 1360 928 1405 dixi
956 1379 964 1405 :
993 1359 1070 1404 sed.
1096 1360 1205 1415 dixi,
1231 1360 1334 1420 quia
1366 1361 1483 1405 Deus

90 1430 374 1476 immutabilis
396 1440 480 1486 est,
506 1440 549 1475 et
570 1430 690 1491 quod
713 1433 864 1490 genuit
885 1429 1159 1476 immutabile
1176 1440 1240 1475 est
1255 1466 1266 1487 ,
1298 1440 1342 1475 et
1363 1428 1484 1490 quod

90 1500 193 1546 fecit
214 1500 488 1546 immutabile
511 1511 588 1545 est.
614 1504 712 1548 Non
734 1501 837 1558 dixi,
860 1502 978 1546 unde
995 1501 1107 1546 illud
1128 1501 1233 1547 fecit
1258 1521 1266 1547 :
1293 1517 1383 1546 non
1400 1502 1485 1546 hoc

90 1572 296 1633 quaesivi,
321 1572 439 1617 unde
461 1573 628 1618 fecerit.
651 1591 670 1614 »

150 1647 263 1688 Am.
289 1642 395 1687 dixit
423 1663 432 1688 :
460 1643 545 1688 Sed
575 1660 597 1688 a
632 1659 701 1688 me
731 1643 889 1689 audisti
919 1643 1041 1704 quod
1063 1659 1150 1688 non
1179 1642 1393 1705 quaesisti,
1433 1651 1483 1687 ut

86 1716 176 1776 jam
191 1714 407 1759 desineres
419 1715 551 1760 stulta
564 1715 702 1776 loqui.
720 1716 1008 1775 Omnipotens
1024 1719 1136 1760 Deus
1153 1725 1196 1760 et
1213 1715 1268 1760 de
1280 1731 1324 1760 se
1342 1715 1484 1774 potuit

93 1801 313 1846 generare,
339 1795 382 1830 et
403 1787 458 1830 de
480 1786 617 1832 nihilo
639 1785 796 1842 facere,
823 1797 866 1832 et
889 1803 939 1832 ex
961 1803 1012 1832 eo
1035 1787 1155 1847 quod
1173 1788 1263 1847 jam
1291 1786 1454 1831 fecerat
1470 1819 1482 1841 ,

93 1855 259 1917 aliquid
279 1855 469 1901 formare
495 1876 504 1901 z
536 1856 591 1901 de
613 1873 657 1901 se
680 1856 843 1902 Filium
871 1857 1086 1918 aequalem
1119 1858 1229 1916 sibi,
1263 1857 1318 1901 de
1347 1855 1486 1900 nihilo

92 1926 309 1972 mundum
325 1935 367 1971 et
383 1927 625 1972 universam
647 1938 887 1973 creaturam
905 1949 916 1986 3
940 1944 991 1973 ex
1007 1928 1171 1989 aliquo,
1197 1928 1251 1973 de
1273 1937 1389 1972 terra
1402 1927 1484 1972 ho-

94 1999 257 2043 minem
284 2017 292 2042 :
318 1997 420 2057 quia
442 1999 717 2058 omnipotens
735 2009 813 2043 est.
840 1999 970 2052 Quod
992 2015 1095 2058 ergo
1124 1998 1179 2043 de
1209 2015 1253 2043 se
1275 1999 1370 2058 ipso
1391 2007 1481 2053 est,

94 2069 234 2130 pollui
255 2085 482 2129 nunquam
507 2079 676 2129 potest,
703 2070 927 2131 quomodo
947 2086 1027 2115 nec
1047 2071 1138 2130 ipse
1159 2085 1168 2111 ε
1192 2068 1313 2129 quod
1337 2078 1483 2113 autem

95 2138 236 2187 abillo
249 2139 415 2186 factum
432 2150 510 2196 est,
532 2157 621 2186 non
633 2142 687 2186 de
701 2141 776 2187 illo
790 2177 801 2197 ,
825 2152 867 2186 et
882 2141 1018 2201 pollui
1041 2150 1181 2201 potest
1199 2156 1275 2200 per
1292 2140 1481 2184 liberum

96 2211 347 2267 arbitrium,
365 2221 409 2256 et
428 2212 633 2256 mundari
649 2228 724 2272 per
738 2213 871 2273 ipsius
889 2211 1249 2267 misericordiam,
1270 2210 1483 2256 condem-

96 2282 243 2328 nando
256 2283 377 2343 quod
398 2283 608 2343 peccavit,
634 2293 676 2327 et
702 2283 977 2342 agnoscendo
999 2284 1076 2344 qui
1092 2298 1192 2328 eum
1213 2284 1388 2328 creavit.
1417 2285 1484 2327 Tu

96 2369 199 2400 vero
213 2354 290 2414 qui
308 2352 439 2414 paulo
454 2364 554 2399 ante
565 2353 725 2410 dixisti,
743 2356 845 2416 quia
867 2355 1205 2416 quiDeipartem
1215 2355 1482 2414 corruptibi-

95 2425 183 2470 lem
202 2435 246 2470 et
267 2426 649 2471 contaminabilem
678 2427 810 2483 dicit,
846 2427 1190 2472 anathemandus
1211 2435 1275 2470 est
1289 2460 1301 2481 ,
1326 2440 1482 2484 negare

96 2506 242 2541 autem
264 2512 355 2542 non
381 2506 503 2557 potes
530 2497 823 2542 Manichaeum
851 2496 1026 2552 dixisse,
1062 2495 1183 2557 quod
1212 2512 1309 2556 pars
1336 2496 1411 2541 Dei
1434 2496 1480 2539 in

101 2577 227 2626 gente
247 2569 525 2614 tenebrarum
555 2570 866 2629 comprehensa
894 2578 1025 2628 atque
1046 2567 1214 2627 polluta
1236 2577 1321 2622 est,
1346 2576 1389 2611 et
1416 2567 1482 2611 his
