1803 3250
425 235 587 265 CONTRA
622 234 836 274 FAUSTUM,
873 237 954 265 ΠΒ.
990 237 1149 265 xxxiii.
1384 225 1465 264 185

90 388 117 403 ΔΑ
124 387 257 404 ἉΛᾹΛᾸΊῚ
265 387 329 404 §Um
336 387 543 405 §mmm
548 387 684 403 §MA‘lMAE
690 386 754 402 ΆΙΝΙ
759 386 825 402 §tm
830 387 896 403 ἏἊ
901 386 967 403 §MR
974 388 1038 405 §i'lx
1044 388 1108 404 1101ss
1115 388 1181 403 2²⁸²!ss
1187 387 1251 403 §MK
1258 387 1322 403 ᾺἋ
1328 386 1467 403 mkl'lv

517 575 728 631 LIBER
778 574 1051 632 XXXIII.

143 792 176 833 I.
213 793 405 835 FAusTus
427 789 535 833 dixit
557 808 566 834 ε
596 808 615 831 «
638 790 856 850 Scriptum
879 798 941 834 est
963 789 1007 833 in
1022 786 1261 846 Evangelio
1283 806 1291 831 ι
1322 787 1469 839 «Quia

85 877 105 901 »
128 859 251 903 multi
273 859 450 904 venient
480 859 533 903 ab
563 859 740 905 Oriente
769 869 813 904 et
847 859 1084 904 Occidente
1103 894 1114 913 ,
1147 869 1188 902 et
1213 858 1469 901 recumbent

83 949 102 971 »
129 945 230 974 cum
252 930 471 975 Abraham
495 940 537 975 et
561 934 678 976 Isaac
707 941 751 976 et
778 932 914 975 Jacob
942 932 987 974 in
1010 945 1143 988 regno
1162 929 1378 974 coelorum
1395 931 1423 972 ¹.
1449 948 1468 969 »

84 1004 170 1046 Vos
192 1017 295 1061 ergo
311 1017 444 1063 quare
466 1018 556 1047 non
579 1003 770 1062 accipitis
796 1002 1098 1046 Patriarchas?
1120 1001 1244 1045 Absit
1267 1016 1344 1044 nos
1374 1001 1474 1060 qui-

82 1072 181 1116 dem
205 1074 408 1133 cuiquam
432 1073 624 1118 invidere
646 1074 895 1118 mortalium
913 1109 922 1127 ‚
949 1088 1080 1133 quem
1104 1075 1218 1116 Deus
1247 1071 1359 1116 forte
1388 1073 1472 1115 mi-

83 1144 295 1188 seratione
319 1144 550 1203 respiciens
572 1160 663 1199 sua,
690 1144 745 1188 de
765 1144 1010 1203 perditione
1037 1158 1232 1203 unquam
1255 1142 1472 1186 reduxerit

82 1215 135 1258 ad
158 1215 342 1259 salutem
367 1234 376 1259 :
401 1214 476 1258 sed
511 1215 594 1258 hoc
622 1230 724 1258 sanc
756 1230 835 1258 nos
871 1216 962 1274 ejus
994 1229 1084 1258 esse
1108 1216 1199 1273 jam
1230 1213 1474 1258 clementiae

82 1286 282 1345 ponimus
317 1285 394 1345 qui
428 1284 627 1329 misertus
655 1286 730 1339 sit,
768 1300 857 1329 non
889 1284 1004 1329 illius
1027 1285 1170 1329 meriti
1193 1287 1315 1345 cujus
1340 1285 1472 1328 fuisse

82 1370 239 1415 negare
276 1370 365 1400 non
403 1355 537 1414 possis
574 1354 909 1414 improbabilem
943 1356 1078 1400 vitam
1100 1374 1109 1400 ε
1135 1370 1184 1399 ac
1209 1370 1285 1414 per
1313 1355 1397 1399 hoc
1429 1363 1471 1398 et

81 1429 104 1470 J
111 1425 337 1471 udaeorum
359 1434 517 1484 patres,
544 1425 765 1470 Abraham
794 1425 956 1470 scilicet
984 1435 1027 1470 et
1055 1428 1171 1470 Isaac
1194 1434 1237 1469 et
1260 1425 1411 1479 Jacob,
1439 1426 1471 1468 si

82 1507 146 1541 est
180 1498 264 1541 hoc
292 1511 372 1556 pro
403 1504 521 1540 certo
555 1495 610 1540 de
640 1496 792 1540 iisdem
825 1496 984 1541 Christi
1023 1496 1319 1541 testimonium
1352 1496 1471 1556 quod

83 1567 262 1623 affertis,
289 1582 543 1627 quanquam
565 1566 747 1610 fuerunt
767 1567 847 1625 ipsi
866 1565 1043 1627 quidem
1062 1566 1406 1625 flagitiosissimi,
1425 1576 1474 1611 ut

83 1639 174 1683 fere
194 1641 367 1696 Moyses
387 1636 550 1682 indicat
568 1653 718 1682 eorum
744 1653 987 1698 pronepos,
1013 1638 1101 1682 sive
1129 1638 1225 1698 quis
1258 1638 1364 1682 alius
1390 1638 1475 1682 his-

85 1710 206 1754 toriae
228 1710 356 1769 hujus
376 1708 578 1753 conditor
595 1718 675 1764 cst,
695 1724 794 1768 quae
812 1707 971 1753 dicitur
986 1709 1215 1764 Geneseos,
1234 1710 1310 1769 qui
1323 1724 1474 1754 eorum

83 1780 191 1824 vitas
204 1780 328 1825 nobis
350 1779 451 1823 odio
466 1779 586 1823 omni
604 1778 868 1838 fastidioque
886 1779 1156 1837 dignissimas
1175 1780 1343 1839 scripsit
1360 1802 1370 1837 3
1391 1781 1475 1824 sint

87 1862 231 1896 tamen
254 1861 296 1896 et
316 1850 397 1911 ipsi
423 1852 514 1910 jam
543 1850 590 1894 in
612 1865 747 1909 regno
770 1850 983 1895 coelorum
999 1885 1010 1906 ,
1036 1851 1122 1894 sint
1144 1851 1187 1895 in
1211 1851 1308 1896 loco
1342 1867 1473 1911 quem

86 1940 165 1967 nee
195 1922 470 1967 crediderant
499 1937 717 1982 unquam,
756 1937 835 1966 nec
867 1932 1166 1982 speraverant,
1209 1932 1257 1967 ut
1295 1923 1387 1967 fere
1423 1939 1473 1966 ex

85 2010 237 2038 eorum
258 1992 427 2054 liquido
454 1991 574 2037 libris
597 2002 776 2052 apparet
803 2013 811 2038 :
838 1993 1080 2038 dummodo
1103 2003 1249 2037 tamen
1281 2003 1472 2047 constet,

84 2065 206 2110 vobis
228 2064 356 2109 etiam
385 2064 695 2109 confitentibus
716 2100 727 2119 ,
759 2063 892 2123 longo
929 2064 1158 2110 intervallo
1191 2064 1246 2108 de
1281 2073 1392 2109 terra
1426 2080 1475 2109 ac

85 2136 249 2197 poenali
270 2135 509 2180 inferorum
528 2137 742 2192 custodia,
758 2136 834 2181 ubi
852 2152 896 2181 se
911 2137 1012 2181 vitae
1026 2137 1178 2180 merita
1194 2138 1471 2193 coercebant,

84 2225 107 2253 a
129 2209 302 2254 Christo
323 2208 510 2252 Domino
532 2217 680 2253 nostro
703 2208 928 2264 liberatos,
954 2224 1032 2268 per
1054 2209 1145 2268 ejus
1167 2207 1328 2252 scilicet
1357 2224 1475 2267 mys-

86 2280 214 2324 ticam
236 2279 478 2339 passionem
501 2279 726 2338 pervenire
749 2278 803 2324 ad
826 2280 908 2324 hoc
928 2280 1067 2339 ipsum
1094 2281 1300 2338 potuisse,
1320 2280 1353 2324 si
1373 2295 1473 2340 per-

86 2353 345 2402 venerunt-2,
380 2348 501 2407 quod
532 2350 740 2409 scriptum
770 2349 825 2393 de
859 2351 918 2394 eis
947 2359 1025 2394 est.
1058 2352 1209 2410 Neque
1231 2352 1347 2394 enim
1371 2351 1472 2410 quia

88 2430 131 2465 et
153 2420 364 2464 latronem
385 2419 618 2478 quemdam
642 2419 696 2464 de
718 2436 847 2464 cruce
868 2421 1068 2465 liberavit
1090 2421 1206 2465 idem
1229 2431 1375 2466 noster
1394 2424 1474 2466 Do-

93 2493 248 2547 minus,
268 2500 310 2535 et
330 2490 424 2550 ipso
447 2489 598 2535 cadem
623 2490 693 2535 die
714 2507 858 2536 secum
877 2492 1075 2536 futurum
1091 2492 1196 2536 dixit
1214 2508 1313 2537 eum
1336 2495 1377 2537 in
1399 2509 1471 2552 pa-

138 2584 145 2599 ¹
176 2575 288 2608 Mattlr
311 2586 377 2615 wit,
404 2587 449 2606 ιι4
470 2593 507 2597 w
521 2582 532 2597 Ἴ
564 2576 665 2607 Forte
684 2577 705 2606 :i
727 2580 940 2618 pervenerunt
960 2588 1022 2618 quo
1041 2577 1207 2619 scriptum,
1228 2581 1291 2609 etc,
