1803 3250
299 182 381 218 280
740 191 771 217 S.
810 191 1036 220 Aucus‘nm
1071 194 1248 221 EPISCOPI

299 258 398 311 Dei,
424 266 466 299 et
499 256 833 301 concumbendo
865 257 1017 317 ligari,
1053 258 1269 319 quidquid
1299 269 1444 304 autem
1478 260 1680 317 luminis,

297 330 377 372 hoe
400 336 462 371 est
479 362 489 380 ,
515 327 707 386 ejusdem
733 329 863 388 partis
884 331 960 374 Dei
984 330 1038 374 ad
1061 346 1174 374 escas
1201 330 1450 374 Electorum
1473 347 1686 391 pervene-

292 399 373 451 rit,
410 398 718 443 manducando
750 402 922 458 purgari
944 420 952 445 2
980 401 1087 460 quid
1119 402 1241 445 vobis
1264 401 1441 446 suadeat
1462 402 1618 446 videtis
1643 413 1686 448 et

292 484 392 512 eum
415 469 559 514 adhuc
582 471 860 515 anathemare
882 472 1124 515 dubitatis?
1147 472 1262 525 Quid
1288 481 1446 530 agunt,
1476 473 1654 532 inquam
1671 509 1683 528 ,

291 556 391 584 cum
420 541 502 585 hoc
525 541 582 585 eis
608 541 795 585 dicitur?
820 542 888 586 Ad
909 559 1016 602 quas
1039 543 1408 600 tergiversationes
1431 558 1475 586 se
1497 559 1686 588 eonver-

292 620 406 666 tunt‚
435 628 534 656 curn
560 621 635 656 aut
658 622 745 657 tam
763 613 925 657 nefaria
948 613 1145 658 doctrina
1165 615 1217 658 sit
1236 616 1558 659 anathemanda
1575 650 1585 670 ,
1613 624 1688 659 aut

295 694 381 728 tam
402 684 565 728 nefaria
585 685 815 744 turpitudo
837 684 1052 738 facienda,
1071 686 1113 729 in
1130 687 1198 744 cuj
1208 702 1254 729 us
1268 686 1688 746 comparationejam

292 755 364 800 illa
388 757 531 800 omnia
555 755 666 800 mala
686 773 785 816 quae
813 755 1099 799 intolerabilia
1126 756 1259 815 paulo
1287 768 1386 802 ante
1425 773 1692 803 commemo-

292 828 459 882 rabam,
477 843 548 871 eos
563 827 618 871 de
638 837 793 871 natura
816 828 889 871 Dei
903 827 1064 882 dicere,
1081 829 1200 887 quod
1216 829 1468 873 necessitate
1488 845 1690 888 oppressa

292 899 346 943 sit
369 908 416 942 ut
438 898 604 942 bellum
627 907 808 956 gereret,
835 898 955 958 quod
975 907 1051 942 aut
1077 900 1337 957 sempiterna
1357 900 1599 958 ignorantia
1617 915 1686 944 se-

295 985 395 1013 cura
417 977 525 1022 erat,
545 977 618 1012 aut
631 970 895 1029 sempiterno
908 968 1060 1013 dolore
1073 978 1116 1013 et
1129 970 1284 1013 timore
1299 969 1495 1026 sollicita,
1512 970 1691 1030 quando

292 1039 374 1084 sibi
397 1040 563 1084 veniret
586 1040 810 1098 corruptio
838 1040 1159 1085 commixtionis
1194 1050 1236 1084 et
1263 1041 1489 1085 vinculum
1520 1051 1694 1085 aeternae

293 1111 600 1164 damnationis,
616 1111 736 1171 qnod
755 1111 945 1171 denique
964 1121 1084 1169 gesto
1105 1111 1219 1155 bello
1238 1112 1296 1156 sic
1311 1112 1441 1156 fuerit
1458 1113 1690 1171 captivata,

295 1197 514 1241 oppressa,
540 1181 708 1240 polluta
724 1218 734 1236 ,
762 1182 884 1242 quod
909 1191 1006 1240 post
1035 1180 1442 1226 falsam‘victoriam
1462 1184 1521 1227 sic
1545 1181 1693 1228 futura

297 1254 351 1298 sit
367 1254 410 1297 in
428 1252 627 1298 horribili
651 1252 783 1312 globo
798 1254 842 1297 in
862 1262 1076 1297 aeternum
1100 1254 1270 1297 confixa
1291 1263 1333 1296 et
1348 1255 1402 1297 ab
1417 1254 1591 1311 originis
1604 1270 1694 1299 suae

298 1324 505 1369 felicitate
527 1334 738 1384 separata,
767 1324 1006 1369 tolerabilia
1029 1324 1276 1379 videantur,
1303 1340 1404 1369 eum
1422 1341 1498 1385 per
1521 1341 1564 1369 se
1582 1326 1691 1385 ipsa,

297 1397 331 1440 si
354 1397 702 1451 considerentur,
727 1396 929 1441 sustineri
946 1411 1035 1440 non
1059 1396 1255 1455 possint?

356 1469 562 1511 XLVIII.
597 1468 636 1510 O
660 1482 816 1525 magna
835 1466 1043 1526 patientia
1066 1475 1160 1521 tua,
1185 1466 1371 1510 Domine
1395 1467 1636 1512 misericors
1658 1478 1702 1513 et

300 1539 527 1583 miserator
544 1574 555 1594 ,
581 1537 845 1597 longanimis
867 1547 911 1582 et
932 1537 1123 1582 multum
1152 1538 1434 1594 misericors¹,
1467 1548 1511 1582 et
1537 1554 1665 1583 verax
1685 1576 1698 1597 ,

298 1610 375 1669 qui
396 1607 500 1654 facis
527 1610 631 1655 oriri
666 1610 801 1654 solem
825 1619 953 1654 tuum
983 1624 1114 1668 super
1146 1609 1284 1653 bonos
1317 1619 1360 1653 et
1389 1609 1525 1654 malos
1543 1645 1554 1665 ,
1583 1610 1700 1670 pluis

299 1697 431 1740 super
444 1682 583 1742 justos
605 1690 648 1726 et
669 1681 900 1741 injustos²3
927 1681 1002 1741 qui
1029 1695 1118 1725 non
1135 1680 1205 1739 vis
1225 1689 1410 1725 mortem
1434 1682 1670 1741 peccatoris
1687 1717 1699 1738 ,

298 1761 515 1812 quantum
533 1762 582 1797 ut
601 1761 844 1798 revertatur
861 1760 904 1796 et
921 1752 1081 1807 vivat3,
1099 1752 1203 1812 quia
1219 1752 1416 1811 partibus
1435 1753 1677 1813 corripiens
1689 1789 1701 1807 ,

296 1822 373 1867 das
395 1822 542 1868 locum
568 1824 841 1883 poenitentiae
860 1858 871 1878 ,
893 1832 944 1867 ut
965 1822 1116 1867 relicta
1146 1821 1311 1867 malitia
1342 1822 1524 1867 credant
1558 1825 1603 1867 in
1631 1833 1700 1880 te,

303 1894 485 1938 Domine
499 1896 538 1952 ‘²3
578 1894 655 1954 qui
688 1893 896 1953 patientia
938 1902 1013 1937 tua
1049 1892 1104 1937 ad
1138 1894 1445 1952 poenitentiam
1484 1893 1665 1939 adducis
1684 1929 1695 1949 ,

302 1966 503 2025 quamvis
538 1964 667 2010 multi
699 1964 942 2010 secundum
966 1964 1173 2009 duritiam
1202 1964 1345 2010 cordis
1368 1966 1434 2009 sui
1459 1975 1503 2010 et
1523 1981 1597 2010 cor
1620 1967 1703 2010 im-

303 2037 521 2097 poenitens
549 2038 843 2082 thesaurizent
870 2037 950 2081 sibi
972 2037 1079 2081 iram
1107 2037 1151 2080 in
1173 2036 1245 2081 die
1275 2038 1349 2081 irae
1370 2047 1413 2081 et
1428 2037 1706 2082 revelationis

299 2110 409 2170 justi
428 2108 581 2168 judicii
613 2109 699 2164 tui,
738 2109 815 2168 qui
845 2108 991 2153 reddis
1023 2108 1265 2169 unicuique
1300 2109 1542 2153 seeundum
1577 2125 1704 2168 epera

305 2197 383 2225 sua
396 2183 410 2207 ⁵
428 2202 440 2239 3
466 2182 542 2241 qui
565 2182 610 2225 in
625 2197 712 2241 qua
729 2181 800 2226 die
819 2196 1052 2227 conversus
1072 2180 1204 2225 fuerit
1217 2181 1351 2226 homo
1365 2197 1388 2225 a
1407 2181 1604 2241 nequitia
1622 2197 1700 2227 sua

302 2252 359 2296 ad
389 2252 730 2297 misericordiam
762 2261 807 2297 et
833 2252 1060 2297 veritatem
1083 2262 1203 2297 tuam
1224 2288 1235 2309 ,
1271 2266 1422 2297 omnes
1451 2252 1706 2312 iniquitates

300 2324 392 2383 ejus
413 2323 702 2369 obliviscerisG
724 2333 911 2384 :praesta
930 2323 1080 2380 nobis,
1105 2324 1220 2368 dona
1249 2324 1390 2377 nobis,
1421 2333 1473 2367 ut
1494 2338 1572 2382 per
1595 2339 1704 2368 nos-

300 2403 419 2439 trum
447 2394 737 2440 ministerium
755 2430 766 2451 ,
792 2411 883 2456 quo
913 2394 1204 2440 execrabilem
1225 2403 1270 2439 et
1288 2394 1417 2439 nimis
1445 2394 1702 2438 horribilem

352 2486 362 2503 ¹
384 2480 464 2513 Psal.
482 2491 537 2522 cu,
555 2481 587 2513 8.
607 2498 645 2504 —
661 2488 675 2504 ²
692 2480 806 2513 Matth.
830 2491 879 2523 in,
899 2479 953 2522 45.
971 2497 1013 2502 --
1030 2478 1043 2503 3
1059 2479 1177 2514 Ezech.
1202 2489 1313 2521 xxxin,
1335 2490 1386 2513 ιι.
1404 2497 1444 2504 -
1458 2478 1475 2510 4
1497 2479 1572 2521 Sap.
1592 2489 1648 2520 xn,
1667 2488 1699 2512 2.

305 2532 375 2577 —25
398 2537 491 2569 Rom.
511 2547 545 2577 n,
568 2535 587 2577 4
611 2541 644 2569 ct
669 2536 700 2569 5.
716 2553 757 2560 —-
771 2534 786 2559 ⁶
805 2535 921 2569 Ezech.
940 2545 1033 2576 xviii,
1058 2544 1112 2568 21.
