1803 3250
330 217 411 256 418
762 226 792 251 s.
836 228 1063 269 *nausssim
1101 229 1280 255 nuscom

326 302 465 344 ment,
495 301 541 334 ut
563 306 661 334 eum
688 293 821 334 Deum
844 301 1017 350 negent.
1042 295 1096 336 Et
1116 302 1261 336 tamen
1283 294 1513 351 Apostolus
1534 300 1711 354 promis-
1730 343 1733 346 Δ

321 365 484 416 siones,
512 377 611 421 quae
635 362 762 405 factae
784 372 885 406 sunt
914 363 1116 417 Abi-abre,
1143 363 1247 422 quia
1265 366 1437 408 Novum
1459 368 1711 410 Testamen-

323 444 411 478 tum
436 433 762 490 significabant,
788 434 848 478 sic
870 435 1054 493 opponit
1073 435 1179 493 Legi
1201 450 1278 494 per
1294 437 1477 492 Moysen
1496 436 1609 481 datae
1625 472 1636 491 ‚
1664 447 1713 482 ut

323 507 412 549 haec
434 504 524 549 duo
546 505 660 549 inter
682 520 726 549 se
747 506 922 550 inimica
944 506 1191 551 videantur.
1217 506 1335 559 Quid
1364 508 1479 551 enim
1506 508 1625 553 aliud
1656 511 1712 554 ad

320 579 538 620 Romanos
555 574 691 620 dicit?
717 578 851 621 «Non
873 578 989 621 enim
1010 593 1086 637 per
1104 580 1262 635 Legem
1282 578 1505 636 promissio
1524 579 1712 624 Abrahae

320 665 339 688 »
366 656 440 690 aut
461 647 613 690 semini
636 648 748 708 ejus,
773 657 821 691 ut
841 648 978 692 haeres
998 657 1107 692 esset
1123 649 1293 703 mundi,
1317 650 1392 693 sed
1412 651 1710 709 perjustitiam

319 737 337 759 »
364 717 480 762 fidei.
505 719 546 763 Si
564 719 680 762 enim
699 719 773 778 qui
789 733 863 777 per
884 722 1043 777 Legem
1059 719 1254 762 haeredes
1273 728 1391 774 sunt,
1412 720 1630 765 exinanita
1647 730 1711 766 est

322 810 338 831 »
365 788 496 845 fides,
529 799 572 834 et
601 799 807 834 evacuata
840 799 905 833 est
936 789 1177 849 promissio.
1205 792 1292 834 Lex
1318 791 1432 834 enim
1463 792 1571 836 iram
1606 808 1710 852 ope-

317 879 337 903 »
365 871 497 905 ratur.
539 862 618 905 Ubi
653 862 768 904 enim
808 861 876 905 lex
915 876 1005 904 non
1047 869 1110 904 est
1130 895 1142 915 ‚
1182 876 1262 906 nec
1302 863 1600 922 praevaricatio
1619 867 1648 906 ¹.
1686 883 1706 906 »

314 930 555 976 Attendant
595 930 969 991 quemadmodum
1011 931 1070 975 sic
1111 931 1333 991 disputat,
1378 934 1512 978 veluti
1556 944 1709 979 contra

314 1006 473 1062 Legem
499 1037 509 1057 ,
552 1012 599 1045 ut
629 1017 679 1046 ex
716 1002 859 1061 priore
903 1000 975 1045 illa
1009 1018 1110 1063 quae
1147 1001 1260 1047 facta
1293 1013 1357 1047 est
1393 1005 1449 1048 ad
1485 1005 1705 1050 Abraham

312 1074 594 1134 promissione
627 1074 885 1128 convincat,
915 1074 1037 1134 quod
1069 1090 1158 1119 non
1183 1076 1269 1119 sint
1291 1076 1485 1120 haeredes
1513 1092 1566 1121 ex
1593 1080 1708 1136 Lege

312 1147 580 1206 quicumque
596 1146 683 1189 sint
703 1144 897 1189 haeredes
911 1146 1010 1199 Dei,
1031 1144 1107 1189 sed
1122 1161 1172 1189 ex
1190 1146 1488 1205 promissione.
1508 1150 1707 1208 Itemque

311 1215 365 1261 ad
387 1216 560 1261 Galatas
581 1235 590 1261 :
617 1219 842 1271 «Fratres,
867 1216 1028 1276 inquit,
1050 1216 1294 1261 secundum
1325 1216 1548 1262 hominem
1567 1218 1672 1266 ,dico

311 1307 330 1330 »
358 1297 503 1333 tamen
529 1288 715 1333 hominis
735 1289 1043 1333 confirmatum
1060 1297 1371 1333 testamentum
1385 1290 1703 1334 nemoirritum

313 1379 333 1401 η
363 1358 488 1414 facit,
508 1369 583 1403 aut
596 1359 914 1418 superordinat.
937 1360 1126 1404 Abrahae
1142 1359 1272 1403 diotae
1285 1369 1388 1403 sunt
1402 1362 1706 1419 promissiones

313 1449 333 1472 »
359 1440 402 1474 et
433 1431 584 1474 semini
616 1431 722 1490 ejus.
757 1433 854 1475 Non
883 1431 1016 1474 dicit:
1044 1433 1101 1474 Et
1121 1430 1359 1474 seminibus
1379 1465 1390 1485 ,
1425 1440 1635 1492 tanquam
1658 1433 1704 1477 in

312 1520 332 1543 »
359 1501 529 1559 multis;
554 1502 631 1546 sed
655 1511 861 1562 tanquam
884 1503 930 1545 in
953 1517 1066 1555 uno,
1092 1504 1146 1545 Et
1167 1501 1322 1546 semini
1353 1512 1430 1547 tuo
1449 1537 1460 1558 ,
1495 1503 1617 1564 quod
1640 1513 1704 1548 est

311 1590 331 1613 »
356 1573 567 1617 Christus.
599 1575 690 1617 Hoc
723 1581 870 1616 autem
896 1572 1021 1627 dico,
1054 1581 1366 1616 testamentum
1395 1574 1702 1619 confirmatum

312 1661 332 1684 »
353 1659 376 1687 a
398 1646 511 1697 Deo,
538 1658 638 1704 quae
666 1652 763 1702 post
792 1643 1137 1703 quadringentos
1159 1652 1202 1687 et
1225 1644 1400 1702 triginta
1424 1660 1560 1689 annos
1591 1645 1703 1690 lacta

309 1733 329 1756 »
355 1725 418 1759 est
440 1718 526 1760 Lex
540 1750 551 1770 ‚
577 1730 667 1759 non
684 1715 877 1759 infirmat
894 1714 950 1759 ad
966 1713 1264 1760 evacuandam
1283 1716 1627 1774 promissionem.
1657 1719 1698 1763 Si

309 1805 327 1827 »
350 1787 466 1830 enim
481 1802 532 1831 ex
546 1789 659 1844 Lege
674 1784 917 1841 haereditas,
924 1787 1013 1846 jam
1027 1801 1115 1831 non
1127 1801 1178 1830 ex
1189 1787 1492 1845 promissione.
1511 1788 1700 1833 Abrahae

308 1877 327 1899 »
353 1868 498 1902 autem
531 1873 609 1918 per
642 1858 1020 1918 repromissionem
1053 1857 1236 1902 donavit
1276 1861 1404 1903 Deus.
1441 1860 1558 1927 Quid
1595 1875 1698 1919 ergo

306 1947 326 1971 »
354 1931 473 1974 Lex?
496 1929 861 1987 Transgressionis
885 1929 1020 1988 gratia
1044 1929 1262 1988 proposita
1283 1938 1376 1984 est,
1409 1929 1550 1975 donec
1571 1931 1697 1975 veni-

303 2017 325 2041 »
351 2014 416 2044 ret
437 2015 585 2045 semen
609 2001 679 2045 cui
700 2001 957 2059 promissum
984 2001 1093 2044 est2.
1120 2019 1140 2041 »
1163 2001 1317 2046 Nescio
1345 2009 1494 2045 utrum
1522 2002 1591 2046 isti
1620 2004 1698 2062 qui

301 2074 462 2131 Legem
485 2087 575 2117 non
604 2071 896 2131 intelligentes
925 2072 1242 2125 criminantur,
1276 2072 1500 2116 inveniant
1527 2073 1696 2134 aliquid

299 2158 351 2186 ex
373 2142 611 2203 Evangelio
635 2142 702 2187 vel
722 2158 773 2187 ex
797 2143 1055 2204 Apostolicis
1076 2142 1229 2187 litteris
1243 2178 1254 2198 ,
1279 2143 1402 2204 quod
1421 2144 1480 2188 ita
1497 2144 1695 2189 videatur

297 2214 438 2258 eidem
457 2216 560 2274 Legi
578 2214 808 2259 adversum
830 2230 920 2260 esse
937 2225 1068 2276 atque
1085 2215 1354 2259 contrarium
1367 2249 1378 2270 ‚
1405 2216 1693 2275 quemadmo-

297 2285 402 2330 dum
429 2287 512 2331 hoc
540 2288 740 2343 videtur,
768 2286 890 2348 quod
922 2302 973 2331 ex
993 2286 1353 2346 promissionibus
1375 2303 1476 2347 quae
1503 2289 1690 2333 Abrahae

294 2356 422 2402 factae
451 2368 552 2403 sunt
583 2359 768 2419 opponit
803 2358 1050 2420 Apostolus
1086 2359 1129 2404 Si
1160 2373 1262 2418 ergo
1294 2359 1433 2418 legem
1465 2360 1685 2415 oderunt,

297 2428 514 2473 Abraham
538 2428 738 2489 diligant.

350 2501 538 2544 XXXII.
566 2501 652 2545 Sed
668 2515 749 2545 nec
766 2501 848 2545 hoc
867 2500 1035 2545 volunt.
1058 2502 1166 2546 Nam
1191 2501 1326 2560 etipsi
1343 2500 1455 2560 patri
1472 2501 1684 2560 gentium,

342 2592 349 2606 ¹
376 2587 465 2618 Rom.
488 2598 532 2620 iv.
561 2585 757 2617 13—15.-=
776 2586 844 2619 Gal.
865 2597 911 2627 ιιι,
933 2587 1047 2628 15-19.
