1803 3250
102 330 205 434 S.
265 283 599 433 Arm.
668 327 1478 437 AUGUSTINI

485 553 826 593 HIPPONENSIS
860 555 1094 594 EPISCOPI

285 711 685 782 CONTRA
738 713 1299 786 sERMONEM

416 910 1155 997 ARIANORUM.

606 1112 780 1155 LIBER
812 1112 960 1157 UNUS
972 1112 1002 1155 ¹.

9 1290 18 1294 “
95 1294 1481 1330 08-30223-3008-3025-23008-'3008—300}{wfflws—swffiwsswssssws-'ssmffloes—sws—swfflm}{00}sos«

159 1444 193 1486 Ι.
230 1443 391 1486 EORUM
414 1442 678 1501 praecedenti
691 1441 973 1499 disputationi
990 1442 1070 1486 hac
1088 1440 1385 1500 disputatione
1406 1456 1498 1485 res-

101 1512 316 1573 pondeo²‚
344 1514 419 1573 qui
443 1529 543 1557 cum
560 1513 793 1557 Dominum
812 1522 1007 1557 nostrum
1027 1515 1176 1557 Jesum
1191 1513 1413 1557 Christum
1433 1512 1497 1556 fa-

103 1593 250 1628 tentur
284 1583 463 1644 quidem
500 1588 636 1628 Deum
657 1620 666 1637 ‚
709 1584 784 1628 sed
810 1586 945 1628 Deum
976 1599 1126 1627 verum
1158 1593 1202 1627 et
1233 1599 1333 1628 cum
1368 1588 1497 1628 Patre

102 1670 243 1699 unum
258 1654 400 1700 Deum
426 1655 583 1698 nolunt
606 1653 751 1709 fateri,
777 1656 1036 1700 duos'nobis
1058 1654 1278 1699 inducunt
1301 1654 1405 1700 deos
1425 1655 1498 1700 di-

103 1741 237 1772 versae
269 1725 539 1786 disparisque
575 1735 764 1783 naturae3
800 1742 937 1770 unum
970 1741 1146 1781 verum,
1185 1727 1369 1770 alterum
1409 1742 1500 1770 non

107 1813 259 1843 verum
281 1817 290 1843 ε
320 1806 471 1843 contra
496 1797 608 1841 illud
627 1798 747 1858 quod
765 1798 971 1857 scriptum
1003 1807 1094 1842 est:
1126 1797 1308 1853 «Audi,
1336 1797 1469 1841 Israel
1487 1832 1498 1851 ,

112 1888 132 1912 η
158 1871 369 1915 Dominus
399 1873 512 1914 Deus
538 1879 640 1914 tuus
669 1870 876 1914 Dominus
905 1886 1018 1914 unus
1040 1872 1144 1913 estss.
1164 1888 1183 1910 »
1210 1872 1304 1914 Hoc
1327 1870 1442 1912 enim
1467 1869 1501 1912 si

110 1940 166 1985 de
188 1944 316 1986 Patre
331 1940 498 1985 dietum
521 1939 677 1985 volunt
695 1940 900 1997 intelligi,
929 1941 1125 1999 sequitur
1143 1955 1214 1984 eos
1237 1949 1285 1983 ut
1303 1939 1503 1985 Christus

111 2026 201 2056 non
221 2012 275 2057 sit
293 2012 502 2056 Dominus
521 2014 634 2055 Deus
646 2019 805 2055 noster.
827 2010 870 2056 Si
885 2020 1028 2054 autem
1053 2010 1107 2054 de
1125 2013 1157 2054 F
1163 2011 1253 2065 ilio⁷
1274 2013 1501 2054 Paternon

111 2082 194 2127 erit
211 2083 420 2146 Domjnus
442 2085 556 2127 Deus
577 2091 738 2126 noster.
768 2082 811 2126 Si
832 2096 933 2125 vero
956 2080 1011 2124 de
1034 2081 1274 2135 ambobus,
1306 2080 1504 2138 profecto

114 2157 240 2199 Pater
262 2163 305 2199 et
322 2153 457 2198 Filius
481 2169 593 2198 unus
612 2162 677 2198 est
696 2153 907 2197 Dominus
926 2155 1038 2196 Deus
1061 2162 1221 2196 noster.
1246 2155 1305 2195 Ac
1324 2167 1401 2211 per
1418 2153 1502 2196 hoc

113 2224 225 2270 illud
245 2225 367 2286 quod
387 2225 433 2270 in
454 2224 692 2283 Evangelio
710 2224 917 2284 scriptum
941 2233 1004 2267 est
1025 2243 1033 2268 ε
1063 2243 1083 2265 «
1103 2225 1158 2267 Ut
1181 2234 1445 2282 cognoscant
1461 2233 1506 2267 te

117 2314 138 2337 »
163 2312 302 2341 unum
316 2312 470 2342 verum
483 2300 639 2351 Deum,
657 2305 700 2340 et
714 2311 844 2356 quem
859 2294 1008 2338 misisti
1022 2296 1047 2338 J
1051 2309 1170 2338 esum
1185 2295 1407 2339 Christum
1420 2295 1436 2320 4
1455 2314 1464 2339 ;
1482 2313 1502 2336 »

116 2367 200 2412 hoc
226 2383 327 2412 eum
351 2368 506 2413 dixisse
532 2365 834 2426 accipiendum
860 2375 923 2410 est
947 2401 954 2410 .
981 2367 1037 2410 Ut
1058 2374 1102 2408 te
1124 2374 1167 2408 et
1195 2381 1326 2425 quem
1354 2363 1504 2409 misisti

116 2439 266 2484 Jesum
287 2439 510 2486 Christum
532 2447 798 2498 cognoscant
821 2452 955 2481 unum
976 2451 1125 2480 verum
1146 2438 1302 2480 Deum.
1330 2435 1438 2490 Quia
1462 2444 1505 2480 et

165 2559 174 2575 ¹
194 2548 340 2596 Scriptus
364 2557 448 2584 anno
466 2549 583 2583 Christi
599 2548 664 2592 418
687 2562 694 2581 ε
719 2549 798 2581 Vide
814 2551 959 2581 Retract.
978 2546 1035 2579 lib.
1058 2558 1092 2588 ιι,
1111 2557 1184 2589 cap.
1213 2545 1266 2579 52.
1283 2564 1322 2569 —
1340 2555 1352 2569 Ἰ
1373 2547 1452 2579 Vide
1466 2549 1504 2579 D.

118 2607 260 2648 Guium,
279 2612 361 2641 tom.
378 2617 462 2648 xxu,
481 2616 554 2650 pag.
573 2605 696 2639 81-86.
711 2622 752 2630 —
768 2602 782 2627 3
801 2608 896 2638 Deut.
914 2614 961 2645 v1,
980 2602 1013 2645 4.
1027 2601 1091 2633 -4
1107 2605 1202 2636 Joan.
1224 2613 1302 2645 xvn,
1319 2603 1351 2635 3.
