1803 3250
401 219 564 250 00οΤοΑ
600 220 815 257 monum,
852 222 933 248 Lm.
972 223 1129 250 xxxni.
1387 213 1462 250 180

79 286 195 331 mine
217 287 383 346 signata
398 288 531 347 ipsius
549 303 650 333 cum
668 288 758 346 ejus
776 284 863 330 fide
877 302 965 332 non
985 296 1230 346 congruant
1248 306 1256 332 ε
1280 303 1461 346 [0005ομ

76 358 168 413 tim,
195 358 313 418 quia,
340 367 389 402 ut
405 360 498 418 jam
521 373 635 417 saepe
658 357 890 417 probatum
909 374 932 402 a
954 360 1079 403 nobis
1101 369 1178 413 est,
1202 374 1280 404 nec
1300 359 1353 404 ab
1369 360 1463 419 ipso

72 427 166 472 haec
187 437 306 484 sunt,
333 444 412 472 nec
440 428 494 472 ab
518 429 608 487 ejus
641 427 857 487 Apostolis
889 428 1074 487 scripta3
1106 429 1180 473 sed
1204 429 1343 474 multo
1366 439 1464 489 post

69 514 221 543 eorum
242 500 579 559 assumptionem
598 515 621 543 a
644 500 787 543 nescio
811 499 971 558 quibus
994 509 1037 543 et
1058 500 1159 558 ipsis
1177 501 1288 544 inter
1307 517 1351 544 sc
1370 518 1459 546 non

70 569 437 614 concordantibus
459 569 565 613 semi
583 571 607 613 J
612 568 747 613 udaeis
764 584 841 628 per
863 570 998 613 famas
1015 569 1328 629 opinionesque
1346 588 1463 616 com-

69 649 190 698 perta
208 647 310 685 sunt
332 659 340 684 :
366 640 444 700 qui
465 648 613 684 tamen
630 640 775 684 omnia
797 639 949 684 eadem
971 640 1017 683 in
1042 640 1352 698 Apostolorum
1371 645 1461 686 Do·

68 710 175 753 mini
197 710 469 755 conferentes
493 711 686 766 nomina,
713 711 781 755 vel
804 726 958 755 eorum
980 711 1056 770 qui
1074 712 1211 755 secuti
1230 713 1460 770 Apostolos

68 780 341 837 viderentur,
380 797 545 826 errores
582 798 631 827 ac
668 783 892 827 mendacia
926 798 1003 826 sua
1038 781 1280 827 secundum
1312 798 1384 828 eos
1416 799 1460 828 se

67 852 281 912 scripsisse
301 853 475 898 mentiti
496 862 613 898 sunt.
638 853 722 899 Sed
745 853 918 908 videris⁷
939 852 993 896 de
1015 854 1097 897 hoc
1115 853 1305 909 interim,
1328 863 1378 898 ut
1393 855 1461 899 in-

65 939 213 983 quam,
236 923 428 982 capitulo
446 933 590 968 tecum
603 940 692 968 non
711 924 895 968 nimium
914 939 992 982 ego
1011 925 1336 983 contenderim3
1355 942 1457 971 cum

66 993 173 1036 mihi
194 992 306 1037 illud
328 993 428 1038 satis
450 994 506 1038 ad
523 994 773 1053 praesidium
792 996 844 1039 sit
861 995 982 1055 quod
999 1004 1099 1038 ante
1116 996 1258 1054 posui,
1277 1005 1320 1040 et
1337 998 1459 1056 quod

67 1079 148 1107 nec
170 1063 270 1123 ipsis
291 1064 414 1108 vobis
438 1080 595 1123 negare
610 1064 733 1119 licet,
754 1074 853 1108 ante
872 1065 1044 1109 Domini
1063 1067 1196 1109 nostri
1219 1066 1460 1111 adventum

69 1134 337 1178 Patriarchas
368 1149 518 1178 omnes
549 1133 679 1178 Israel
709 1144 751 1178 et
776 1135 1012 1193 Prophetas
1041 1135 1234 1179 tartareis
1265 1136 1310 1179 in
1335 1146 1460 1181 tene·-

67 1205 156 1249 bris
173 1205 357 1265 jacuisse
377 1220 459 1264 pro
482 1204 643 1248 meritis
666 1204 752 1248 suis
775 1224 782 1248 :
811 1204 930 1248 unde
957 1204 991 1248 si
1013 1220 1208 1264 unquam
1240 1205 1414 1252 liberati
1435 1223 1459 1251 a

64 1275 237 1320 Christo
260 1276 315 1320 ad
336 1274 487 1319 lumen
510 1274 679 1319 reducti
701 1283 831 1330 sunt,
857 1274 965 1334 quid
987 1275 1069 1319 hoc
1093 1275 1148 1319 ad
1179 1277 1331 1320 odium
1353 1278 1457 1321 atti-

66 1355 142 1391 net
171 1346 273 1390 vitae
304 1346 498 1405 ipsorum
521 1348 539 1390 P
567 1345 750 1390 Odimus
775 1346 892 1389 enim
925 1361 1002 1390 nos
1033 1354 1076 1389 et
1103 1348 1347 1405 respuimus
1369 1365 1458 1394 non

66 1416 187 1476 quod
210 1416 403 1472 fuerunt,
429 1416 473 1461 id
496 1425 574 1472 est,
595 1417 810 1471 homines,
836 1415 912 1461 sed
934 1416 1083 1477 quales
1101 1416 1298 1473 fuerunt,
1316 1418 1360 1463 id
1375 1428 1455 1474 est,

67 1487 225 1540 malos3
260 1503 340 1533 nec
362 1486 483 1548 quod
511 1503 628 1532 nunc
661 1497 777 1543 sunt,
803 1487 849 1532 id
870 1497 950 1544 est,
977 1498 1203 1548 purgatos,
1235 1489 1310 1534 sed
1337 1490 1457 1550 quod

67 1558 273 1614 fuerunt,
310 1558 356 1603 id
390 1568 477 1613 est,
517 1559 712 1618 impuros
750 1559 997 1617 aliquando.
1025 1563 1088 1604 Ac
1116 1576 1192 1619 per
1216 1561 1298 1605 hoc
1330 1563 1457 1606 nobis

22 1635 27 1639 “
66 1631 258 1685 interim,
286 1639 529 1691 utcumque
543 1646 619 1675 vos
637 1631 682 1674 id
703 1646 792 1675 esse
814 1630 962 1685 vultis,
988 1631 1096 1675 nihil
1118 1631 1262 1676 obstat
1284 1633 1455 1692 capitu-

67 1701 160 1746 lum
181 1701 265 1746 hoc
289 1720 298 1745 z
325 1716 425 1746 cum
451 1701 539 1746 sive
562 1710 624 1745 est
645 1716 813 1756 verum,
839 1701 1000 1746 Christi
1020 1702 1089 1746 hic
1104 1702 1320 1747 miseratio
1338 1718 1457 1748 com-

64 1772 298 1817 mendetur
325 1782 369 1816 et
391 1771 588 1828 bonitas3
617 1772 705 1816 sive
731 1771 914 1827 falsum,
946 1773 1229 1832 scriptoribus
1251 1775 1344 1834 ejus
1369 1776 1456 1819 cri—

67 1858 168 1887 men
203 1843 413 1887 inhaereat
445 1862 453 1888 :
491 1857 570 1888 nos
606 1843 772 1888 utrovis
810 1843 942 1887 modo
975 1844 1020 1887 in
1060 1853 1157 1889 tuto
1198 1860 1371 1901 sumus,
1407 1855 1458 1890 ut

67 1929 250 1973 semper.
272 1932 293 1956 »

127 1987 203 2029 IV.
240 1984 509 2044 Augustinus
531 1984 755 2045 respondit
785 2004 792 2030 ;
829 1985 1061 2039 Quomodo
1084 1986 1130 2030 in
1154 1995 1267 2042 tuto,
1294 1989 1457 2033 miser?

68 2055 297 2111 Quomodo
318 2056 364 2100 in
385 2064 498 2111 tuto,
519 2057 596 2116 qui
617 2065 660 2100 te
678 2055 946 2101 Patriarchas
962 2056 1102 2101 odisse
1120 2057 1225 2102 dicis
1244 2058 1454 2118 impuros,

68 2137 112 2173 et
135 2131 274 2173 Deum
307 2127 450 2172 adhuc
473 2127 639 2187 plangis
661 2128 883 2187 impurum
908 2130 924 2169 ἶ)
946 2130 1073 2172 Certe
1096 2128 1178 2173 illis
1199 2130 1457 2175 Patriarchis

67 2208 165 2259 post
179 2199 416 2244 adventum
431 2198 662 2243 Salvatoris
674 2199 912 2258 praestitam
930 2200 1233 2258 purgationem
1251 2209 1294 2245 et
1310 2200 1456 2246 datam

66 2270 239 2314 beatam
264 2270 457 2330 requiem
481 2270 727 2314 concessisti
760 2289 769 2314 ;
802 2269 908 2314 deus
938 2279 1083 2314 autem
1112 2280 1253 2315 vester
1284 2281 1327 2316 et
1359 2281 1458 2331 post

68 2340 305 2385 adventum
325 2340 557 2385 Salvatoris
575 2338 718 2385 adhuc
736 2341 851 2400 jacet
867 2340 913 2384 in
930 2340 1143 2397 tenebris5
1169 2341 1312 2386 adhuc
1331 2342 1455 2400 flagi-

69 2410 138 2454 tiis
146 2410 351 2454 omnibus
363 2409 588 2467 mergitur,
599 2410 742 2454 adhuc
754 2411 798 2453 in
812 2411 991 2469 impuris
1002 2411 1206 2455 omnibus
1213 2411 1453 2457 volutatur:

69 2481 129 2526 ita
143 2496 234 2525 non
244 2479 384 2524 solum
396 2480 482 2524 vita
496 2479 671 2523 illorum
685 2480 914 2524 hominum
927 2480 1078 2524 melior
1093 2490 1184 2525 erat
1197 2481 1279 2527 deo
1292 2492 1451 2538 vestro,

71 2552 355 2598 verumetiam
383 2567 497 2597 mors
521 2551 611 2611 ipsa
634 2550 818 2598 felicior.
843 2554 894 2596 In
917 2552 1077 2612 quibus
1100 2561 1247 2598 autem
1279 2554 1454 2601 sedibus
