1803 3250
337 195 417 231 172
768 205 799 231 s.
837 202 1065 232 Ancus'rmi
1100 204 1280 232 EPISCOPI

335 270 540 319 renuerit,
567 270 622 312 ab
647 269 734 328 ipsa
757 270 946 314 Ecclesia
969 272 1122 314 merito
1148 268 1368 329 digneque
1401 271 1711 315 contemnitur.

336 344 423 384 lloc
447 349 509 382 cst
529 342 642 382 enim
667 341 787 399 quod
817 342 859 385 in
889 344 979 402 ejus
1016 341 1162 386 facicm
1181 341 1364 400 jubetur
1387 356 1572 401 expuere
1590 379 1600 395 ,
1627 358 1716 387 non

330 425 431 453 sanc
462 411 552 452 sinc
586 412 707 469 signo
744 413 872 472 liujus
907 413 1173 473 opproli1·ii¹,
1197 421 1243 455 ut
1277 412 1571 456 calceamento
1595 413 1714 472 pedis

330 481 457 525 unius
479 492 677 537 exuatur,
708 499 762 527 ne
783 485 899 527 sitin
918 499 1066 529 corum
1086 493 1215 537 sorte,
1242 483 1403 543 quibus
1421 483 1511 542 ipse
1533 486 1717 542 Aposto-

331 554 394 596 lus
417 553 475 597 ait
498 573 506 598 :
537 573 556 595 «
579 557 634 599 Et
660 554 836 600 calceati
870 554 999 615 pedes
1036 557 1078 599 in
1102 554 1462 615 prmparationcm
1491 553 1714 612 Evangelii

332 643 351 664 »
378 626 493 684 pacis
507 629 524 652 '²
544 646 552 670 :
573 644 592 666 »
619 636 661 670 et
682 627 913 688 dequibus
936 637 1248 673 commemorat
1270 626 1510 685 Propheta:
1539 629 1715 679 «Quam

331 715 350 736 »
377 697 556 756 speciosi
580 697 709 757 pedes
737 714 909 753 eorum,
937 700 1012 758 qui
1038 699 1302 742 annuntiant
1324 711 1476 756 pacem
1493 731 1504 751 ,
1535 696 1610 756 qui
1641 712 1718 741 an·

331 784 350 807 u
377 767 582 812 nuntiant
600 768 752 813 bonass.
765 788 783 810 η
803 769 883 822 Qui
899 769 1012 811 enim
1027 768 1085 811 sic
1102 767 1409 827 Evangelicam
1425 766 1556 811 fidem
1577 775 1714 819 tenet,

328 846 375 880 ut
397 847 439 881 ct
469 839 551 882 sibi
581 840 740 898 prosit,
767 851 810 882 et
833 838 1037 882 Ecclesiae
1061 838 1262 897 prodesse
1285 853 1373 883 non
1398 847 1578 890 renuat,
1609 839 1718 882 bene

327 910 584 967 intelligitur
604 919 792 969 utroque
808 910 918 969 pcde
941 909 1172 954 calccatus.
1200 911 1283 963 Qui
1308 919 1451 954 autem
1476 910 1555 952 sibi
1574 918 1716 968 putat,

324 980 424 1038 quia
451 980 655 1036 credidit,
681 982 780 1025 satis
799 996 888 1025 esse
911 981 1178 1035 consultum,
1204 996 1353 1026 curam
1371 997 1472 1026 vero
1490 979 1720 1025 lucrando-

327 1066 419 1094 rum
450 1050 611 1109 refugit
641 1052 842 1107 aliorum,
869 1052 1114 1098 discalceati
1141 1052 1256 1096 illius
1285 1067 1373 1096 non
1402 1053 1633 1110 figuratum
1666 1054 1720 1096 si-

324 1123 547 1179 gnificabit
563 1159 573 1177 ,
599 1124 673 1167 sed
696 1125 739 1167 in
762 1140 806 1168 se
828 1123 1059 1184 impletum
1082 1124 1275 1184 portabit
1304 1124 1605 1182 opprobrium.

383 1196 459 1237 XI.
497 1194 608 1247 Quid
632 1194 751 1254 quod
775 1205 817 1239 ct
841 1196 1001 1239 Pascha
1027 1211 1048 1239 a
1073 1195 1195 1239 nobis
1214 1195 1364 1253 objicit
1382 1193 1609 1248 celebrari,
1638 1208 1718 1236 nec

323 1262 443 1323 quod
466 1265 524 1308 ita
547 1274 595 1309 ut
621 1266 762 1309 Judaei
786 1265 1058 1310 celebramus
1078 1264 1273 1319 insultat,
1300 1279 1401 1309 cum
1432 1279 1554 1308 ovem
1585 1265 1720 1322 magis

324 1351 401 1379 nos
425 1336 662 1380 habeamus
692 1338 736 1380 in
767 1352 810 1381 re
839 1338 1061 1397 praesentis
1084 1335 1330 1395 Evangelii,
1363 1351 1452 1379 non
1486 1336 1532 1378 in
1564 1335 1718 1378 umbra

324 1408 486 1462 futuri,
528 1410 706 1469 ejusque
737 1410 994 1453 occisionem
1026 1424 1126 1453 cum
1161 1406 1380 1467 quotidie,
1416 1415 1510 1450 tum
1531 1406 1719 1450 maxime

321 1479 612 1523 anniversaria
631 1479 921 1536 solemnitate,
939 1495 1028 1524 non
1046 1488 1276 1523 venturam
1294 1478 1625 1537 praesignemus,
1643 1476 1717 1521 sed

322 1549 478 1595 factam
501 1566 908 1596 commemoremus.
939 1550 1040 1595 Idea
1063 1566 1166 1595 sane
1189 1551 1288 1595 dieo
1314 1551 1490 1594 Paschae
1510 1549 1718 1594 solemni-

322 1623 417 1666 tatis
439 1631 598 1666 nostrae
620 1622 673 1666 ad
706 1622 821 1666 diem
842 1622 1146 1666 celebrationis
1171 1622 1427 1665 umbraticae
1458 1621 1716 1665 Judaeorum

320 1707 407 1737 non
432 1693 643 1746 occurrit,
671 1702 720 1736 ut
743 1701 786 1737 et
809 1692 1086 1737 Dominicum
1106 1691 1238 1747 diem,
1257 1707 1346 1752 quo
1364 1691 1563 1736 Christus
1578 1706 1717 1735 resur-

320 1764 446 1818 rexit,
463 1762 869 1822 complecteremur.
889 1766 1053 1820 Azyma
1073 1778 1192 1817 vero,
1209 1763 1286 1822 qui
1309 1771 1439 1806 rectae
1455 1762 1559 1806 fidei
1576 1762 1718 1807 Chris-

323 1835 425 1878 tiani
447 1843 566 1889 sunt,
581 1849 670 1878 non
685 1835 730 1877 in
747 1833 963 1878 fermento
977 1834 1132 1878 veteris
1146 1833 1247 1877 vitae
1261 1835 1293 1887 ⁴,
1319 1834 1403 1877 hoc
1424 1841 1502 1888 est,
1519 1830 1712 1887 malitiae,

320 1905 395 1949 sed
418 1906 464 1950 in
486 1906 619 1965 ipsius
642 1906 743 1949 fidei
772 1906 953 1950 veritate
976 1915 1019 1949 et
1040 1906 1285 1950 sinceritate
1314 1904 1570 1949 custodiunt
1592 1920 1600 1945 ε
1627 1919 1718 1948 non

318 1985 483 2036 septem
506 1977 683 2031 diebus,
709 1974 783 2021 sed
815 1977 933 2020 omni
956 1976 1052 2033 die,
1085 1974 1204 2036 quod
1228 1976 1520 2034 significatum
1543 1984 1607 2019 est
1629 1990 1716 2018 nu-

320 2063 439 2091 mero
476 2048 647 2092 dierum
680 2047 948 2106 septenario,
990 2063 1079 2108 quo
1115 2046 1312 2107 quotidie
1350 2046 1490 2091 omnis
1528 2044 1716 2090 volvitur

319 2118 423 2162 dies.
449 2119 580 2172 Quod
597 2128 640 2162 et
654 2119 686 2162 si
705 2118 979 2178 aliquantum
1001 2117 1270 2162 laboriosum
1286 2126 1350 2162 est
1369 2118 1414 2161 in
1435 2117 1520 2161 hoc
1535 2116 1711 2171 saeculo,

319 2190 527 2249 quoniam
549 2198 728 2248 angusta
764 2197 807 2234 et
835 2197 950 2234 arcta
988 2189 1056 2233 via
1087 2198 1151 2233 est
1173 2204 1273 2249 quae
1295 2187 1418 2232 ducit
1441 2187 1496 2232 ad
1524 2188 1711 2244 vitam⁵3

320 2275 483 2306 merces
505 2271 652 2306 tamen
673 2270 791 2306 certa
818 2270 1015 2306 servatur
1042 2280 1051 2306 2
1076 2276 1177 2305 nam
1196 2261 1287 2320 ipse
1305 2260 1430 2305 labor
1447 2258 1714 2318 significatus

320 2341 383 2377 es't
408 2332 490 2377 illis
516 2332 730 2392 picridiis,
756 2331 877 2392 quod
898 2331 1172 2392 aliquantum
1195 2331 1424 2376 subamara
1443 2331 1543 2375 sint.

378 2404 478 2447 XII.
516 2406 802 2449 Pentecosten
824 2404 970 2458 etiam,
995 2402 1040 2448 id
1060 2411 1139 2456 est,
1160 2417 1183 2445 a
1197 2402 1396 2461 passione
1415 2410 1458 2446 et
1473 2415 1712 2445 ressurrec-

370 2512 376 2527 ¹
399 2508 494 2538 Deut.
516 2516 591 2547 xxv,
608 2519 640 2550 9.
657 2523 698 2530 —-
713 2514 724 2530 ²
747 2506 860 2549 Ephes.
885 2517 928 2544 vi,
953 2505 1003 2538 15.
1026 2523 1066 2528 --
1088 2504 1100 2527 3
1119 2505 1190 2537 lsai.
1212 2515 1265 2541 mi,
1285 2516 1316 2547 φ.
1337 2503 1407 2534 -4
1434 2515 1444 2537 ι
1472 2505 1546 2536 Cor.
1575 2514 1604 2535 v.
1624 2503 1710 2534 8.—

325 2561 337 2583 ·”
359 2562 478 2594 Manli.
499 2573 556 2598 vu.
581 2562 630 2594 13.
