1803 3250
339 193 419 231 190
760 198 794 229 s.
829 200 1058 231 Aucusnm
1091 204 1272 231 131115001’1

331 277 454 312 erant
470 268 600 327 justi,
625 268 701 326 qui
723 268 915 313 exierant
937 284 987 313 ex
1012 270 1093 314 hac
1122 269 1209 314 vita
1227 269 1346 328 prius
1370 283 1502 328 quam
1521 270 1718 314 Christus

332 339 375 381 in
399 352 527 382 carne
549 336 761 393 venisset,
792 347 835 383 et
856 348 1004 384 utrum
1027 340 1157 385 etiam
1176 340 1289 399 ipsos
1311 338 1365 383 ad
1382 338 1548 399 aliquid
1562 340 1718 384 melius

332 409 467 467 passio
487 408 648 454 Christi
676 410 965 467 transtulerit,
991 412 1066 472 qui
1089 412 1134 456 in
1156 427 1257 456 cum
1281 420 1516 456 venturum
1532 446 1543 467 ,
1563 426 1716 471 passu-

331 495 425 523 rum
443 515 453 534 ,
479 491 821 526 resurrecturum
841 518 851 537 ,
882 499 970 528 non
1004 493 1174 528 tantum
1199 483 1474 528 crediderant
1490 518 1500 537 ,
1537 498 1716 527 verum-

329 551 458 595 etiam
492 552 575 597 hoc
607 552 748 612 ipsum
775 589 786 609 ,
826 553 937 598 sicut
971 554 1234 614 oportebat,
1271 554 1528 614 prophetico
1561 554 1715 613 spiritu

329 624 749 680 praenuntiaverant‚
780 624 824 668 in
850 625 1081 684 Scripturis
1112 626 1269 670 sanctis
1302 623 1599 683 indagandum
1622 634 1712 680 est,

327 693 360 737 si
382 694 606 753 quomodo
629 696 683 739 ad
711 695 928 755 liquidum
952 696 1146 755 indagari
1166 705 1310 755 potest
1326 717 1337 753 3
1354 711 1443 741 non
1462 696 1565 740 hinc
1586 706 1713 741 teme-

328 765 473 811 ritates
495 767 770 826 opinantium
800 767 1104 812 consectandae
1125 767 1428 827 quorumlibet
1453 768 1683 812 hominum
1700 803 1711 823 ,

327 836 487 881 nedum
523 846 612 881 tam
635 836 886 881 execrabilis
916 838 1089 881 haeresis
1111 838 1410 897 perversitates
1439 839 1565 882 nimis
1587 837 1716 897 longe

326 924 349 952 a
369 909 551 952 veritate
569 908 880 952 aberrantium.
906 911 1084 954 Frustra
1116 910 1196 954 sibi
1228 925 1330 955 sane
1358 925 1434 969 per
1459 911 1574 954 hanc
1603 909 1718 955 obli-

324 979 534 1038 quitatem
555 977 784 1037 pollicetur
806 981 1013 1034 Faustus,
1040 980 1204 1040 aliquid
1223 981 1447 1040 posthanc
1469 980 1604 1024 vitam
1618 981 1719 1025 cui-

324 1065 454 1109 quam
484 1065 608 1109 posse
636 1050 853 1109 praestari,
886 1050 1008 1110 quod
1030 1051 1109 1095 sibi
1133 1050 1429 1111 praestandum
1453 1051 1498 1095 in
1522 1052 1602 1095 hac
1629 1051 1718 1095 vita

325 1135 413 1164 non
435 1121 763 1180 comparaverit.
790 1123 962 1165 Bonum
987 1131 1050 1166 est
1071 1122 1194 1166 vobis
1219 1131 1292 1176 ut,
1317 1123 1425 1166 dum
1448 1121 1520 1166 hic
1541 1122 1711 1177 vivitis,

324 1191 455 1236 istum
489 1191 743 1251 relinquatis
774 1206 992 1247 errorem,
1029 1201 1072 1236 et
1103 1193 1330 1237 veritatem
1352 1192 1592 1237 Catholicae
1613 1192 1715 1237 fidei

323 1261 593 1321 cognoscatis
624 1270 755 1323 atque
787 1263 984 1307 teneatis.
1022 1262 1231 1322 Alioquin
1262 1262 1393 1322 longe
1421 1262 1560 1307 aberit
1594 1262 1716 1323 quod

322 1333 403 1377 sibi
430 1332 664 1393 pollicetur
698 1333 906 1393 injustus,
941 1349 1044 1379 cum
1072 1334 1165 1378 fieri
1192 1335 1377 1393 coeperit
1400 1333 1523 1393 quod
1554 1332 1717 1394 injusto

324 1404 512 1448 minatus
536 1413 599 1448 est
621 1407 751 1448 Deus.
1391 1458 1394 1462 ⁴

384 1478 438 1519 V.
474 1478 535 1519 De
556 1475 644 1519 vita
673 1483 818 1519 autem
847 1474 1195 1519 Patriarcharum
1225 1475 1342 1535 jam,
1375 1483 1592 1535 quantum
1616 1475 1716 1520 satis

325 1546 556 1591 arbitratus
581 1562 706 1601 sum,
742 1547 908 1591 homini
942 1546 1153 1591 maledico
1186 1562 1277 1591 non
1306 1561 1443 1606 pauca
1478 1546 1712 1607 respondi:

323 1617 484 1678 quibus
506 1633 596 1661 non
620 1617 776 1677 utique
796 1618 840 1660 in
858 1626 998 1661 morte
1014 1617 1218 1662 correctis
1233 1652 1244 1671 ,
1269 1617 1338 1661 vel
1358 1626 1456 1677 post
1472 1618 1717 1677 passionem

323 1705 446 1734 suam
463 1689 724 1748 justificatis,
750 1688 1045 1734 testimonium
1070 1690 1280 1733 Dominus
1301 1689 1589 1749 perhibebat,
1614 1703 1716 1734 cum

324 1763 349 1805 J
354 1761 502 1806 udaeos
522 1762 793 1810 admoneret,
818 1771 867 1805 ut
881 1761 914 1804 si
929 1761 1117 1806 Abrahae
1134 1760 1213 1805 filii
1226 1771 1384 1817 essent,
1403 1760 1516 1806 facta
1529 1761 1717 1806 Abrahae

324 1831 570 1889 facerent¹3
595 1840 638 1875 et
658 1829 777 1890 quod
801 1829 917 1874 idem
947 1831 1165 1875 Abraham
1199 1831 1392 1891 ejusdem
1420 1831 1537 1877 diem
1570 1832 1717 1877 videre

323 1902 652 1961 concupiverit,
687 1902 944 1962 gavisusque
976 1900 1139 1957 fuerit,
1170 1917 1269 1946 cum
1303 1901 1503 1960 vidisset,
1530 1912 1573 1947 et
1594 1902 1716 1963 quod

326 1974 370 2016 in
392 1973 483 2032 ejus
503 1973 668 2027 sinum,
694 1971 740 2016 id
762 1981 826 2017 est
840 2007 851 2027 ,
877 1972 1020 2017 nescio
1036 1973 1160 2033 cujus
1177 1973 1339 2033 quietae
1359 1973 1579 2018 felicitatis
1595 1988 1717 2032 mag-

325 2058 431 2087 num
453 2043 742 2102 abditumque
764 2052 994 2099 secretum,
1019 2044 1279 2088 abstulerint
1301 2044 1458 2104 Angeli
1475 2059 1716 2104 pauperem

324 2112 447 2158 illum
463 2129 759 2158 aerumnosum
771 2129 794 2158 a
810 2112 944 2159 divite
957 2114 1235 2174 superbiente
1247 2118 1587 2175 contemptum2.
1596 2113 1715 2168 Quid

324 2184 466 2230 dicam
488 2186 543 2230 de
564 2185 760 2245 apostolo
783 2184 953 2230 Paulo?
982 2188 1050 2230 An
1081 2186 1195 2231 forte
1225 2195 1269 2231 et
1290 2187 1381 2246 ipse
1405 2196 1503 2246 post
1528 2195 1713 2231 mortem

321 2257 605 2315 justificatum
627 2256 778 2301 laudat
800 2257 1021 2301 Abraham
1042 2292 1052 2312 ,
1083 2257 1204 2317 quod
1225 2258 1345 2317 prius
1363 2273 1498 2318 quam
1526 2258 1716 2302 circum-

325 2328 542 2374 cideretur
559 2328 743 2374 credidit
756 2331 863 2384 Deo,
883 2338 927 2373 et
942 2328 1202 2389 deputatum
1220 2338 1284 2374 est
1299 2329 1363 2374 illi
1380 2329 1435 2374 ad
1446 2329 1658 2388 justitiam
1669 2329 1709 2372 ³:

324 2398 446 2459 quod
468 2400 575 2445 tanti
597 2400 777 2459 pendit,
813 2408 861 2444 ut
883 2414 962 2444 nos
992 2414 1082 2444 non
1104 2400 1161 2444 ob
1193 2397 1313 2443 aliud
1337 2398 1454 2444 dicat
1476 2398 1589 2444 filios
1620 2398 1711 2459 ejus

372 2501 383 2522 ¹
411 2502 507 2535 Joan.
533 2500 608 2542 vni,
640 2501 683 2544 39
711 2503 746 2534 et
767 2499 905 2533 56.—=
934 2501 1012 2534 Luc.
1034 2510 1108 2542 xvi,
1134 2499 1189 2534 23.
1209 2516 1248 2524 ·-·
1265 2497 1278 2524 3
1297 2502 1388 2534 Rom.
1419 2510 1470 2543 lv,
1501 2499 1544 2542 3,
1572 2502 1606 2533 et
1630 2500 1711 2534 Gen.

326 2564 390 2599 xv,
412 2555 447 2589 6.
