1803 3250
348 227 512 257 com-Ra
544 228 851 259 Anvmtsanrum
883 231 1019 269 LEG1s,
1054 232 1138 259 Lm.
1174 234 1221 259 11.
1404 220 1487 260 417

97 297 266 355 justum
277 303 320 340 et
330 295 514 349 bonum,
525 296 602 355 qui
616 296 894 341 excaecaverit
906 305 1069 342 mentes
1078 296 1123 341 in
1132 295 1327 340 fidelium
1340 297 1487 341 saeculi

104 367 235 427 hujus
254 385 264 412 ι
290 376 340 412 ut
360 382 450 412 non
466 367 538 411 hic
566 368 857 427 distinguatur
872 401 884 422 ,
906 386 923 408 «
942 371 993 412 In
1014 368 1174 428 quibus
1197 371 1312 413 Deus
1341 368 1486 414 saeculi

105 456 126 480 »
147 439 294 499 hujus,
316 459 335 482 n
358 454 407 484 ac
421 438 580 484 deinde
599 438 910 494 subinferatur,
934 457 951 479 «
968 440 1211 485 Excaecavit
1227 449 1393 485 mentes
1418 441 1487 485 in-

30 515 43 527 *
107 527 126 550 »
150 508 372 568 fidelium,
393 529 412 552 »
437 509 513 554 sed
531 510 588 554 ita
610 510 771 569 potius,
801 509 883 553 «in
906 511 1066 570 quibus
1098 515 1224 566 Deus,
1256 527 1305 556 ac
1328 511 1487 556 deinde

102 578 415 635 subinferatur,
430 599 449 621 «
468 580 614 625 saeculi
627 581 755 640 hujus
769 581 1001 625 excaecavit
1014 591 1179 626 mentes
1192 582 1454 641 infidelium,
1470 604 1487 625 »

104 651 188 696 hoc
209 660 272 696 est
291 686 301 706 ‚
334 651 578 696 infidelium
597 650 744 697 saeculi
761 652 892 712 hujus
913 661 1080 696 mentes
1102 654 1346 698 excaecavit.

159 723 302 767 XXX.
340 721 425 768 Sed
446 722 535 766 istis
555 737 645 767 non
665 722 807 782 placet
821 757 833 778 ‚
866 731 917 766 ut
939 725 1054 766 Deus
1071 722 1213 767 bonus
1230 733 1394 768 mentes
1417 741 1485 768 ex-

99 802 233 837 caecet
259 791 522 853 aliquorum.
554 794 654 838 Non
684 793 801 837 enim
830 791 1065 837 attendunt
1095 792 1328 838 Salvatoris
1357 795 1488 838 verba

99 863 309 908 dicentis:
338 883 359 905 «
380 867 431 907 In
447 864 664 923 judicium
692 879 772 923 ego
799 865 845 908 in
876 865 996 909 hunc
1028 862 1245 908 mundum
1276 865 1403 919 veni,
1436 875 1484 909 ut

105 953 127 976 »
153 935 230 995 qui
257 950 347 980 non
372 934 523 979 vident
554 935 757 990 videant,
798 944 840 979 et
873 936 950 995 qui
979 934 1130 980 vident
1157 936 1260 980 caeci
1289 937 1439 980 fiant1.
1470 955 1492 978 »

104 1005 325 1065 Illeigitur
339 1006 416 1067 qui
437 1007 679 1051 secundum
701 1007 995 1066 Apostolicam
1008 1007 1287 1060 sententiam,
1314 1008 1486 1067 «Cujus

104 1095 125 1118 η
151 1076 247 1121 vult
265 1077 507 1130 miseretur,
527 1087 571 1121 et
585 1092 717 1137 quem
733 1077 829 1122 vult
846 1077 1078 1131 obdurat2‚
1115 1095 1134 1118 »
1173 1077 1326 1137 procul
1357 1077 1494 1123 dubio

104 1163 236 1207 quem
250 1147 346 1193 vult
363 1147 603 1202 illuminat,
629 1158 672 1192 et
693 1164 826 1209 quem
848 1147 944 1192 vult
959 1149 1185 1193 excaecatss.
1215 1149 1300 1193 Sed
1323 1164 1412 1192 non
1437 1158 1499 1193 est

102 1218 309 1278 iniquitas
322 1217 440 1277 apud
454 1222 613 1273 Deum,
627 1219 698 1263 cui
711 1219 816 1262 dicit
829 1217 1020 1262 Ecclesia
1037 1235 1045 1259 :
1061 1237 1081 1260 «
1097 1218 1436 1263 Misericordiam
1456 1228 1499 1263 et

106 1307 126 1331 »
149 1289 364 1350 judicium
386 1289 574 1334 cantabo
594 1290 691 1344 tibi,
719 1290 942 1334 Domine&
961 1307 982 1330 »
996 1289 1221 1334 Illuminat
1238 1305 1340 1349 ergo
1357 1291 1490 1335 mise-

103 1359 285 1405 ricordia
300 1395 311 1415 ,
336 1369 522 1405 excaecat
539 1359 724 1419 judicio:
744 1360 899 1420 utique
913 1360 1175 1420 aequissimo,
1192 1361 1270 1404 etsi
1289 1361 1493 1405 occultis-

101 1432 226 1475 simo.
254 1430 588 1475 «Inscrutabilia
608 1431 724 1474 enim
740 1439 843 1475 sunt
859 1431 1024 1491 judicia
1046 1432 1081 1490 ej
1090 1446 1137 1475 us
1152 1433 1183 1475 ⁵.
1203 1449 1222 1472 η
1249 1432 1330 1476 Cui
1344 1440 1492 1476 tamen

103 1503 262 1547 dicitur
277 1522 287 1548 :
313 1522 333 1545 (ι
348 1503 503 1547 Sedisti
526 1517 656 1562 super
670 1503 878 1547 thronum
893 1503 970 1562 qui
979 1504 1147 1562 judicas
1162 1503 1453 1562 aequitatemss.
1471 1522 1491 1545 »

159 1575 323 1617 XXXI.
353 1574 466 1618 Huic
488 1576 577 1617 Deo
598 1574 772 1617 servivit
789 1576 977 1630 Moyses,
993 1574 1226 1631 caeterique
1248 1574 1492 1632 Prophetae,

100 1660 210 1704 quos
240 1646 380 1704 justos
415 1645 506 1688 sine
539 1644 677 1689 dubio
717 1644 926 1688 Dominus
962 1644 1053 1703 ipse
1094 1652 1289 1688 testatur.
1324 1647 1491 1688 Horum

100 1716 262 1775 quippe
284 1714 427 1759 Judaei
447 1714 641 1773 sepulcra
663 1714 977 1759 construebant
994 1749 1004 1768 ,
1041 1723 1084 1757 et
1112 1723 1397 1758 monumenta
1419 1731 1491 1759 or-

101 1787 283 1841 nabant,
310 1786 471 1846 quibus
485 1785 591 1830 dicit
609 1805 617 1830 :
648 1805 668 1827 «
689 1786 927 1830 AEdificatis
940 1784 1136 1845 sepulcra
1154 1786 1486 1844 Prophetarum,

104 1876 123 1898 »
148 1866 192 1901 et
212 1857 375 1909 ornatis
395 1866 680 1901 monumenta
695 1858 914 1916 justorum
931 1858 962 1900 ⁷.
984 1876 1004 1898 «
1033 1856 1116 1900 Sed
1138 1855 1199 1899 illi
1221 1872 1387 1911 omnes,
1409 1858 1488 1901 etsi

102 1943 181 1987 pro
206 1927 413 1987 temporis
445 1925 765 1986 dispensatione
789 1927 955 1970 Veteris
982 1929 1244 1970 Testamenti
1266 1927 1485 1972 ministra-

100 1999 208 2042 bant
229 1998 400 2057 figuris‚
433 1997 488 2042 ad
520 2000 692 2042 Novum
722 2007 868 2041 tamen
899 2000 1249 2051 Testamentum,
1290 1998 1487 2057 quamvis

100 2069 296 2114 nondum
316 2068 570 2123 revelatum,
592 2084 668 2128 per
686 2068 868 2128 gratiam
887 2068 963 2112 Dei
980 2068 1274 2128 pertinebant,
1296 2068 1351 2112 ad
1366 2068 1486 2129 quod

100 2141 345 2201 pertinebat
369 2140 603 2185 Abraham.
625 2142 738 2185 Hinc
752 2141 914 2201 quippe
933 2140 1018 2194 isti,
1035 2140 1069 2184 si
1083 2149 1249 2184 remoto
1271 2139 1486 2184 velamine

100 2213 294 2272 legerent
310 2246 322 2266 ‚
345 2210 638 2270 intelligerent
659 2212 719 2256 ita
739 2227 829 2256 non
847 2226 936 2255 esse
953 2211 1178 2255 inimicum
1199 2210 1485 2269 Evangelium

101 2283 207 2342 Legi
225 2298 325 2343 quae
347 2282 448 2326 data
468 2291 533 2327 est
552 2297 630 2342 per
650 2284 834 2340 Moysen
848 2283 881 2336 8,
916 2282 1025 2325 sicut
1056 2280 1169 2326 inter
1198 2295 1243 2324 se
1273 2296 1364 2325 non
1385 2290 1487 2325 sunt

100 2354 265 2398 inimici
287 2353 505 2398 Abraham
527 2362 571 2398 et
590 2353 682 2413 ipse
700 2357 873 2411 Moyses
895 2372 903 2396 ε
930 2367 1038 2413 quos
1055 2351 1208 2412 utique
1225 2360 1268 2395 et
1284 2352 1353 2396 isti
1369 2367 1488 2396 eum-

101 2424 201 2470 dem
223 2424 406 2470 coluisse
426 2425 692 2470 confitentur
708 2428 863 2479 Deum,
882 2423 1078 2484 quamvis
1092 2438 1193 2467 eum
1210 2421 1270 2468 sic
1282 2422 1483 2483 blasphe-

150 2534 157 2550 ¹
178 2528 332 2568 Joan.1x,
353 2527 406 2569 39.
423 2543 464 2549 —
481 2532 494 2549 ²
514 2528 608 2560 Rom.
626 2536 672 2568 ix,
695 2526 746 2559 18.
763 2544 802 2550 —
821 2525 833 2549 3
852 2525 934 2557 Ibid.
959 2524 1057 2566 14—
1073 2522 1088 2553 4
1105 2522 1186 2555 Psal.
1207 2533 1236 2563 c,
1260 2534 1288 2554 1.
1307 2523 1373 2546 ——5
1393 2525 1485 2555 Rom.

103 2594 148 2620 xi,
170 2582 224 2616 33.
239 2581 305 2606 ...6
322 2582 403 2615 Psal.
424 2594 469 2625 ix,
489 2583 520 2616 5.
537 2600 574 2607 --
593 2589 607 2616 7
625 2582 746 2615 Matth.
769 2593 837 2624 xm,
859 2590 914 2623 29.
927 2597 967 2604 -
983 2578 997 2602 8
1015 2582 1107 2612 Joan0
1123 2589 1146 2620 ι,
1169 2589 1218 2620 17.

238 2647 429 2678 CXXXVI.
1254 2633 1304 2670 27
