1803 3250
368 215 531 246 CONTRA
563 214 864 246 ADVERSAMUM
900 218 1034 256 mets,
1070 218 1152 244 Lm.
1189 219 1237 244 11.
1420 204 1505 245 415

124 301 144 324 »
170 282 344 340 revixit3
364 301 383 323 »
408 283 492 327 hoc
505 292 594 336 est,
623 302 643 325 «
663 286 891 327 Inventum
913 291 976 326 est
994 282 1099 326 mihi
1115 282 1369 326 mandatum
1386 283 1506 342 quod

123 371 143 394 »
169 354 316 397 eratin
333 354 483 407 vitam,
501 354 584 397 hoc
602 368 690 397 esse
706 354 751 396 in
767 361 975 410 mortem3
996 372 1016 394 »
1037 354 1120 398 hoc
1135 363 1218 408 est,
1242 353 1507 398 «Occasione

125 442 143 464 »
169 433 344 483 accepta
366 432 592 483 peccatum
628 439 704 483 per
741 421 997 466 mandatum
1034 422 1192 467 fefellit
1223 438 1319 478 me,
1360 433 1402 468 et
1431 439 1508 483 per

122 513 141 535 n
166 493 275 539 illud
297 493 481 551 occidit,
502 513 521 535 »
547 495 630 538 hoc
653 503 736 549 est,
768 512 784 534 «
810 496 897 537 Lex
919 494 1203 548 subintravit,
1237 504 1286 538 ut
1307 493 1509 538 abunda-

122 582 142 605 »
171 574 235 609 ret
255 564 463 609 delictum
481 567 494 590 ¹
515 586 526 622 3
550 583 569 605 n
595 565 679 608 hoc
701 573 765 608 est
782 599 792 618 ,
823 583 842 605 «
861 566 949 607 Lex
968 565 1072 608 iram
1099 566 1329 623 operatur2
1349 586 1360 622 3
1379 584 1397 606 »
1424 566 1508 610 hoc

116 645 181 679 est
196 669 207 688 ,
239 654 258 677 «
281 636 427 679 Virtus
439 635 605 694 peccati
620 637 754 679 Lexss.
776 654 795 676 »
820 634 1061 679 Prohibitio
1079 635 1192 680 enim
1211 636 1373 694 peccati
1388 636 1509 696 quod

116 715 180 749 est
199 709 304 761 Lex,
329 717 458 764 auget
484 704 680 765 profecto
710 705 975 750 desiderium
997 705 1207 764 peccandi
1237 725 1245 750 :
1277 705 1397 766 quod
1419 722 1508 750 non

116 777 412 836 extinguitur,
448 778 528 821 nisi
558 777 749 822 contrari
783 776 998 822 desiderio
1032 786 1148 821 recte
1185 775 1403 831 faciendi,
1434 778 1509 822 ubi

119 866 138 889 «
164 848 290 892 Fides
303 864 379 907 per
393 848 669 892 dilectionem
685 858 903 907 operatur.
927 850 1051 892 »Hoc
1070 858 1214 894 autem
1233 863 1320 892 non
1340 856 1511 907 praestat

116 918 259 963 littera
279 919 440 979 jubens
459 954 471 973 ,
497 918 572 963 sed
600 920 773 978 spiritus
805 920 962 979 juvans
997 939 1004 963 :
1043 935 1128 965 non
1162 922 1247 962 Lex
1282 933 1406 977 ergo,
1432 918 1509 964 sed

116 990 282 1048 gratia:
309 1005 397 1033 non
432 991 567 1033 Vetus
607 993 931 1034 Testamentum
958 1007 978 1031 «
1007 992 1056 1035 ln
1096 989 1346 1035 servitutem
1378 1005 1510 1047 gene-

117 1079 138 1102 »
164 1076 288 1115 rans,
313 1060 433 1120 quod
471 1070 534 1104 est
564 1064 703 1120 Agar,
726 1080 744 1101 »
777 1060 850 1104 sed
882 1075 1044 1104 novum
1083 1060 1127 1105 in
1162 1075 1250 1119 quo
1286 1075 1373 1105 non
1405 1069 1509 1105 sunt

119 1152 139 1173 ι(
165 1130 333 1176 ancillae
354 1131 454 1186 filii,
480 1131 556 1176 sed
576 1131 743 1186 liberae,
764 1148 849 1192 qua
865 1131 1066 1175 libertate
1084 1132 1286 1177 Christus
1304 1148 1382 1177 nos
1400 1132 1509 1177 libe-

117 1221 137 1244 »
166 1203 319 1246 1·avit⁴.
340 1221 359 1244 »
389 1206 443 1247 Et
464 1212 608 1246 tamen
632 1206 718 1247 Lex
738 1214 884 1247 sancta
901 1212 987 1256 est,
1014 1211 1057 1245 et
1086 1202 1342 1249 mandatum
1382 1219 1507 1247 sanc-

117 1283 208 1318 tum
227 1275 451 1334 etjustum
473 1284 517 1318 et
537 1274 718 1318 bonum.
750 1278 826 1318 Per
851 1275 932 1318 hoc
958 1273 1211 1319 mandatum
1236 1283 1433 1319 sanctum
1463 1283 1507 1318 et

109 1347 276 1405 justum
293 1355 337 1390 et
360 1346 544 1400 bonum,
570 1345 615 1388 in
635 1345 702 1389 his
724 1345 801 1404 qui
828 1361 917 1389 non
940 1345 1106 1389 habent
1128 1346 1323 1404 spiritum
1347 1346 1508 1390 Christi

115 1425 321 1475 operatur
341 1425 570 1474 peccatum
603 1431 781 1462 omnem
813 1416 1225 1474 concupiscentiam.
1259 1414 1441 1468 Qualem
1465 1432 1509 1459 se

114 1488 245 1532 fuisse
267 1490 311 1532 in
333 1490 490 1532 Vetere
515 1490 791 1532 Testamento
824 1487 952 1532 etiam
981 1488 1071 1546 ipse
1096 1487 1328 1546 Apostolus
1359 1496 1508 1531 osten-

84 1580 86 1583 ’
114 1559 237 1613 dens,
267 1559 555 1612 «Occasione,
580 1558 740 1618 inquit,
766 1567 940 1617 accepta
968 1566 1192 1617 peccatum
1218 1573 1294 1616 per
1323 1557 1507 1602 manda-

116 1649 137 1672 »
161 1639 255 1674 tum
288 1639 513 1689 operatum
547 1638 611 1673 est
633 1629 679 1672 in
708 1644 776 1672 me
803 1643 977 1673 omnem
1009 1628 1454 1688 concupiscentiamss.
1483 1647 1502 1670 »

117 1704 196 1746 Per
217 1698 337 1761 quod
369 1700 648 1753 mandatum,
687 1699 765 1743 nisi
800 1698 919 1759 quod
941 1699 1026 1743 ait:
1056 1718 1076 1741 «
1096 1698 1507 1758 Concupiscentiam

116 1791 136 1813 »
166 1772 429 1825 nesciebam,
454 1771 536 1814 nisi
560 1773 648 1814 Lex
671 1769 834 1814 diceret
853 1789 861 1814 :
881 1772 979 1814 Non
1001 1771 1310 1829 concupisces?
1331 1790 1347 1812 »
1369 1773 1509 1815 Num-

113 1842 222 1904 quid
243 1842 408 1886 malum
426 1851 491 1886 est
512 1857 600 1886 non
626 1841 964 1899 concupiscere?
984 1844 1077 1886 Imo
1100 1842 1293 1886 ‚maxime
1322 1842 1503 1886 bonum.

113 1918 233 1959 Bona
255 1923 318 1958 est
339 1928 440 1971 ergo
461 1915 549 1956 Lex
569 1928 669 1972 quae
691 1912 774 1956 hoc
792 1912 898 1957 dicit
920 1930 929 1956 ι
955 1911 1029 1956 sed
1053 1912 1128 1955 ubi
1149 1928 1235 1957 non
1260 1911 1380 1956 adest
1403 1912 1507 1957 vivi,

114 1986 248 2030 ficans
280 1985 454 2044 spiritus
473 2019 484 2037 ,
523 1984 618 2027 haec
639 1984 729 2043 ipsa
754 1985 842 2027 Lex
865 1998 965 2042 quae
990 1983 1156 2027 bonum
1179 1983 1286 2027 dicit
1316 1981 1473 2030 occidit
1494 2001 1503 2028 t

112 2057 217 2116 quia
236 2056 403 2115 peccati
425 2058 562 2100 virtus
592 2064 682 2110 est,
704 2070 803 2098 cum
839 2069 914 2113 per
945 2053 1065 2098 illam
1091 2063 1296 2113 operatur
1328 2070 1504 2102 omnem

112 2127 538 2187 concupiscentiam,
574 2125 890 2170 inflammando
920 2125 1240 2184 prohihitione3
1272 2125 1393 2185 quod
1415 2141 1505 2174 non

115 2199 384 2258 extinguitur
399 2213 477 2258 per
495 2199 724 2258 jubentem
748 2197 936 2241 litteram
964 2197 1119 2240 timore
1138 2212 1302 2256 poenae,
1334 2195 1409 2244 sed
1431 2212 1506 2256 per

109 2272 337 2331 juvantem
349 2270 548 2330 spiritum
559 2268 793 2314 dilectione
801 2268 994 2328 justitiae.
1017 2267 1121 2313 Ideo
1134 2268 1192 2312 ait
1210 2287 1218 2313 ε
1241 2287 1259 2309 «
1275 2271 1505 2316 Peccatum

115 2361 138 2384 ω)
164 2353 214 2387 ut
232 2351 438 2402 appareat
470 2351 722 2400 peccatum,
749 2356 826 2400 per
853 2341 1021 2384 bonum
1050 2340 1154 2385 mihi
1182 2349 1410 2399 operatum
1441 2348 1505 2383 est

116 2431 140 2456 »
163 2423 394 2458 mortem.»
411 2415 508 2459 Non
520 2413 636 2457 enim
650 2412 724 2468 ait,
741 2427 819 2472 per
832 2410 995 2457 malum
1017 2410 1134 2466 :sed,
1150 2426 1258 2470 «per
1271 2411 1455 2459 bonum.
1481 2428 1501 2451 »

163 2521 172 2536 ¹
199 2515 295 2546 Rom.
317 2524 350 2554 v,
369 2521 421 2545 20.
438 2530 480 2536 -—
496 2513 571 2545 ²1d.
590 2524 636 2554 tv,
661 2513 762 2545 16.—
780 2510 793 2535 3
817 2524 828 2543 1
849 2513 922 2545 Cor.
945 2523 1000 2553 xv,
1016 2512 1072 2544 56.
1089 2511 1159 2541 -6
1174 2511 1240 2544 Gal.
1262 2522 1297 2553 v,
1314 2511 1350 2543 6.
1370 2528 1410 2538 τ’
1425 2508 1505 2545 ⁵1d.

118 2580 166 2609 iv,
186 2567 240 2611 24.
256 2566 324 2594 -6
343 2571 437 2603 Rom.
456 2579 510 2609 vu,
529 2567 561 2601 8.
