1803 3250
343 244 424 283 368
773 251 806 280 s.
843 252 1072 283 mensum
1105 254 1284 282 EPlscorl

341 320 483 371 cles-ia,
515 330 614 377 quae
637 317 692 361 ab
715 316 890 362 illorum
914 320 1182 380 temporibus
1199 333 1275 378 per
1298 319 1615 378 Episcoporum
1631 334 1725 364 suc-

341 389 550 433 cessiones
567 387 840 444 certissimas‚
865 406 1002 450 usque
1021 390 1072 435 ad
1090 400 1233 435 nostra
1254 400 1298 435 et
1311 390 1516 450 deinceps
1533 399 1729 450 tempora

343 467 599 519 perseverat,
625 468 668 503 et
689 459 886 506 immolat
912 465 998 506 Deo
1019 463 1063 506 in
1086 477 1267 522 corpore
1289 461 1448 508 Christi
1470 461 1729 506 sacrificium

341 530 503 586 laudis,
542 546 592 575 ex
620 547 709 592 quo
743 535 852 576 Deus
887 533 1069 578 deorum
1092 534 1265 580 locutus
1289 534 1461 580 vocavit
1483 544 1643 578 terram
1661 568 1673 588 ‚
1705 548 1728 576 a

339 601 437 647 solis
460 611 558 647 ortu
582 619 717 662 usque
740 604 794 648 ad
817 609 1058 650 occasum¹.
1083 608 1185 650 Haec
1204 607 1367 666 quippe
1386 604 1578 649 Ecclesia
1595 613 1659 648 est
1674 606 1729 648 Is-

343 674 427 718 ra'cl
460 674 701 719 secundum
739 676 965 735 spiritum3
1005 693 1028 721 a
1059 693 1147 737 quo
1185 676 1469 735 distinguitur
1492 675 1565 719 ille
1600 673 1731 719 Israel

340 745 578 790 secundum
598 762 789 801 carnem,
812 748 888 807 qui
910 748 1126 792 serviebat
1142 749 1188 791 in
1211 747 1378 792 umbris
1401 747 1727 801 sacrificiorum,

339 819 500 878 quibus
538 819 861 876 significabatur
893 819 1111 878 singulare
1147 820 1407 864 sacrificium
1450 818 1571 879 quod
1613 833 1731 863 nunc

341 892 470 935 offert
495 891 623 935 lsra‘e'l
642 889 883 935 secundum
908 891 1129 950 spiritum,
1166 892 1234 936 cui
1272 891 1437 936 dictum
1460 900 1592 952 atque
1618 905 1732 950 prae-

345 962 511 1006 dictum
529 972 591 1006 est
618 982 626 1006 :
656 962 827 1017 «Audi,
854 963 1043 1023 populus
1062 979 1200 1019 meus,
1226 973 1269 1008 et
1286 963 1441 1024 loquar
1458 964 1562 1021 tibi3
1584 961 1731 1018 Israel,
1790 961 1794 965 ’

347 1053 364 1074 »
391 1043 433 1077 ct
457 1033 718 1078 testificabor
735 1033 815 1077 tibi
830 1036 847 1060 ²
869 1055 878 1078 ·.
907 1051 927 1075 n
953 1045 997 1078 et
1018 1044 1197 1090 caetera,
1223 1050 1323 1095 quae
1341 1039 1432 1095 jam
1456 1050 1584 1094 supra
1611 1049 1734 1079 com-

342 1104 592 1149 memoravi.
618 1107 676 1148 De
692 1105 823 1165 hujus
836 1104 950 1150 enim
967 1106 1098 1150 domo
1117 1121 1205 1150 non
1219 1107 1378 1165 accipit
1395 1105 1574 1161 vitulos,
1593 1120 1736 1165 neque

341 1176 395 1220 dc
421 1175 624 1235 gregibus
647 1176 737 1235 ejus
761 1176 915 1221 hircos.
940 1180 1025 1221 Iste
1043 1177 1241 1222 immolat
1257 1181 1347 1222 Deo
1366 1178 1626 1222 sacrificium
1642 1176 1738 1220 lau-

342 1248 427 1302 dis,
454 1263 542 1292 non
571 1247 812 1291 secundum
837 1248 1036 1292 ordinem
1059 1252 1205 1294 Aaron
1224 1285 1234 1303 ‚
1260 1249 1335 1293 sed
1357 1247 1599 1294 secundum
1621 1247 1739 1293 ordi·-

345 1335 442 1364 ncm
466 1318 803 1364 Melchisedech,
823 1319 949 1373 Quod
966 1320 1011 1363 in
1035 1336 1086 1365 eo
1109 1320 1281 1365 Psalmo
1296 1322 1486 1381 positum
1508 1330 1587 1376 est⁷
1604 1334 1738 1380 quem

347 1391 553 1436 Dominus
572 1393 694 1435 Jesus
711 1391 756 1434 in
779 1390 1017 1448 Evangelio
1034 1390 1089 1435 de
1108 1407 1153 1435 se
1171 1392 1468 1451 conscriptum
1486 1406 1575 1435 esse
1602 1399 1734 1435 testa-

344 1473 435 1515 tur,
470 1478 668 1523 quaerens
699 1478 723 1506 a
759 1463 921 1506 Judaeis
954 1462 1318 1522 respondentibus
1343 1464 1568 1508 Christum
1597 1462 1735 1506 filium

344 1550 434 1579 csso
457 1533 610 1588 David,
638 1533 755 1594 quod
780 1533 921 1578 solum
938 1534 993 1578 de
1014 1533 1090 1578 illo
1114 1535 1344 1579 carnaliter
1364 1543 1598 1590 noverant,
1624 1549 1739 1595 quo-

346 1604 474 1649 modo
490 1620 589 1648 eum
609 1604 744 1648 David
762 1605 806 1648 in
829 1605 983 1664 spiritu
1006 1603 1162 1649 dixerit
1179 1606 1460 1650 Dominumss.
1486 1609 1608 1650 Tunc
1623 1605 1738 1649 enim

346 1679 474 1737 hujus
501 1676 656 1721 Psalmi
679 1677 1036 1722 commemoravit
1065 1677 1318 1722 exordium:
1349 1678 1506 1722 «Dixit
1530 1678 1740 1722 Dominus

349 1768 367 1789 η
398 1750 580 1793 Domino
595 1765 692 1794 meo
710 1768 718 1793 z
740 1748 849 1794 Sede
865 1766 887 1794 a
901 1749 1061 1794 dextris
1077 1750 1197 1805 meis,
1214 1749 1354 1795 donec
1371 1765 1529 1809 ponam
1548 1749 1741 1794 inimicos

349 1841 366 1860 η
397 1831 492 1865 tuos
511 1819 750 1865 scabellum
771 1820 933 1879 pedum
950 1823 1163 1865 tuorum4.
1186 1840 1205 1862 »
1229 1821 1297 1865 Ibi
1315 1822 1481 1882 quippe
1496 1831 1540 1866 et
1555 1822 1639 1866 hoc
1657 1819 1742 1865 dic-

348 1903 440 1937 tum
462 1901 524 1937 est
545 1911 553 1937 :
581 1912 600 1934 «
618 1892 789 1937 Juravit
820 1893 1051 1948 Dominus,
1079 1902 1122 1937 et
1151 1908 1240 1937 non
1268 1894 1499 1954 poenitebit
1521 1909 1620 1938 eum
1643 1912 1652 1937 :
1676 1896 1742 1937 Tu

349 1982 369 2005 »
396 1980 439 2007 es
461 1963 657 2008 sacerdos
688 1964 734 2007 in
768 1973 980 2007 aeternum
1012 1963 1254 2008 secundum
1287 1963 1485 2009 ordinem
1509 1964 1741 2010 Melchise-

350 2054 370 2077 u
395 2035 551 2080 deeh⁵.
574 2054 595 2078 »
621 2038 847 2081 Noverunt
869 2035 945 2096 qui
974 2035 1127 2096 legunt
1157 2036 1262 2096 quid
1293 2035 1525 2095 protulerit
1558 2034 1744 2081 Melchi-

348 2106 531 2163 sedech,
580 2106 758 2169 quando
798 2107 1018 2152 benedixit
1055 2107 1343 2153 Abrahamss:
1375 2117 1417 2151 et
1454 2107 1487 2152 si
1513 2108 1605 2167 J'am
1641 2115 1742 2152 sunt

348 2178 578 2239 participes
607 2181 719 2240 ejus,
753 2179 905 2224 vident
935 2179 1019 2222 tale
1054 2179 1314 2223 sacrificium
1344 2194 1462 2224 nunc
1485 2178 1633 2223 offerri
1655 2182 1743 2223 Deo

347 2259 438 2295 toto
456 2251 562 2295 orbe
586 2260 817 2295 terrarum.
845 2250 920 2294 Dei
955 2259 1101 2294 autem
1127 2251 1290 2310 juratio
1317 2249 1646 2295 incredulorum
1679 2258 1744 2294 est

348 2322 602 2382 increpatio.
628 2325 685 2368 Et
705 2322 826 2383 quod
850 2325 989 2367 Deum
1012 2337 1102 2367 non
1124 2321 1377 2382 poenitebit,
1402 2322 1660 2382 significatio
1683 2329 1746 2365 est

348 2395 450 2453 quia
484 2395 568 2440 hoc
603 2394 893 2440 sacerdotium
926 2410 1017 2439 non
1044 2394 1249 2438 mutabit.
1275 2394 1464 2439 Mutavit
1486 2394 1651 2454 quippe
1675 2408 1745 2437 sa-

348 2466 592 2511 cerdotium
607 2466 849 2512 secundum
863 2466 1061 2512 ordinem
1077 2469 1239 2511 Aaron.
1261 2465 1385 2511 Unde
1400 2465 1510 2510 alius
1527 2465 1746 2524 Propheta

394 2571 407 2590 ἵ
425 2568 509 2602 Psal.
530 2581 625 2613 xux,
649 2579 680 2604 2.
699 2588 741 2595 —
757 2577 770 2594 ²
791 2571 873 2606 lbid.
894 2583 925 2614 7.
948 2569 1017 2594 -3
1048 2570 1165 2603 Matth.
1195 2582 1281 2613 xxu,
1300 2570 1355 2611 42.
1374 2587 1412 2592 —
1429 2567 1445 2594 4
1464 2568 1543 2602 Psal,
1562 2579 1623 2608 cix,
1659 2580 1685 2600 ι.
1705 2585 1745 2591 ——

350 2624 464 2659 ⁵1bid.
486 2625 518 2667 4.
534 2624 602 2650 -6
621 2629 699 2661 Gen.
722 2637 793 2670 xiv,
816 2630 865 2661 18.
