1803 3250
330 203 383 229 DE
416 201 527 231 Acris
560 204 648 231 CUM
685 204 831 232 rumen
865 204 1113 245 MAmcHAEo,
1151 209 1230 235 Lm.
1268 212 1297 236 1.
1424 203 1503 240 211

123 266 277 311 habuit
293 268 568 326 negationem
587 269 768 323 timoris,
790 278 937 328 postea
953 271 1151 332 implevit
1166 272 1509 332 gloriosissimam

121 337 361 396 passionem
381 338 676 384 confessionis.
696 342 760 382 Tu
774 339 920 400 itaque
934 357 986 385 ex
1010 342 1091 386 hoc
1110 344 1202 402 ipso
1218 347 1335 405 quod
1359 347 1511 393 timere

120 416 163 452 te
181 408 323 454 dixisti
344 409 460 470 leges
483 413 820 469 Imperatorum,
838 413 1036 470 quamvis
1059 422 1102 457 et
1124 414 1179 459 de
1198 419 1360 463 caeteris
1380 420 1510 465 rebus

119 481 219 526 satis
246 491 447 544 apparet,
486 482 606 542 quod
628 498 717 527 non
748 483 964 528 inveneris
998 485 1206 543 Spiritum
1242 490 1509 536 Paracletum

119 553 309 598 veritatis
335 572 344 598 :
375 554 477 614 quia
506 561 550 598 et
586 553 621 598 si
645 569 736 599 non
765 554 938 599 timeres
955 589 967 610 ,
996 554 1087 601 aliis
1116 558 1246 604 rebus
1279 563 1510 608 convince-

121 624 241 668 reris.

177 697 283 739 Ρη.
317 693 455 740 dixit<
485 696 581 739 «Et
606 713 627 737 «
648 694 846 755 Apostoli
867 695 1127 741 timuerunt.
1149 704 1170 739 ›'›

176 768 290 810 Aue.
315 765 423 811 dixit
442 785 450 811 :
474 766 735 810 Timuerunt
752 775 801 810 ut
819 775 1043 822 caverent,
1063 783 1152 812 non
1172 776 1222 813 ut
1238 768 1370 816 fidem
1390 787 1511 818 suam

112 837 414 896 comprehensi
431 836 600 881 edicere
613 837 880 881 dubitarent.
901 840 966 880 Tu
978 843 1221 895 autemJ‘am
1235 839 1338 886 hinc
1353 842 1504 887 timere

115 906 331 963 debuisti,
357 916 407 952 ut
430 923 519 952 non
550 908 622 952 hic
652 917 696 951 te
722 908 1016 953 inveniremus
1039 910 1161 969 :jam
1189 911 1235 955 in
1258 911 1403 958 medio
1435 930 1506 973 es,

115 994 250 1040 quare
268 979 411 1035 times,
435 980 515 1023 nisi
539 979 642 1039 quia
667 979 789 1039 quod
817 980 934 1024 dicas
968 996 1056 1025 non
1087 982 1256 1026 habes?
1277 985 1386 1029 Nam
1413 995 1454 1030 et
1476 985 1510 1030 si

113 1050 393 1110 imperatores
429 1051 643 1095 timuisses
663 1085 674 1105 ,
714 1060 813 1094 ante
851 1052 1068 1096 tacuisses.
1108 1056 1235 1098 Nunc
1270 1070 1373 1101 vero
1406 1073 1507 1102 cum

114 1121 317 1166 hesterno
339 1120 410 1165 die
432 1121 632 1164 libellum
649 1121 838 1165 curatori
861 1121 1032 1165 dederis
1046 1157 1057 1177 ,
1091 1132 1133 1166 et
1153 1123 1329 1183 publice
1356 1127 1508 1172 clami-

113 1193 285 1248 taveris,
310 1207 411 1237 cum
438 1191 664 1236 codicibus
698 1193 783 1236 tuis
816 1201 858 1236 te
888 1204 1092 1252 paratum
1120 1210 1209 1239 esse
1238 1196 1441 1254 incendi,
1473 1200 1507 1244 si

114 1263 282 1324 aliquid
313 1262 416 1307 mali
444 1263 489 1306 in
524 1263 624 1322 ipsis
657 1261 793 1306 fuerit
821 1263 1052 1308 inventum
1078 1267 1230 1311 :unde
1264 1269 1357 1312 heri
1393 1269 1510 1329 leges

113 1334 338 1394 flagitabas
359 1334 485 1396 quasi
508 1333 650 1388 fortis,
676 1332 806 1377 hodie
829 1334 1057 1379 veritatem
1083 1334 1196 1395 fugis
1218 1347 1269 1382 ut
1290 1340 1484 1385 timidus.

171 1409 297 1451 XllI.
330 1409 436 1450 Fu.
471 1405 582 1449 dixit
607 1423 615 1449 :
644 1423 664 1447 «
685 1407 782 1450 Non
806 1405 1031 1450 veritatem
1057 1406 1193 1466 fugio.
1218 1427 1238 1451 υ

172 1480 285 1524 Am.
321 1477 430 1522 dixit
455 1493 463 1518 :
491 1478 568 1521 Dic
589 1491 692 1535 ergo
708 1511 718 1530 ,
746 1476 780 1520 si
801 1476 924 1521 vides
945 1480 1084 1522 Deum
1108 1478 1218 1524 facie
1240 1481 1294 1525 ad
1320 1481 1474 1528 faciem
1491 1519 1503 1540 ,

111 1549 353 1593 secundum
381 1547 739 1608 pollicitationem
767 1556 913 1599 tuam;
948 1550 1050 1608 quia
1084 1549 1227 1595 dixisti
1259 1554 1506 1613 apostolum

112 1619 300 1664 Paulum
322 1619 376 1662 de
397 1620 520 1663 vobis
541 1619 721 1674 dixisse,
752 1620 854 1678 quia
878 1628 964 1663 tam
990 1619 1159 1679 plenam
1183 1625 1407 1670 veritatem
1431 1642 1504 1671 ac-

110 1693 280 1752 cepturi
302 1692 447 1735 essetis
468 1710 476 1735 :
505 1700 553 1734 ut
574 1690 888 1749 intelligamus,
907 1692 976 1736 vel
997 1694 1226 1740 credamus
1244 1698 1505 1757 Apostolum

109 1764 311 1808 habuisse
332 1779 383 1807 ex
404 1771 542 1823 parte,
567 1772 611 1807 et
634 1772 675 1806 te
696 1772 854 1807 totum.

170 1837 276 1878 FEL.
292 1833 400 1878 dixit
419 1853 428 1879 z
450 1836 579 1879 «Non
598 1834 827 1877 veritatem
840 1831 976 1890 fugio,
996 1836 1071 1880 sed
1089 1838 1317 1884 veritatem
1332 1857 1498 1899 quaero.

110 1905 240 1959 Quod
260 1915 310 1950 tu
331 1905 452 1962 dicis,
473 1907 578 1966 quia
597 1921 688 1950 non
709 1914 861 1960 tene0‚
887 1906 1097 1964 probetur
1118 1909 1225 1953 mihi
1248 1926 1326 1970 per
1354 1913 1500 1974 ‘Scrip-

109 1985 228 2021 turas
249 1975 424 2021 deificas
441 1997 452 2029 ς
471 1978 556 2021 hoc
577 1992 728 2038 quaero
743 1977 888 2037 jam.»

169 2051 282 2093 Aua.
305 2047 414 2092 dixit
435 2066 445 2093 e
471 2047 594 2093 Prius
615 2048 821 2108 profitere
836 2056 879 2092 te
893 2063 981 2093 non
999 2051 1188 2109 potuisse
1203 2053 1390 2112 probare
1402 2059 1499 2102 Ma-

109 2119 327 2164 nichaeum
349 2118 594 2179 apostolum
625 2121 728 2163 Jesu
750 2119 911 2165 Christi
937 2139 946 2164 2
973 2129 1016 2165 et
1042 2132 1260 2182 quantum
1284 2135 1495 2184 potuero,

107 2206 210 2235 cum
242 2190 390 2236 omnia
416 2191 630 2250 extirpata
651 2190 817 2235 fuerint
844 2191 1060 2236 contraria
1086 2192 1142 2237 de
1171 2193 1303 2239 eorde
1324 2204 1403 2242 tuo
1424 2214 1502 2259 per

106 2261 394 2305 ministerium
423 2275 598 2313 meum,
631 2261 826 2305 donante
858 2263 1073 2318 Domino,
1112 2265 1254 2310 insero
1287 2267 1365 2312 tibi
1398 2286 1499 2331 quae

106 2332 187 2377 scit
208 2330 385 2376 scientia
408 2330 626 2386 veritatis,
652 2345 752 2391 quae
774 2329 988 2389 perducat
1012 2331 1069 2377 ad
1090 2335 1253 2393 Deum,
1280 2337 1454 2387 initians
1477 2360 1501 2388 a

108 2401 210 2447 fide.

166 2475 272 2518 Fm..
298 2472 407 2518 dixit
426 2491 435 2520 :
456 2492 477 2517 «
497 2472 609 2528 Quia
623 2471 708 2519 hoc
723 2470 830 2519 dicis
848 2482 924 2531 tu,
950 2483 1001 2520 ut
1011 2472 1155 2536 legem
1167 2493 1309 2525 meam
1327 2497 1500 2543 negem,

109 2552 152 2589 et
187 2543 395 2605 accipiam
433 2544 642 2602 alteram,
673 2545 896 2592 meliorem
936 2547 1172 2608 duntaxat,
1199 2552 1324 2614 quod
1353 2572 1503 2615 quaero

1262 2625 1326 2666 14.
