1803 3250
271 206 325 232 DE
358 202 471 233 AcTis
502 207 593 232 cum
630 204 775 231 FELicss
808 201 1053 232 MAMcnAEo.
1091 206 1173 231 Lm.
1213 206 1239 230 ι.
1365 196 1447 234 205

68 290 89 313 »
125 270 435 316 conscientiam
459 287 596 325 suam,
622 269 901 329 prohibentes
924 270 1104 325 nubere,
1126 269 1375 314 abstinerea
1392 272 1452 316 ci-

62 358 84 383 »
117 342 315 401 bis-quos
343 344 455 385 Deus
474 341 635 386 creavit
657 341 709 384 ad
734 339 1062 398 percipiendum
1088 356 1186 385 cum
1219 342 1454 399 gratiarum

64 431 83 454 »
119 411 289 455 actione
307 410 525 466 fidelibus,
545 420 588 455 et
604 411 653 454 iis
671 410 746 470 qui
765 421 1066 468 cognoverunt
1083 412 1306 456 veritatem
1323 432 1331 456 :
1354 413 1455 473 quia

62 500 84 525 ))
119 485 258 528 omnis
281 491 478 528 creatura
497 483 572 527 Dei
590 482 704 526 bona
729 491 813 536 cst,
841 490 886 525 et
901 481 1010 525 nihil
1029 483 1319 542 abjiciendum
1335 486 1456 545 quod.

62 572 83 596 »
117 570 217 600 cum
241 555 477 614 gratiarum
509 554 677 598 actione
710 554 949 612 percipitur
978 572 986 597 t
1015 554 1312 599 sanctificatur
1339 557 1455 600 enim

61 643 82 668 »
119 642 195 686 per
214 627 399 673 verbum
428 626 505 670 Dei
526 635 570 671 et
591 627 873 671 orationem¹.
900 643 919 666 »
950 627 1053 670 Haec
1077 627 1332 685 praecipiens
1360 627 1454 672 fra-

56 697 218 753 tribus,
246 699 385 742 bonus
407 697 489 741 eris
512 698 705 742 minister
727 700 828 742 Jesu
853 697 1028 742 Christi.
1056 699 1112 741 Et
1132 712 1233 741 cum
1255 697 1447 756 legeret,

59 767 169 813 dixit
193 789 202 814 z
229 772 322 828 Ego
345 771 428 814 hoc
441 770 495 813 de
511 770 655 822 vobis,
675 770 787 814 etde
810 768 970 813 talibus
989 768 1065 829 qui
1084 768 1239 814 dicunt
1263 768 1455 830 aliquam

58 849 300 884 creaturam
334 841 409 883 Dei
448 839 721 884 immundam
755 856 859 895 esse,
903 850 946 884 et
984 841 1059 900 qui
1095 841 1249 885 dicunt
1280 856 1457 885 omnem

58 911 342 957 concubitum
364 921 408 954 et
428 912 504 971 qui
522 912 571 956 fit
591 928 689 957 cum
716 929 862 967 uxore,
882 912 1216 957 fornicationem
1237 929 1351 972 esse,
1371 914 1456 959 hoc

58 991 122 1027 est
156 983 271 1026 enim
308 983 429 1042 quod
462 984 521 1027 ait
552 1002 562 1028 ι
598 984 882 1028 Prohibentes
918 985 1116 1040 nuptias:
1141 999 1219 1043 per
1247 984 1457 1044 Spiritum

58 1054 299 1114 prophetiae
321 1052 598 1112 designatum
622 1064 664 1098 et
689 1070 938 1114 expressum
963 1070 1051 1098 esse
1078 1055 1192 1099 dico.
1221 1058 1285 1099 Tu
1309 1065 1457 1100 autem

58 1125 93 1169 si
128 1139 259 1183 negas
293 1139 468 1168 omnem
498 1125 783 1168 concubitum
815 1124 1148 1168 fornicationem
1177 1139 1293 1179 esse,
1323 1135 1399 1169 aut
1422 1127 1457 1169 si

58 1194 165 1240 dicis
197 1211 372 1240 omnem
405 1197 554 1240 cibum
592 1197 833 1240 humanum
872 1195 1036 1238 licitum
1075 1205 1119 1239 ct
1149 1195 1202 1240 ad
1234 1196 1456 1242 edendum

58 1282 311 1313 concessum
336 1267 603 1321 hominibus,
631 1265 848 1310 mundum
871 1282 980 1321 esse,
1007 1281 1095 1310 non
1113 1281 1156 1310 es
1175 1266 1230 1310 de
1247 1267 1329 1312 illis
1347 1284 1457 1327 quos

57 1340 336 1400 prophetavit
361 1338 607 1398 Apostolus.
637 1339 679 1383 Si
704 1347 850 1382 autem
872 1338 1079 1383 inveniris
1097 1339 1141 1382 in
1163 1339 1212 1382 iis
1229 1355 1329 1399 quae
1347 1340 1454 1396 dixi,

58 1426 159 1456 ecce
181 1411 316 1456 habes
337 1410 584 1470 apostolum
599 1409 785 1455 Paulum
800 1409 1098 1454 destruentem
1113 1419 1157 1454 et
1169 1421 1455 1458 evacuantem

59 1481 304 1528 doctrinam
326 1483 557 1527 Manichaei
584 1481 737 1526 futuri.
766 1484 921 1542 Itaque
944 1482 1159 1541 responde
1182 1481 1237 1526 ad
1259 1482 1304 1527 id
1334 1483 1456 1544 quod

59 1554 280 1614 interrogo
301 1573 309 1599 ε
335 1553 487 1598 Omnis
510 1553 770 1598 concubitus
791 1552 1021 1599 fornicatio
1044 1562 1108 1598 est
1124 1588 1136 1610 ,
1162 1569 1217 1599 an
1238 1554 1456 1600 concubi-

60 1635 130 1671 tus
151 1641 252 1671 cum
272 1641 406 1670 uxore
427 1640 518 1670 non
539 1634 603 1670 est
624 1626 883 1684 peccatum?
916 1627 918 1629 ’

120 1699 243 1743 VIII.
280 1700 386 1742 FEL.
411 1696 520 1742 dixit
546 1717 555 1743 2
595 1715 615 1739 «
639 1700 804 1742 Iterum
832 1697 941 1741 mihi
970 1697 1175 1742 recitetur
1195 1698 1318 1758 quod
1348 1698 1458 1744 dixit

60 1768 352 1830 Apostolus.»
378 1771 435 1813 Et
463 1769 692 1813 recitatum
722 1777 812 1813 est:
839 1768 1023 1828 Spiritus
1046 1777 1196 1814 autem
1223 1769 1455 1816 manifeste

61 1841 182 1896 dicit,
208 1850 254 1886 et
274 1849 432 1885 caetera
448 1856 548 1900 quae
564 1855 696 1900 supra
713 1849 830 1884 sunt.

121 1916 228 1958 FEL.
249 1911 358 1957 dixit
381 1931 390 1958 ι
419 1931 440 1954 «
456 1912 725 1957 Manichacus
747 1927 836 1957 non
851 1910 974 1956 afide
996 1912 1193 1968 recessit,
1221 1913 1331 1958 sicut
1351 1912 1458 1958 dicit

65 1983 247 2040 Paulus,
279 1984 391 2028 sicut
418 1984 564 2028 caeteri
593 1992 863 2029 recesserunt
891 1999 913 2027 a
943 1983 1030 2027 fide
1059 1984 1182 2044 quasi
1215 1984 1261 2028 in
1295 1994 1458 2029 sectam

63 2071 186 2101 suam
209 2075 218 2102 :
241 2055 510 2102 Manichaeus
535 2065 681 2101 autem
703 2055 850 2102 anulla
873 2064 988 2100 secta
1007 2056 1196 2112 recessit,
1217 2064 1268 2101 ut
1286 2056 1458 2102 dicatur

62 2128 166 2187 quia
188 2143 212 2172 a
232 2126 320 2172 fide
337 2127 559 2172 recessit.»
1016 2131 1020 2134 ’

121 2201 236 2244 Auo.
273 2197 381 2243 dixit
415 2218 423 2244 ε
456 2200 675 2253 Quoniam
710 2208 755 2244 te
787 2198 916 2248 video
951 2197 1069 2244 nolle
1103 2199 1367 2259 respondere
1401 2198 1458 2243 ad

62 2269 186 2329 quod
205 2270 505 2329 interrogaris,
537 2285 592 2315 ne
615 2270 847 2316 inveniaris
867 2269 937 2315 vel
959 2285 1049 2315 non
1074 2279 1220 2315 tenere
1245 2270 1457 2329 Spiritum

62 2348 288 2394 sanctum,
314 2357 447 2399 quem
466 2343 555 2402 jam
584 2342 866 2402 probavimus
894 2343 1072 2386 missum
1100 2357 1189 2386 6336
1210 2340 1452 2401 Apostolis,

62 2409 133 2455 vel
151 2425 242 2455 non
265 2424 353 2454 esse
376 2409 423 2453 in
444 2424 596 2454 eorum
612 2425 796 2454 numero
812 2429 920 2470 quos
943 2414 1114 2458 futuros
1139 2413 1299 2457 Paulus
1314 2411 1457 2471 desig-

63 2480 210 2539 navit3
239 2480 318 2525 ubi
339 2489 382 2525 et
399 2495 475 2526 vos
495 2479 609 2540 ipsos
627 2481 903 2540 prophetavit
926 2500 937 2538 3
962 2478 1150 2526 breviter
1172 2481 1416 2541 respondeo
1438 2500 1447 2527 z

112 2571 122 2589 ¹
147 2575 160 2598 1
182 2564 264 2599 Tim.
282 2575 328 2607 w,
353 2576 383 2607 1,
401 2569 465 2598 etc.
