1803 3250
421 224 584 255 CONTRA
618 222 833 263 FAUSTUM,
869 224 951 252 Lm.
987 225 1129 253 xxxii.
1394 215 1469 252 181

93 291 325 352 Apostolus
349 311 357 337 ε
387 311 407 334 «
423 293 630 337 Animalis
644 300 788 336 autem
804 291 937 335 homo
954 307 1042 336 non
1060 291 1241 350 percipit
1259 306 1357 350 quse
1374 301 1474 335 sunt

95 381 115 404 »
144 364 327 422 Spiritus
358 366 476 408 Dei¹.
509 383 528 405 »
566 367 627 407 De
662 364 742 407 hoc
778 362 894 405 enim
927 363 1094 407 mundo
1123 378 1211 406 csse
1241 362 1473 413 dicuntur,

89 434 289 494 ‹piandiu
310 451 398 479 non
420 443 599 494 possunt
621 447 768 493 sapere
791 432 976 491 amplius
998 449 1129 492 quam
1152 443 1253 478 sunt
1276 434 1354 477 ista
1379 449 1477 478 cor-

91 520 243 563 porea,
269 522 367 566 quae
396 506 438 549 in
463 507 545 550 hoc
563 504 731 549 mundo
753 513 1005 548 senserunt:
1028 505 1136 548 sicut
1160 519 1239 547 nec
1260 519 1334 548 vos
1359 506 1475 548 aliud

92 577 262 634 sapitis,
288 575 361 636 qui
390 590 491 619 cum
520 574 663 619 lucem
700 576 823 619 istam
853 574 952 619 solis
980 584 1023 618 et
1046 574 1162 618 lunae
1184 575 1475 627 miraremini,

95 646 190 690 talia
218 647 341 692 vobis
363 647 506 691 omnia
530 645 675 691 divina
698 646 878 689 finxistis
894 681 904 701 ,
931 655 1107 689 auctore
1127 645 1202 689 illo
1225 645 1476 704 vaniloquo,

90 733 222 776 quem
247 718 417 778 decepti
448 727 490 762 et
522 718 774 777 deceptores
802 717 1074 762 Paracletum
1099 716 1253 760 dicitis.
1292 717 1479 760 Proinde

89 787 214 833 nullo
236 788 372 833 modo
394 789 585 833 valentes
603 788 846 845 ostendere,
873 788 1097 849 quomodo
1115 788 1168 832 sit
1185 787 1257 831 ille
1279 790 1479 831 Paracle-

90 868 183 913 tus,
208 874 299 903 non
331 868 394 903 est
428 860 546 903 unde
567 859 757 904 doceatis
785 860 1027 904 firmissima
1055 859 1200 919 aliqua
1222 859 1481 903 auctoritate

91 944 165 973 vos
189 930 449 990 comperisse
468 965 478 985 ,
504 930 876 990 quemadmodum
899 931 993 975 liaec
1015 930 1173 989 scripta
1195 929 1479 988 Evangelica,

90 1015 141 1043 ex
164 1001 324 1060 quibus
352 1017 441 1046 non
464 1002 610 1047 omnia
631 1002 763 1047 vultis
784 1002 978 1061 accipere
993 1037 1004 1057 ,
1031 1017 1119 1046 non
1147 1002 1231 1045 sint
1248 1000 1482 1060 Apostolo-

88 1085 187 1114 rum
226 1071 401 1116 Christi.
441 1074 592 1115 Restat
614 1087 717 1130 ergo
754 1081 802 1116 ut
834 1071 984 1116 dicatis
1015 1072 1100 1116 hoc
1130 1087 1205 1116 vos
1235 1087 1284 1115 ea
1312 1072 1481 1115 ratione

86 1141 345 1200 comperisse
361 1176 371 1195 ‚
398 1142 500 1201 quia
527 1140 625 1185 talia
648 1142 706 1184 ibi
729 1150 856 1196 sunt,
880 1156 979 1200 quae
1001 1141 1160 1185 Christi
1188 1140 1368 1198 gloriam
1403 1141 1481 1185 de-

87 1213 284 1256 colorent
311 1232 319 1256 :
345 1211 507 1256 scilicet
529 1212 630 1272 quia
649 1221 776 1256 natus
799 1227 851 1255 ex
873 1212 1038 1270 virgine
1056 1212 1117 1255 ibi
1135 1221 1351 1267 narratur,
1377 1213 1479 1272 quia

85 1283 366 1328 circumcisus
382 1318 393 1338 ,
421 1284 524 1343 quia
545 1298 624 1341 pro
645 1282 720 1327 illo
743 1282 938 1327 oblatum
957 1283 1216 1327 sacrificium
1235 1283 1355 1342 quod
1374 1292 1480 1326 tunc

87 1354 373 1409 offerebatur,
399 1354 503 1414 quia
521 1354 789 1413 baptizatus,
815 1353 917 1413 qnia
942 1362 1133 1398 tentatus
1156 1369 1178 1397 a
1201 1352 1376 1397 diabolo
1399 1362 1476 1397 est.

144 1426 266 1468 XIX.
305 1424 379 1469 His
401 1433 545 1468 autem
567 1424 771 1483 exceptis,
798 1435 840 1469 et
864 1423 1118 1468 testimoniis
1141 1439 1190 1467 ex
1211 1424 1357 1468 Veteri
1377 1426 1478 1467 Tes-

89 1503 282 1540 tamento
307 1511 407 1555 quae
426 1495 510 1539 illis
532 1496 690 1539 inserta
712 1504 814 1539 sunt
836 1494 987 1540 litteris
1004 1530 1016 1549 ,
1041 1504 1196 1539 caetera
1219 1511 1294 1540 vos
1319 1510 1478 1540 secun-

85 1564 192 1610 dum
220 1566 264 1610 id
292 1565 413 1625 quod
449 1569 635 1610 Faustus
667 1565 890 1625 loquitur,
919 1565 1115 1611 fatemini
1137 1567 1359 1626 accipere,
1394 1586 1413 1607 «
1436 1576 1477 1610 et

83 1637 304 1697 praecipue
326 1637 464 1683 crucis
494 1639 586 1697 ejus
615 1637 845 1696 mysticam
878 1638 1081 1683 fixionem
1100 1673 1110 1693 ,
1149 1654 1235 1698 qua
1268 1638 1475 1697 passionis

85 1709 240 1753 animae
274 1718 428 1754 vestrae
462 1708 642 1754 vulnera
679 1708 1048 1754 demonstrantur.
1087 1710 1279 1764 Deinde,
1302 1711 1471 1769 inquit,

85 1789 301 1839 praecepta
323 1779 526 1824 salutaria
549 1781 662 1839 ejus,
697 1788 740 1823 et
768 1779 1020 1838 parabolas,
1057 1790 1354 1840 cunctumque
1386 1796 1475 1824 ser-

84 1865 262 1895 monem
282 1850 486 1895 deificum
501 1886 512 1906 ,
537 1849 612 1910 qui
633 1851 820 1894 maxime
837 1850 1021 1894 duarum
1040 1851 1274 1910 praeferens
1293 1861 1474 1895 natura-

85 1936 182 1964 rum
212 1920 514 1966 discretionem
533 1955 543 1975 ,
584 1920 717 1980 ipsius
747 1935 836 1964 esse
870 1936 959 1965 non
997 1921 1114 1965 venit
1150 1922 1195 1965 in
1227 1921 1471 1965 dubium.»

85 1991 250 2035 Videtis
271 2006 372 2049 ergo
394 1992 440 2035 id
460 2006 537 2035 vos
566 2006 713 2050 agere,
753 2000 799 2035 ut
822 1993 962 2035 omnis
985 1992 1039 2035 de
1061 1992 1206 2036 medio
1232 1993 1474 2052 Scriptura-

85 2077 184 2106 rum
207 2063 429 2107 auferatur
456 2062 689 2106 auctoritas
707 2098 717 2116 ‚
755 2071 798 2106 et
820 2078 922 2107 suus
949 2063 1108 2123 cuique
1130 2063 1300 2107 animus
1322 2072 1475 2107 auctor

85 2133 167 2188 sit,
199 2132 307 2193 quid
328 2133 374 2176 in
398 2147 572 2192 quaque
598 2133 819 2192 Scriptura
839 2133 1020 2192 probet,
1046 2131 1154 2192 quid
1174 2132 1407 2191 improbet,
1428 2133 1474 2176 id

86 2213 165 2259 est,
190 2214 240 2249 ut
262 2219 351 2249 non
368 2204 619 2248 auctoritati
635 2203 953 2263 Scripturarum
975 2203 1227 2262 subjiciatur
1246 2202 1301 2247 ad
1318 2201 1470 2258 fidem,

85 2274 162 2320 sed
182 2275 263 2319 sibi
288 2276 528 2335 Scripturas
549 2275 640 2334 ipse
663 2274 863 2334 subjiciat
886 2294 894 2320 :
919 2290 1008 2319 non
1025 2283 1076 2319 ut
1095 2273 1193 2319 ideo
1216 2273 1279 2318 illi
1302 2273 1471 2334 placeat

87 2345 267 2405 aliquid,
289 2346 392 2405 quia
413 2346 497 2390 hoc
517 2347 564 2390 in
585 2346 762 2390 sublimi
781 2346 1038 2390 auctoritate
1054 2345 1263 2404 scriptum
1286 2344 1469 2403 legitur,

87 2415 162 2460 sed
188 2415 288 2460 ideo
317 2425 434 2460 recte
457 2415 666 2475 scriptum
697 2415 919 2470 videatur,
945 2416 1047 2475 quia
1079 2416 1162 2459 hoc
1190 2414 1254 2458 illi
1286 2414 1466 2474 placuit.

88 2489 186 2540 Quo
207 2494 251 2530 te
277 2486 533 2541 committis,
559 2487 700 2531 anima
721 2486 869 2531 misera
887 2521 897 2541 ,
919 2486 1105 2537 infirma,
1132 2485 1377 2531 carnalibus
1392 2500 1471 2529 ne-

138 2579 146 2596 ¹
172 2583 183 2604 1
201 2574 273 2605 Cor.
294 2584 328 2614 n,
353 2572 402 2614 [4.
