1803 3250
348 199 427 235 178
773 201 806 229 s.
844 202 1074 231 mensum
1107 202 1287 230 zmscom

344 271 549 316 Paracleti
572 270 615 311 in
633 266 868 327 Evangelio
890 268 1112 326 leguntur,
1132 265 1232 311 talia
1252 280 1342 310 esse
1355 264 1724 321 demonstraretis,

343 352 390 387 ut
412 356 501 385 non
518 339 698 384 omnino
719 339 799 383 nisi
821 337 876 383 de
897 339 1140 384 Manichaeo
1161 346 1302 382 vestro
1320 346 1496 395 possent
1516 336 1725 394 intelligi,

339 414 451 456 sicut
472 409 765 456 ostenduntur
786 411 831 455 in
855 410 1082 469 Prophetis
1105 425 1154 454 ea
1175 423 1265 454 esse
1298 408 1411 452 dicta
1444 406 1499 451 de
1526 408 1700 453 Christo
1715 441 1726 462 ,

341 498 440 543 quae
461 483 507 526 in
529 481 662 526 alium
685 481 841 527 cadere
863 482 1042 526 omnino
1066 496 1155 525 non
1173 480 1338 540 possint
1359 499 1367 525 :
1395 489 1542 524 tamen
1558 493 1660 524 cum
1681 493 1730 522 ea

339 553 394 598 de
410 554 458 598 iis
475 553 699 598 codicibus
723 552 985 612 proferretis,
1011 567 1122 613 quos
1141 551 1281 596 dicitis
1299 550 1541 605 infalsatos,
1562 550 1646 594 hoc
1663 550 1731 608 ip-

336 641 431 669 sum
447 624 535 669 illic
558 624 715 668 salsum
738 633 780 668 et
804 640 827 668 a
857 623 1186 681 corruptoribus
1208 622 1444 682 majoribus
1469 620 1619 666 vestris
1649 620 1730 664 im-

338 696 517 741 missum
539 710 628 739 esse
650 695 908 749 diceremus,
930 695 1050 754 quod
1072 692 1160 738 illic
1184 694 1239 737 de
1262 693 1508 738 Manichaeo
1525 693 1583 736 sic
1599 692 1732 750 scrip·

341 777 433 812 tum
454 768 652 827 legeretis
671 802 680 820 ,
707 775 757 811 ut
780 767 835 810 de
857 766 942 809 alio
968 765 1211 823 intelligere
1231 779 1321 808 non
1343 779 1567 824 possemus
1588 782 1598 808 ε
1621 763 1730 824 quid

337 839 550 893 laceretis,
574 838 703 883 dicite
727 838 855 891 mihi,
879 838 960 881 nisi
983 835 1243 891 clamaretis,
1268 836 1392 881 nullo
1415 836 1547 881 modo
1564 850 1640 880 vos
1658 849 1732 894 po-

336 911 465 955 tuisse
488 909 641 953 falsare
660 907 849 962 codices,
873 907 950 966 qui
966 907 1121 966 jamin
1145 908 1348 951 manibus
1370 916 1512 952 essent
1533 906 1730 951 omnium

335 981 682 1026 Christianorum
707 980 725 1023 Ρ
746 979 853 1033 Quia
881 993 980 1022 mox
1002 987 1053 1022 ut
1075 977 1218 1023 facere
1247 979 1500 1038 coepissetis,
1522 977 1732 1022 vetustio-

337 1066 435 1095 rum
472 1050 787 1110 exemplarium
824 1050 1006 1094 veritate
1043 1049 1431 1094 convinceremini.
1472 1051 1565 1102 Qua
1599 1048 1729 1106 igitur

335 1137 464 1167 eausa
486 1137 509 1166 a
531 1121 655 1166 vobis
675 1120 897 1179 corrumpi
919 1135 1009 1164 non
1033 1129 1224 1178 possent,
1260 1122 1342 1165 hac
1364 1135 1493 1164 causa
1511 1136 1535 1163 a
1557 1120 1731 1164 nemine.

336 1202 591 1254 potuerunt.
618 1193 824 1253 Quisquis
846 1192 962 1236 enirn
987 1192 1068 1236 hoc
1086 1192 1287 1251 primitus
1308 1207 1437 1236 ausus
1454 1200 1586 1246 esset,
1611 1190 1731 1235 mul·

338 1275 483 1311 torum
523 1265 726 1310 codicum
774 1263 1063 1309 vetustiorum
1108 1262 1344 1308 collatione
1393 1262 1699 1308 confutaretur
1718 1281 1727 1307 :

337 1337 540 1391 maxime,
560 1336 663 1397 quia
680 1350 770 1380 non
786 1350 875 1379 una
890 1333 1059 1393 lingua,
1080 1333 1157 1378 sed
1172 1334 1321 1379 multis
1339 1333 1491 1379 eadem
1509 1335 1732 1393 Scriptura

335 1408 648 1453 contineretur.
686 1408 795 1451 Nam
827 1406 958 1450 etiam
988 1420 1107 1450 nunc
1130 1405 1358 1450 nonnullae
1381 1404 1584 1450 codicum
1604 1420 1733 1449 men-

336 1479 558 1534 dositates,
584 1477 653 1523 vel
681 1477 736 1522 de
759 1477 1099 1537 antiquioribuS,
1120 1477 1190 1522 vel
1213 1477 1269 1522 de
1288 1476 1439 1537 lingua
1456 1476 1732 1537 praecedente

338 1551 644 1595 emendantur.
671 1552 736 1593 Ita
766 1564 870 1608 ergo
898 1558 974 1593 aut
997 1549 1203 1608 cogimini
1233 1564 1406 1593 veraces
1435 1548 1531 1594 illos
1560 1548 1731 1594 codices

338 1622 564 1676 confiteri,
590 1629 633 1664 et
655 1620 866 1664 continuo
893 1627 1097 1663 evertunt
1125 1620 1325 1664 haeresim
1356 1628 1571 1677 vestram,
1604 1629 1679 1664 aut
1695 1620 1729 1664 si

338 1692 513 1737 fallaces
541 1706 613 1736 eos
643 1690 856 1745 dixeritis,
881 1705 1034 1735 eorum
1069 1691 1326 1736 auctoritate
1345 1689 1616 1736 Paracletum
1641 1706 1729 1736 non

338 1764 534 1823 poteritis
556 1777 759 1817 asserere,
781 1771 825 1806 et
841 1777 918 1807 vos
934 1762 1122 1806 evertitis
1145 1763 1344 1807 haeresim
1361 1772 1565 1808 vestram.

397 1837 541 1879 XVII.
578 1836 676 1878 Huc
698 1834 881 1887 accedit,
906 1834 1009 1893 quia
1035 1848 1085 1877 ea
1107 1834 1223 1879 dicta
1249 1843 1353 1879 sunt
1377 1836 1423 1879 in
1445 1835 1730 1894 promissione

341 1904 573 1959 Paracleti,
599 1914 648 1949 ut
664 1904 955 1950 Manichaeum
974 1912 1069 1963 post
1087 1913 1175 1948 tam
1205 1905 1365 1950 multos
1393 1920 1529 1950 annos
1550 1905 1730 1950 venien-

341 1987 445 2031 tem,
471 1977 525 2020 ab
547 1977 626 2021 ista
648 1975 892 2036 suspicione
909 1990 1082 2034 prorsus
1100 1976 1351 2021 excludant.
1371 1977 1484 2031 Quia
1503 1977 1620 2022 enim
1635 1986 1732 2037 post

340 2048 700 2093 resurrectionem
722 2056 765 2092 et
787 2046 1080 2092 ascensionem
1104 2048 1278 2093 Domini
1295 2049 1506 2093 continuo
1523 2057 1732 2095 venturus

340 2129 432 2165 erat
462 2120 646 2179 Spiritus
673 2129 870 2174 sanctus,
901 2120 1167 2178 apertissime
1196 2119 1362 2165 dictum
1395 2129 1459 2165 est
1481 2136 1505 2165 a
1527 2123 1698 2166 Joanne
1720 2140 1729 2166 :

344 2212 365 2235 «
387 2193 571 2253 Spiritus
594 2192 709 2237 enim
741 2190 939 2237 nondum
969 2200 1061 2235 erat
1083 2190 1234 2246 datus,
1259 2193 1362 2251 quia
1385 2194 1510 2236 Jesus
1532 2191 1732 2237 nondum

344 2282 365 2305 n
388 2263 534 2308 fuerat
555 2262 815 2308 clarificatus
829 2264 861 2306 1.
884 2279 905 2302 ι»
935 2261 977 2306 Si
1002 2262 1095 2306 haec
1123 2262 1272 2322 itaque
1293 2277 1422 2306 causa
1444 2272 1537 2307 erat
1559 2272 1609 2308 ut
1642 2278 1732 2308 non

342 2334 534 2390 daretur,
554 2335 656 2395 quia
673 2333 872 2380 nondum
885 2341 978 2377 erat
991 2331 1251 2377 clarificatus
1265 2335 1289 2377 J
1294 2348 1407 2387 esus,
1425 2333 1577 2393 procul
1592 2333 1731 2378 dubio

341 2405 577 2450 clarificato
599 2408 719 2458 Jesu,
734 2406 824 2465 jam
846 2418 975 2448 causa
997 2412 1089 2447 erat
1111 2412 1161 2447 ut
1183 2404 1326 2448 statim
1349 2403 1542 2448 daretur.
1563 2406 1673 2450 Nam
1689 2413 1734 2449 et

342 2477 632 2536 Cataphrygae
649 2491 693 2519 se
706 2474 965 2535 promissum
977 2472 1250 2520 Paracletum
1261 2474 1497 2535 suscepisse
1510 2473 1730 2530 dixerunt,

393 2567 399 2583 ¹
425 2561 593 2601 Joan.v11‚
618 2560 669 2600 39.
