1803 3250
354 196 439 235 350
789 207 822 232 s.
858 202 1090 232 Aucus'rnu
1122 205 1301 234 nuscum

349 273 402 318 sit
430 271 564 330 pejor.
592 271 648 313 Et
666 267 785 328 quod
803 268 858 314 ad
876 279 1048 330 tempus
1067 271 1344 330 praevaluisse
1366 272 1481 317 visus
1504 282 1568 318 est
1585 273 1760 320 disthe--

349 343 415 387 lus
440 340 615 385 homine
636 350 856 400 superato,
883 344 1010 386 etiam
1029 345 1088 386 sic
1110 343 1156 386 in
1178 354 1390 387 aeternum
1416 343 1553 388 victus
1577 354 1641 390 est
1658 346 1740 390 ho-

348 412 465 456 mine
483 420 696 471 reparato.
718 414 805 457 Nec
828 413 900 457 Dei
922 414 1171 458 confitentis
1191 415 1324 458 verba
1346 424 1470 470 sunt,
1495 415 1568 459 sed
1597 417 1740 475 potius

348 483 649 543 exprobrantis
677 502 687 528 ι
723 502 742 525 ιι
759 487 871 529 Ecce
896 485 1033 529 Adam
1059 484 1198 530 factus
1219 495 1285 530 est
1307 495 1518 547 tanquam
1548 503 1662 532 unus
1689 503 1743 532 ex

351 573 372 596 1»
398 554 567 599 nobis¹.
590 572 610 596 »
641 554 762 600 Sicut
786 565 830 600 ct
858 557 1094 616 Apostolus
1123 556 1198 601 ubi
1220 557 1327 602 dicit
1351 577 1360 602 :
1399 577 1418 599 α
1438 561 1603 603 Donate
1636 557 1743 603 mihi

347 645 367 668 n
393 627 506 672 hanc
528 627 777 687 injuriam'2,
798 647 817 670 »
845 629 1001 689 utique
1040 647 1063 674 a
1096 630 1316 674 contrario
1343 628 1439 674 vult
1467 629 1676 688 intelligi,
1708 629 1741 676 si

342 699 455 744 adsit
480 700 783 758 pronuntiator
799 700 972 755 doctus,
995 717 1082 744 non
1106 701 1398 746 calumniator
1415 700 1634 746 indoctus.

400 774 564 817 XXIV.
593 776 728 817 Porro
746 782 893 816 autem
919 773 991 816 eui
1009 772 1216 831 displicet
1234 782 1436 832 peccator
1455 774 1702 833 prohibitus
1718 790 1743 818 a

340 843 461 902 ligno
479 845 595 899 vitae,
621 843 731 904 quid
751 845 832 888 nisi
854 844 1035 903 impune
1056 844 1154 889 vult
1178 844 1290 888 male
1308 845 1485 889 vivere?
1509 848 1596 890 Nec
1623 861 1746 905 mag-

340 930 447 960 num
470 925 563 959 erat
596 918 704 969 Deo,
734 924 779 958 ct
807 914 891 958 alio
922 913 1124 975 quolibet
1154 914 1285 959 modo
1318 917 1453 960 vitam
1482 917 1743 962 subtrahere

340 986 507 1030 homini
540 1001 674 1046 quem
708 985 855 1030 vivere
888 985 1126 1030 noluisset:
1151 985 1228 1030 sed
1260 986 1471 1046 quoniam
1508 985 1742 1032 rationales

277 1093 282 1103 .
341 1058 498 1101 animae
521 1057 576 1100 de
598 1056 810 1116 sapientia
833 1056 1004 1111 vivunt,
1030 1072 1219 1117 quarum
1240 1073 1357 1101 mors
1380 1067 1445 1102 cst
1470 1058 1740 1117 iusipientia,

342 1129 472 1190 hujus
486 1129 545 1172 rei
561 1126 858 1187 significandae
873 1128 1007 1188 gratia
1023 1127 1192 1188 lignum
1208 1129 1308 1173 vitae
1323 1130 1365 1173 in
1381 1130 1579 1189 paradiso
1594 1130 1746 1175 fructu

340 1217 419 1246 suo
446 1201 554 1245 mori
577 1201 802 1245 hominem
836 1217 916 1246 nec
945 1217 1129 1261 corpore
1157 1202 1334 1246 sineret.
1362 1202 1488 1256 Quod
1511 1218 1615 1262 ergo
1642 1201 1745 1247 inde

342 1282 566 1333 separatus
595 1273 779 1317 traditus
807 1282 871 1316 est
895 1273 1050 1328 morti,
1082 1272 1409 1318 consumendus
1441 1283 1569 1317 aetate
1587 1309 1598 1329 ,
1624 1272 1746 1334 quod

342 1360 622 1406 nequaquam
639 1343 701 1388 illi
719 1343 959 1398 accidisset,
977 1345 1009 1388 si
1023 1360 1110 1388 sem
1120 1360 1193 1404 per
1211 1344 1365 1388 eodem
1380 1345 1482 1389 cibo
1501 1344 1738 1401 frueretur,

341 1417 632 1477 significatum
651 1426 714 1461 est
736 1416 857 1477 quod
875 1416 994 1475 prius
1019 1417 1075 1459 ab
1107 1416 1289 1475 spiritali
1313 1416 1410 1460 vitae
1427 1416 1548 1475 ligno
1566 1427 1745 1477 propter

339 1498 568 1549 peccatum
588 1490 730 1532 anima
755 1489 846 1548 ejus
863 1485 1037 1531 exclusa
1059 1496 1140 1541 est,
1166 1486 1285 1530 etita
1307 1487 1503 1547 quadarn
1526 1504 1604 1533 sua
1631 1488 1745 1534 inte·

341 1560 453 1605 riore
482 1569 621 1604 morte
640 1560 732 1620 jam
757 1568 944 1603 mortua.
972 1560 1081 1603 Nam
1104 1558 1159 1602 de
1181 1559 1390 1618 sapientia
1415 1559 1626 1619 scriptum
1647 1568 1714 1605 est
1731 1578 1759 1624 :-

344 1652 364 1675 «
390 1633 583 1691 Lignum
601 1633 703 1676 vitae
725 1640 790 1676 est
807 1631 1175 1691 amplectentibus
1197 1633 1338 1675 eamss.
1363 1650 1382 1673 »
1405 1633 1536 1686 Quod
1558 1633 1636 1677 iste
1655 1647 1744 1677 non

340 1704 586 1763 intelligens
610 1704 696 1749 ait:
726 1723 746 1746 «
763 1708 988 1757 Quatenus
1005 1718 1109 1762 ergo
1132 1712 1234 1746 ante
1258 1702 1539 1748 maledictum
1562 1704 1744 1748 immor-

340 1777 436 1822 talis
459 1778 593 1822 homo
616 1785 828 1837 perpetuo
851 1776 998 1820 vivere
1027 1784 1221 1835 poterat,
1252 1775 1326 1836 qui
1356 1776 1555 1820 nondum
1584 1791 1636 1821 ex
1663 1775 1745 1820 ista

340 1850 494 1895 arbore
518 1850 668 1895 cibum
691 1850 966 1908 sumpserat?
985 1866 1004 1890 »
1031 1848 1165 1901 Quasi
1195 1847 1236 1891 ei
1264 1847 1422 1907 aliquis
1449 1847 1638 1902 dixerit,
1664 1855 1746 1893 aut

338 1922 385 1967 in
402 1921 478 1966 ilto
500 1921 614 1965 libro
636 1920 797 1964 alicubi
823 1919 993 1978 legerit,
1016 1918 1139 1980 quod
1163 1919 1362 1963 nondum
1385 1919 1526 1963 Adam
1545 1933 1743 1978 sumpse·
1802 1974 1803 1982 ἵ

339 2002 405 2037 rat
430 2008 483 2037 ex
513 1993 612 2038 cibo
639 1992 805 2036 arboris
833 1991 948 2035 vitae.
974 1991 1091 2044 Quin
1123 1991 1267 2050 potius
1297 1989 1610 2049 intelligendus
1640 1998 1707 2035 est
1727 2024 1738 2044 ‚
1802 1992 1803 2007 ¹

341 2065 549 2125 quoniam
568 2064 671 2107 inde
687 2062 753 2107 illi
773 2063 859 2106 vita
883 2062 930 2106 in
947 2077 1129 2121 corpore
1148 2070 1357 2121 perpetua
1377 2061 1666 2121 suppetebat,
1689 2075 1744 2111 ne
1802 2063 1803 2066 ’

341 2144 557 2181 vetustate
579 2143 910 2180 consumeretur
930 2133 1086 2187 aetatis,
1107 2133 1161 2176 ad
1181 2133 1265 2177 hoc
1282 2132 1386 2176 inde
1406 2132 1669 2192 prohibitus,
1695 2140 1745 2177 ut

342 2224 396 2254 ex
418 2209 581 2268 peccati
602 2224 733 2268 poena
750 2208 841 2268 jam
858 2205 922 2250 itti
944 2214 1054 2249 esset
1073 2205 1302 2249 necessitas
1320 2204 1490 2248 mortis.

400 2283 542 2325 XXV.
574 2277 858 2333 «Quomodo,
882 2277 1042 2337 inquit,
1069 2291 1121 2320 ex
1148 2276 1221 2320 Dei
1251 2275 1486 2320 maledicto
1512 2274 1621 2320 mori
1647 2289 1742 2320 coe-

342 2353 469 2413 perit,
488 2367 589 2397 cum
611 2351 699 2396 vita
717 2351 807 2410 ipsa
832 2363 1058 2409 nunquam
1074 2364 1124 2392 ex
1138 2349 1232 2407 ipso
1248 2349 1420 2392 initium
1440 2347 1701 2405 sumpserit?
1717 2364 1737 2389 »

343 2425 475 2479 Quasi
497 2423 713 2484 optaverit
733 2423 773 2466 ei
795 2425 904 2467 Deus
927 2430 1134 2474 mortem,
1166 2421 1276 2464 sicut
1303 2420 1436 2465 homo
1454 2419 1623 2464 homiui
1656 2437 1665 2464 ι
1690 2433 1740 2464 ac

344 2511 435 2543 non
456 2495 534 2541 Dei
555 2487 692 2542 verba*
710 2494 766 2540 ad
782 2492 1042 2538 sententiam
1066 2492 1291 2551 petineant
1311 2491 1548 2551 punientis,
1573 2505 1664 2539 non
1682 2488 1739 2538 ad

395 2587 402 2605 ¹
430 2584 510 2616 Gen.
531 2592 579 2622 m,
604 2589 659 2614 22.
675 2597 716 2604 —
731 2586 743 2602 ²
765 2589 785 2614 2
802 2581 876 2613 Cor.
898 2589 952 2620 xn,
979 2577 1030 2611 ¹3.
1046 2594 1088 2601 —
1105 2575 1119 2600 3
1138 2579 1236 2610 Prov.
1255 2587 1304 2619 ιιι,
1327 2577 1378 2609 18.
