1803 3250
405 236 570 269 CONTRA
601 237 880 268 sneunnuwm
910 234 1199 265 numeramur.
1414 225 1496 266 315

108 307 240 367 eulpa
261 315 350 363 est,
387 307 491 367 quia
520 320 623 350 eum
651 303 850 349 diabolus
873 317 1073 362 perverse
1092 313 1224 364 atque
1248 303 1380 363 impie
1395 301 1500 349 dili-

108 378 254 439 gendo
275 378 432 437 impius
454 376 594 422 factus
617 377 706 420 est?
727 378 817 420 Aut
847 375 938 433 ipsa
968 374 1161 434 ejusdem
1183 373 1347 419 diaboli
1366 390 1500 435 ange-

106 448 190 493 lica
221 448 478 502 substantia,
512 461 645 506 quarn
675 448 790 490 Deus
818 444 996 499 creavit,
1030 445 1128 489 ideo
1160 445 1272 490 mala
1295 455 1375 501 est,
1401 448 1502 506 quia

107 519 348 564 substantia
369 519 462 562 est?
486 517 571 562 Sed
593 531 694 561 cum
714 517 805 576 ejus
827 515 1029 559 deserens
1054 515 1334 560 dilectionem
1348 552 1362 571 ,
1387 526 1430 561 et
1448 519 1503 563 ad

105 601 229 635 suam
251 590 380 634 nimis
410 598 664 642 conversus,
693 587 733 631 ei
763 585 900 631 videri
921 586 1042 646 cupit
1059 586 1261 646 aequalis,
1285 588 1504 646 superbiae

110 671 279 708 tumore
300 659 494 719 dejectus
515 668 593 723 est.
615 661 712 705 Non
730 674 832 717 ergo
854 658 899 702 in
921 667 1137 718 quantum
1159 658 1400 703 substantia
1422 669 1501 716 est,

104 732 418 792 sedquoniam
451 731 694 776 substantia
716 729 832 776 facta
860 737 941 785 est,
974 731 1019 774 in
1050 738 1263 790 quantum
1287 745 1332 774 se
1361 731 1505 790 ipsum

104 802 292 862 amplius
312 800 467 846 dilexit
487 817 619 862 quam
641 816 742 846 eum
765 817 789 846 a
811 816 901 862 quo
923 799 1065 846 factus
1088 809 1166 855 est,
1190 799 1331 845 malus
1353 810 1444 847 est:
1464 810 1507 846 et

105 873 205 920 ideo
226 872 382 929 malus,
408 874 511 933 quia
532 873 678 917 minus
700 882 764 918 est
785 888 920 934 quam
942 881 1069 929 esset,
1089 873 1124 916 si
1138 871 1183 916 id
1199 871 1318 933 quod
1334 887 1505 918 summe

105 955 171 992 est
192 944 433 990 dilexisset:
459 943 656 989 defectus
678 959 780 1003 ergo
801 944 942 989 malus
965 952 1045 988 est.
1066 944 1218 988 Omnis
1235 959 1337 1002 ergo
1353 943 1504 990 defec-

105 1025 177 1062 tus
199 1017 255 1062 ab
276 1032 329 1062 eo
350 1015 471 1077 quod
493 1025 573 1071 est,
599 1015 741 1060 tendit
757 1024 808 1060 ut
829 1031 919 1060 non
937 1016 1018 1060 sit:
1043 1015 1153 1060 sicut
1172 1016 1312 1060 omnis
1330 1014 1505 1075 profec-

103 1098 174 1135 tus
195 1088 252 1135 ab
281 1103 334 1133 eo
361 1087 483 1148 quod
517 1088 663 1132 minus
695 1096 780 1143 est,
819 1086 962 1131 tendit
992 1096 1043 1131 ut
1076 1086 1213 1146 magis
1248 1087 1316 1131 sit.
1353 1090 1506 1133 Honor

102 1158 268 1219 quippe
285 1170 500 1214 summus,
524 1156 702 1218 qualem
721 1158 858 1216 pietas
880 1157 1184 1216 religiosorum
1202 1157 1397 1213 exhibet,
1415 1159 1505 1202 uti-

102 1245 191 1291 que
212 1233 303 1275 Deo
325 1228 529 1274 debetur.
559 1229 646 1283 Qui
668 1244 771 1287 ergo
793 1238 909 1273 amat
932 1230 1168 1284 honorem,
1194 1232 1335 1274 Deum
1357 1230 1505 1275 imita-

102 1310 191 1346 tur.
211 1301 296 1346 Sed
312 1299 502 1345 humiles
518 1300 675 1344 animae
692 1300 737 1344 in
755 1299 832 1344 illo
848 1315 893 1343 se
909 1300 1115 1345 honorari
1132 1299 1305 1356 volunt,
1327 1301 1506 1360 superbi

104 1386 196 1433 prae
215 1372 308 1417 illo.
329 1372 399 1417 Ad
418 1374 556 1416 Deum
575 1380 720 1416 autem
741 1370 944 1426 humiles,
965 1370 1221 1416 excelsiores
1238 1372 1352 1416 fiunt
1368 1372 1505 1432 injus-

103 1444 184 1488 tis:
209 1451 363 1487 contra
383 1445 525 1487 Deum
546 1457 650 1487 vero
671 1441 842 1497 excelsi,
871 1441 1126 1487 humiliores
1142 1442 1261 1487 fiunt
1277 1443 1403 1502 justis
1422 1462 1432 1488 :
1455 1458 1505 1488 ea

101 1514 268 1560 scilicet
300 1513 623 1574 dispensatione
652 1514 934 1572 praemiorum
964 1523 1096 1573 atque
1124 1529 1377 1573 poenarum,
1401 1515 1505 1575 quia

103 1584 166 1630 illi
182 1587 319 1630 Deum
342 1593 601 1630 amaverunt
618 1599 748 1645 supra
765 1600 826 1640 se,
845 1584 907 1629 illi
924 1600 1004 1644 pro
1019 1588 1110 1630 Deo
1128 1594 1386 1631 amaverunt
1402 1601 1461 1630 se.

162 1658 331 1701 XVIII.
366 1659 490 1711 Jam,
521 1665 572 1701 ut
599 1656 802 1712 arbitror,
833 1655 961 1701 facile
983 1665 1047 1701 est
1072 1656 1151 1702 tibi
1179 1656 1424 1717 intelligere
1449 1672 1502 1702 ex

100 1727 235 1788 ipsius
256 1727 401 1773 verbis
418 1724 626 1787 Epistolae
643 1737 746 1784 tuae,
768 1728 928 1788 quibus
946 1727 1092 1773 dixisti
1110 1748 1118 1774 :
1144 1729 1383 1774 «Animam
1400 1745 1503 1774 cum

101 1799 319 1846 consentit
341 1798 457 1843 malo
472 1833 484 1854 ‚
509 1798 738 1844 voluntate
759 1815 962 1859 peccare,
987 1817 1008 1842 »
1029 1800 1201 1845 nullum
1222 1801 1390 1846 malum
1413 1812 1502 1846 esse

100 1879 304 1916 naturam
324 1869 500 1926 malam,
524 1869 594 1915 vel
616 1870 896 1915 dilectionem
918 1880 1088 1915 naturae
1111 1871 1238 1916 malae
1257 1890 1267 1916 ε
1291 1873 1368 1917 sed
1399 1887 1501 1917 cum

101 1953 253 1988 omnes
274 1952 444 1986 naturae
465 1942 513 1986 in
533 1957 613 1987 suo
637 1956 794 2000 genere
817 1942 946 1987 bonae
969 1943 1071 2002 sint,
1092 1943 1260 1988 malum
1283 1960 1374 1989 esse
1395 1959 1500 2004 pec-

102 2024 251 2060 catum
284 2013 406 2073 quod
437 2014 487 2058 fit
519 2013 747 2059 voluntate
778 2014 950 2070 animae,
989 2030 1090 2059 cum
1125 2013 1265 2074 diligit
1297 2031 1376 2076 pro
1406 2016 1501 2075 ipso

101 2088 307 2133 Creatore
323 2095 590 2146 creaturam3
616 2086 705 2131 sive
722 2102 799 2131 suo
818 2095 947 2136 nutu,
973 2102 1075 2131 cum
1092 2087 1146 2131 sit
1162 2087 1301 2146 mala3
1325 2088 1414 2133 sive
1435 2087 1500 2132 al-

100 2158 234 2204 terius
256 2173 463 2219 persuasu
479 2194 490 2214 ‚
515 2173 618 2203 cum
639 2160 856 2204 consentit
879 2159 1008 2204 malo,
1037 2163 1092 2204 Et
1113 2159 1399 2205 nihilominus
1439 2160 1498 2204 sic

99 2244 278 2290 quoque
298 2230 350 2274 fit
368 2229 497 2286 mala,
518 2230 888 2291 consequentibus
911 2231 1150 2290 suppliciis,
1169 2241 1219 2276 ut
1237 2246 1316 2291 pro
1334 2231 1498 2275 meritis

99 2301 248 2346 omnia
279 2300 571 2358 disponantur
591 2304 836 2348 aCreatore
871 2318 1040 2347 summe
1072 2303 1191 2348 bono
1221 2303 1268 2347 in
1299 2311 1497 2347 creatura

98 2371 245 2428 bona3
279 2368 356 2413 sed
386 2383 476 2413 non
497 2384 666 2412 summe
695 2374 828 2424 bona,
855 2374 959 2428 quia
981 2390 1070 2415 non
1089 2390 1184 2417 eam
1207 2371 1359 2433 genuit
1375 2371 1431 2417 de
1452 2387 1497 2417 Se

99 2441 211 2502 ipso,
235 2438 311 2484 sed
334 2437 437 2484 fecit
454 2453 506 2483 ex
524 2439 678 2484 nihilo.
706 2442 771 2484 Tu
791 2448 936 2483 autem
954 2442 1213 2484 constituisti
1236 2441 1344 2486 duas
1366 2451 1496 2487 natu-

100 2524 191 2567 ras,
225 2526 415 2572 quarum
435 2526 569 2556 unam
585 2511 648 2556 vis
671 2511 832 2556 bonam
854 2526 968 2567 esse,
1003 2511 1185 2556 alteram
1213 2513 1401 2573 malam3
1425 2514 1495 2559 vel

101 2582 247 2644 potius
258 2597 393 2629 unam
409 2582 530 2640 boni,
550 2581 731 2629 alteram
748 2582 870 2629 mali:
891 2598 994 2630 nam
1010 2582 1124 2629 mala
1141 2592 1296 2630 natura
1309 2600 1361 2630 ex
1377 2585 1494 2630 bona
