<?xml version="1.0" encoding="UTF-8"?>
<!DOCTYPE html PUBLIC "-//W3C//DTD XHTML 1.0 Transitional//EN"
    "http://www.w3.org/TR/xhtml1/DTD/xhtml1-transitional.dtd">
<html xmlns="http://www.w3.org/1999/xhtml" xml:lang="en" lang="en">
 <head>
  <title>
</title>
<meta http-equiv="Content-Type" content="text/html;charset=utf-8" />
  <meta name='ocr-system' content='tesseract 3.04.00' />
  <meta name='ocr-capabilities' content='ocr_page ocr_carea ocr_par ocr_line ocrx_word'/>
</head>
<body>
  <div class='ocr_page' id='page_1' title='image "./operaomniaaccura29auguuoft/operaomniaaccura29auguuoft_0017.png"; bbox 0 0 1803 3250; ppageno 0'>
   <div class='ocr_carea' id='block_1_1' title="bbox 453 203 1483 245">
    <p class='ocr_par' dir='ltr' id='par_1_1' title="bbox 453 203 1483 245">
     <span class='ocr_line' id='line_1_1' title="bbox 453 203 1483 245; baseline 0.003 -8"><span class='ocrx_word' id='word_1_1' title='bbox 453 207 613 238; x_wconf 69' lang='lat' dir='ltr'>CONTRA</span> <span class='ocrx_word' id='word_1_2' title='bbox 647 207 862 245; x_wconf 71' lang='lat' dir='ltr'><strong>mus-rum,</strong></span> <span class='ocrx_word' id='word_1_3' title='bbox 899 210 983 238; x_wconf 58' lang='lat' dir='ltr'><strong>Lus,</strong></span> <span class='ocrx_word' id='word_1_4' title='bbox 1020 211 1131 238; x_wconf 83' lang='lat' dir='ltr'><strong>xxu.</strong></span> <span class='ocrx_word' id='word_1_5' title='bbox 1460 203 1483 240; x_wconf 93' lang='lat'>7</span> 
     </span>
    </p>
   </div>
   <div class='ocr_carea' id='block_1_2' title="bbox 85 273 1489 2396">
    <p class='ocr_par' dir='ltr' id='par_1_2' title="bbox 88 273 1489 1525">
     <span class='ocr_line' id='line_1_2' title="bbox 100 273 1483 333; baseline 0.001 -14"><span class='ocrx_word' id='word_1_6' title='bbox 100 275 184 319; x_wconf 90' lang='lat' dir='ltr'><strong>hoc</strong></span> <span class='ocrx_word' id='word_1_7' title='bbox 216 288 372 333; x_wconf 84' lang='lat' dir='ltr'><strong>genere</strong></span> <span class='ocrx_word' id='word_1_8' title='bbox 409 273 689 318; x_wconf 78' lang='lat' dir='ltr'><strong>foeminarum</strong></span> <span class='ocrx_word' id='word_1_9' title='bbox 722 287 891 332; x_wconf 84' lang='lat' dir='ltr'><strong>semper</strong></span> <span class='ocrx_word' id='word_1_10' title='bbox 922 274 1124 319; x_wconf 86' lang='lat' dir='ltr'><strong>habuisse</strong></span> <span class='ocrx_word' id='word_1_11' title='bbox 1157 277 1483 322; x_wconf 87' lang='lat' dir='ltr'><strong>commercium.</strong></span> 
     </span>
     <span class='ocr_line' id='line_1_3' title="bbox 99 344 1488 405; baseline 0.001 -14"><span class='ocrx_word' id='word_1_12' title='bbox 99 348 188 392; x_wconf 89' lang='lat' dir='ltr'><strong>Nec</strong></span> <span class='ocrx_word' id='word_1_13' title='bbox 218 344 340 405; x_wconf 89' lang='lat' dir='ltr'><strong>quod</strong></span> <span class='ocrx_word' id='word_1_14' title='bbox 377 344 512 390; x_wconf 89' lang='lat' dir='ltr'><strong>David</strong></span> <span class='ocrx_word' id='word_1_15' title='bbox 545 353 644 404; x_wconf 91' lang='lat' dir='ltr'><strong>post</strong></span> <span class='ocrx_word' id='word_1_16' title='bbox 672 353 736 388; x_wconf 86' lang='lat' dir='ltr'><strong>tot</strong></span> <span class='ocrx_word' id='word_1_17' title='bbox 765 359 948 388; x_wconf 89' lang='lat' dir='ltr'><strong>numero</strong></span> <span class='ocrx_word' id='word_1_18' title='bbox 981 362 1159 401; x_wconf 82' lang='lat' dir='ltr'><strong>uxores,</strong></span> <span class='ocrx_word' id='word_1_19' title='bbox 1186 346 1488 393; x_wconf 83' lang='lat' dir='ltr'><strong>mulierculam</strong></span> 
     </span>
     <span class='ocr_line' id='line_1_4' title="bbox 98 415 1488 478; baseline 0.002 -18"><span class='ocrx_word' id='word_1_20' title='bbox 98 432 278 477; x_wconf 86' lang='lat' dir='ltr'><strong>quoque</strong></span> <span class='ocrx_word' id='word_1_21' title='bbox 302 416 413 461; x_wconf 84' lang='lat' dir='ltr'><strong>Uriae</strong></span> <span class='ocrx_word' id='word_1_22' title='bbox 435 416 582 460; x_wconf 86' lang='lat' dir='ltr'><strong>militis</strong></span> <span class='ocrx_word' id='word_1_23' title='bbox 615 415 680 459; x_wconf 92' lang='lat' dir='ltr'><strong>sui</strong></span> <span class='ocrx_word' id='word_1_24' title='bbox 714 415 960 459; x_wconf 87' lang='lat' dir='ltr'><strong>moechatus</strong></span> <span class='ocrx_word' id='word_1_25' title='bbox 981 417 1034 460; x_wconf 91' lang='lat' dir='ltr'><strong>sit</strong></span> <span class='ocrx_word' id='word_1_26' title='bbox 1053 451 1064 471; x_wconf 78' lang='lat'>‚</span> <span class='ocrx_word' id='word_1_27' title='bbox 1090 418 1319 477; x_wconf 85' lang='lat' dir='ltr'><strong>ipsumque</strong></span> <span class='ocrx_word' id='word_1_28' title='bbox 1342 419 1488 478; x_wconf 87' lang='lat' dir='ltr'><strong>perdi-</strong></span> 
     </span>
     <span class='ocr_line' id='line_1_5' title="bbox 98 484 1488 547; baseline 0.001 -15"><span class='ocrx_word' id='word_1_29' title='bbox 98 487 212 532; x_wconf 86' lang='lat' dir='ltr'><strong>derit</strong></span> <span class='ocrx_word' id='word_1_30' title='bbox 238 488 282 531; x_wconf 91' lang='lat' dir='ltr'><strong>in</strong></span> <span class='ocrx_word' id='word_1_31' title='bbox 305 486 422 531; x_wconf 86' lang='lat' dir='ltr'><strong>bello</strong></span> <span class='ocrx_word' id='word_1_32' title='bbox 445 489 476 530; x_wconf 86' lang='lat'><strong>¹.</strong></span> <span class='ocrx_word' id='word_1_33' title='bbox 511 489 597 531; x_wconf 82' lang='lat' dir='ltr'><strong>Nec</strong></span> <span class='ocrx_word' id='word_1_34' title='bbox 627 484 747 545; x_wconf 86' lang='lat' dir='ltr'><strong>quod</strong></span> <span class='ocrx_word' id='word_1_35' title='bbox 781 486 986 530; x_wconf 87' lang='lat' dir='ltr'><strong>Salomon</strong></span> <span class='ocrx_word' id='word_1_36' title='bbox 1018 485 1131 530; x_wconf 84' lang='lat' dir='ltr'><strong>filius</strong></span> <span class='ocrx_word' id='word_1_37' title='bbox 1156 488 1247 547; x_wconf 86' lang='lat' dir='ltr'><strong>ejus</strong></span> <span class='ocrx_word' id='word_1_38' title='bbox 1276 498 1488 534; x_wconf 89' lang='lat' dir='ltr'><strong>trecentas</strong></span> 
     </span>
     <span class='ocr_line' id='line_1_6' title="bbox 98 556 1488 617; baseline 0.001 -14"><span class='ocrx_word' id='word_1_39' title='bbox 98 572 253 603; x_wconf 84' lang='lat' dir='ltr'><strong>uxores</strong></span> <span class='ocrx_word' id='word_1_40' title='bbox 271 565 314 601; x_wconf 89' lang='lat' dir='ltr'><strong>et</strong></span> <span class='ocrx_word' id='word_1_41' title='bbox 328 557 621 617; x_wconf 87' lang='lat' dir='ltr'><strong>septingentas</strong></span> <span class='ocrx_word' id='word_1_42' title='bbox 638 556 902 601; x_wconf 89' lang='lat' dir='ltr'><strong>concubinas</strong></span> <span class='ocrx_word' id='word_1_43' title='bbox 919 557 1137 608; x_wconf 78' lang='lat' dir='ltr'><strong>habuerit,</strong></span> <span class='ocrx_word' id='word_1_44' title='bbox 1156 567 1197 601; x_wconf 88' lang='lat' dir='ltr'><strong>et</strong></span> <span class='ocrx_word' id='word_1_45' title='bbox 1214 574 1363 617; x_wconf 90' lang='lat' dir='ltr'><strong>regum</strong></span> <span class='ocrx_word' id='word_1_46' title='bbox 1379 559 1488 605; x_wconf 89' lang='lat' dir='ltr'><strong>filias</strong></span> 
     </span>
     <span class='ocr_line' id='line_1_7' title="bbox 94 628 1489 688; baseline 0.001 -15"><span class='ocrx_word' id='word_1_47' title='bbox 94 630 186 674; x_wconf 91' lang='lat' dir='ltr'><strong>sine</strong></span> <span class='ocrx_word' id='word_1_48' title='bbox 220 643 405 672; x_wconf 84' lang='lat' dir='ltr'><strong>numero</strong></span> <span class='ocrx_word' id='word_1_49' title='bbox 424 630 457 671; x_wconf 77' lang='lat'><strong>².</strong></span> <span class='ocrx_word' id='word_1_50' title='bbox 484 630 572 672; x_wconf 89' lang='lat' dir='ltr'><strong>Nec</strong></span> <span class='ocrx_word' id='word_1_51' title='bbox 607 629 728 687; x_wconf 89' lang='lat' dir='ltr'><strong>quod</strong></span> <span class='ocrx_word' id='word_1_52' title='bbox 757 628 866 671; x_wconf 89' lang='lat' dir='ltr'><strong>Osee</strong></span> <span class='ocrx_word' id='word_1_53' title='bbox 902 629 1216 688; x_wconf 82' lang='lat' dir='ltr'><strong>Prophetarum</strong></span> <span class='ocrx_word' id='word_1_54' title='bbox 1239 630 1404 688; x_wconf 85' lang='lat' dir='ltr'><strong>primus</strong></span> <span class='ocrx_word' id='word_1_55' title='bbox 1433 631 1489 675; x_wconf 88' lang='lat' dir='ltr'><strong>de</strong></span> 
     </span>
     <span class='ocr_line' id='line_1_8' title="bbox 95 698 1487 760; baseline 0.001 -17"><span class='ocrx_word' id='word_1_56' title='bbox 95 698 325 743; x_wconf 80' lang='lat' dir='ltr'><strong>fornicaria</strong></span> <span class='ocrx_word' id='word_1_57' title='bbox 354 698 535 742; x_wconf 89' lang='lat' dir='ltr'><strong>muliere</strong></span> <span class='ocrx_word' id='word_1_58' title='bbox 557 698 667 743; x_wconf 88' lang='lat' dir='ltr'><strong>filios</strong></span> <span class='ocrx_word' id='word_1_59' title='bbox 690 698 841 743; x_wconf 75' lang='lat' dir='ltr'><strong>fecerit</strong></span> <span class='ocrx_word' id='word_1_60' title='bbox 866 718 874 743; x_wconf 90' lang='lat'><strong>:</strong></span> <span class='ocrx_word' id='word_1_61' title='bbox 902 699 973 743; x_wconf 87' lang='lat' dir='ltr'><strong>cui</strong></span> <span class='ocrx_word' id='word_1_62' title='bbox 1002 699 1296 758; x_wconf 89' lang='lat' dir='ltr'><strong>turpitudini,</strong></span> <span class='ocrx_word' id='word_1_63' title='bbox 1322 717 1410 760; x_wconf 82' lang='lat' dir='ltr'><strong>quo</strong></span> <span class='ocrx_word' id='word_1_64' title='bbox 1434 702 1487 745; x_wconf 86' lang='lat' dir='ltr'><strong>sit</strong></span> 
     </span>
     <span class='ocr_line' id='line_1_9' title="bbox 93 768 1486 830; baseline 0 -16"><span class='ocrx_word' id='word_1_65' title='bbox 93 769 301 824; x_wconf 89' lang='lat' dir='ltr'><strong>deterius,</strong></span> <span class='ocrx_word' id='word_1_66' title='bbox 325 769 556 813; x_wconf 83' lang='lat' dir='ltr'><strong>ascribitur</strong></span> <span class='ocrx_word' id='word_1_67' title='bbox 572 779 615 813; x_wconf 90' lang='lat' dir='ltr'><strong>et</strong></span> <span class='ocrx_word' id='word_1_68' title='bbox 632 768 862 814; x_wconf 89' lang='lat' dir='ltr'><strong>consilium</strong></span> <span class='ocrx_word' id='word_1_69' title='bbox 882 770 994 814; x_wconf 76' lang='lat' dir='ltr'><strong>Dei3‚</strong></span> <span class='ocrx_word' id='word_1_70' title='bbox 1019 770 1104 815; x_wconf 90' lang='lat' dir='ltr'><strong>Sed</strong></span> <span class='ocrx_word' id='word_1_71' title='bbox 1122 786 1201 814; x_wconf 88' lang='lat' dir='ltr'><strong>nec</strong></span> <span class='ocrx_word' id='word_1_72' title='bbox 1219 769 1347 824; x_wconf 78' lang='lat' dir='ltr'><strong>illud,</strong></span> <span class='ocrx_word' id='word_1_73' title='bbox 1369 772 1486 830; x_wconf 83' lang='lat' dir='ltr'><strong>quod</strong></span> 
     </span>
     <span class='ocr_line' id='line_1_10' title="bbox 93 839 1484 901; baseline 0.001 -16"><span class='ocrx_word' id='word_1_74' title='bbox 93 843 266 898; x_wconf 86' lang='lat' dir='ltr'><strong>Moyses</strong></span> <span class='ocrx_word' id='word_1_75' title='bbox 286 840 570 885; x_wconf 91' lang='lat' dir='ltr'><strong>homicidium</strong></span> <span class='ocrx_word' id='word_1_76' title='bbox 593 839 743 884; x_wconf 87' lang='lat' dir='ltr'><strong>fecerit</strong></span> <span class='ocrx_word' id='word_1_77' title='bbox 762 876 773 896; x_wconf 87' lang='lat'>‚</span> <span class='ocrx_word' id='word_1_78' title='bbox 800 841 920 901; x_wconf 87' lang='lat' dir='ltr'><strong>quod</strong></span> <span class='ocrx_word' id='word_1_79' title='bbox 942 840 1191 900; x_wconf 88' lang='lat' dir='ltr'><strong>spoliaverit</strong></span> <span class='ocrx_word' id='word_1_80' title='bbox 1214 844 1457 901; x_wconf 87' lang='lat' dir='ltr'><strong>AEgyptum</strong></span> <span class='ocrx_word' id='word_1_81' title='bbox 1473 878 1484 898; x_wconf 89' lang='lat'>‚</span> 
     </span>
     <span class='ocr_line' id='line_1_11' title="bbox 91 909 1488 971; baseline 0.001 -17"><span class='ocrx_word' id='word_1_82' title='bbox 91 910 213 971; x_wconf 87' lang='lat' dir='ltr'><strong>quod</strong></span> <span class='ocrx_word' id='word_1_83' title='bbox 243 909 357 955; x_wconf 88' lang='lat' dir='ltr'><strong>bella</strong></span> <span class='ocrx_word' id='word_1_84' title='bbox 387 911 593 970; x_wconf 81' lang='lat' dir='ltr'><strong>gesserit,</strong></span> <span class='ocrx_word' id='word_1_85' title='bbox 625 911 746 971; x_wconf 86' lang='lat' dir='ltr'><strong>quod</strong></span> <span class='ocrx_word' id='word_1_86' title='bbox 768 911 960 955; x_wconf 86' lang='lat' dir='ltr'><strong>crudelia</strong></span> <span class='ocrx_word' id='word_1_87' title='bbox 985 911 1122 956; x_wconf 89' lang='lat' dir='ltr'><strong>multa</strong></span> <span class='ocrx_word' id='word_1_88' title='bbox 1145 921 1186 956; x_wconf 92' lang='lat' dir='ltr'><strong>et</strong></span> <span class='ocrx_word' id='word_1_89' title='bbox 1207 912 1423 956; x_wconf 89' lang='lat' dir='ltr'><strong>mandarit</strong></span> <span class='ocrx_word' id='word_1_90' title='bbox 1445 922 1488 956; x_wconf 91' lang='lat' dir='ltr'><strong>et</strong></span> 
     </span>
     <span class='ocr_line' id='line_1_12' title="bbox 91 981 1484 1042; baseline 0.001 -16"><span class='ocrx_word' id='word_1_91' title='bbox 91 981 243 1027; x_wconf 79' lang='lat' dir='ltr'><strong>fecerit</strong></span> <span class='ocrx_word' id='word_1_92' title='bbox 259 1016 270 1036; x_wconf 86' lang='lat'>,</span> <span class='ocrx_word' id='word_1_93' title='bbox 298 982 417 1042; x_wconf 92' lang='lat' dir='ltr'><strong>quod</strong></span> <span class='ocrx_word' id='word_1_94' title='bbox 441 997 495 1025; x_wconf 92' lang='lat' dir='ltr'><strong>ne</strong></span> <span class='ocrx_word' id='word_1_95' title='bbox 522 983 613 1041; x_wconf 87' lang='lat' dir='ltr'><strong>ipse</strong></span> <span class='ocrx_word' id='word_1_96' title='bbox 636 983 815 1042; x_wconf 85' lang='lat' dir='ltr'><strong>quidem</strong></span> <span class='ocrx_word' id='word_1_97' title='bbox 839 998 929 1026; x_wconf 90' lang='lat' dir='ltr'><strong>uno</strong></span> <span class='ocrx_word' id='word_1_98' title='bbox 951 993 1184 1026; x_wconf 86' lang='lat' dir='ltr'><strong>contentus</strong></span> <span class='ocrx_word' id='word_1_99' title='bbox 1207 983 1484 1029; x_wconf 88' lang='lat' dir='ltr'><strong>matrimonio</strong></span> 
     </span>
     <span class='ocr_line' id='line_1_13' title="bbox 90 1052 1486 1114; baseline 0 -16"><span class='ocrx_word' id='word_1_100' title='bbox 90 1052 270 1098; x_wconf 73' lang='lat' dir='ltr'><strong>fuerit4.</strong></span> <span class='ocrx_word' id='word_1_101' title='bbox 298 1055 403 1096; x_wconf 83' lang='lat' dir='ltr'><strong>Haec</strong></span> <span class='ocrx_word' id='word_1_102' title='bbox 419 1086 430 1106; x_wconf 89' lang='lat'><strong>‚</strong></span> <span class='ocrx_word' id='word_1_103' title='bbox 462 1053 641 1111; x_wconf 89' lang='lat' dir='ltr'><strong>inquam</strong></span> <span class='ocrx_word' id='word_1_104' title='bbox 659 1087 670 1107; x_wconf 90' lang='lat'>,</span> <span class='ocrx_word' id='word_1_105' title='bbox 695 1062 738 1096; x_wconf 91' lang='lat' dir='ltr'><strong>et</strong></span> <span class='ocrx_word' id='word_1_106' title='bbox 761 1053 919 1096; x_wconf 90' lang='lat' dir='ltr'><strong>horum</strong></span> <span class='ocrx_word' id='word_1_107' title='bbox 943 1053 1095 1097; x_wconf 86' lang='lat' dir='ltr'><strong>similia</strong></span> <span class='ocrx_word' id='word_1_108' title='bbox 1112 1088 1122 1107; x_wconf 88' lang='lat'><strong>‚</strong></span> <span class='ocrx_word' id='word_1_109' title='bbox 1150 1070 1251 1114; x_wconf 81' lang='lat' dir='ltr'><strong>quae</strong></span> <span class='ocrx_word' id='word_1_110' title='bbox 1272 1054 1318 1098; x_wconf 90' lang='lat' dir='ltr'><strong>in</strong></span> <span class='ocrx_word' id='word_1_111' title='bbox 1340 1055 1486 1098; x_wconf 91' lang='lat' dir='ltr'><strong>diver-</strong></span> 
     </span>
     <span class='ocr_line' id='line_1_14' title="bbox 89 1121 1485 1184; baseline 0.001 -16"><span class='ocrx_word' id='word_1_112' title='bbox 89 1124 144 1168; x_wconf 87' lang='lat' dir='ltr'><strong>sis</strong></span> <span class='ocrx_word' id='word_1_113' title='bbox 161 1138 313 1168; x_wconf 86' lang='lat' dir='ltr'><strong>eorum</strong></span> <span class='ocrx_word' id='word_1_114' title='bbox 338 1123 558 1166; x_wconf 87' lang='lat' dir='ltr'><strong>habentur</strong></span> <span class='ocrx_word' id='word_1_115' title='bbox 578 1121 699 1167; x_wconf 90' lang='lat' dir='ltr'><strong>libris</strong></span> <span class='ocrx_word' id='word_1_116' title='bbox 717 1158 728 1178; x_wconf 89' lang='lat'>,</span> <span class='ocrx_word' id='word_1_117' title='bbox 767 1122 879 1166; x_wconf 89' lang='lat' dir='ltr'><strong>nihil</strong></span> <span class='ocrx_word' id='word_1_118' title='bbox 907 1139 930 1167; x_wconf 92' lang='lat' dir='ltr'><strong>a</strong></span> <span class='ocrx_word' id='word_1_119' title='bbox 953 1124 1080 1168; x_wconf 85' lang='lat' dir='ltr'><strong>nobis</strong></span> <span class='ocrx_word' id='word_1_120' title='bbox 1101 1126 1311 1184; x_wconf 87' lang='lat' dir='ltr'><strong>scriptum</strong></span> <span class='ocrx_word' id='word_1_121' title='bbox 1332 1161 1341 1180; x_wconf 92' lang='lat'>,</span> <span class='ocrx_word' id='word_1_122' title='bbox 1377 1126 1485 1170; x_wconf 89' lang='lat' dir='ltr'><strong>nihil</strong></span> 
     </span>
     <span class='ocr_line' id='line_1_15' title="bbox 90 1194 1487 1254; baseline -0.001 -12"><span class='ocrx_word' id='word_1_123' title='bbox 90 1196 304 1242; x_wconf 85' lang='lat' dir='ltr'><strong>dictatum</strong></span> <span class='ocrx_word' id='word_1_124' title='bbox 318 1205 381 1240; x_wconf 89' lang='lat' dir='ltr'><strong>est</strong></span> <span class='ocrx_word' id='word_1_125' title='bbox 400 1214 410 1240; x_wconf 72' lang='grc' dir='ltr'>ε</span> <span class='ocrx_word' id='word_1_126' title='bbox 428 1194 504 1239; x_wconf 92' lang='lat' dir='ltr'><strong>sed</strong></span> <span class='ocrx_word' id='word_1_127' title='bbox 519 1204 595 1239; x_wconf 89' lang='lat' dir='ltr'><strong>aut</strong></span> <span class='ocrx_word' id='word_1_128' title='bbox 608 1195 869 1254; x_wconf 89' lang='lat' dir='ltr'><strong>scriptorum</strong></span> <span class='ocrx_word' id='word_1_129' title='bbox 882 1204 1125 1240; x_wconf 87' lang='lat' dir='ltr'><strong>vestrorum</strong></span> <span class='ocrx_word' id='word_1_130' title='bbox 1145 1196 1224 1240; x_wconf 90' lang='lat' dir='ltr'><strong>ista</strong></span> <span class='ocrx_word' id='word_1_131' title='bbox 1240 1206 1487 1241; x_wconf 89' lang='lat' dir='ltr'><strong>commenta</strong></span> 
     </span>
     <span class='ocr_line' id='line_1_16' title="bbox 89 1265 1485 1326; baseline -0.001 -13"><span class='ocrx_word' id='word_1_132' title='bbox 89 1278 192 1314; x_wconf 92' lang='lat' dir='ltr'><strong>sunt</strong></span> <span class='ocrx_word' id='word_1_133' title='bbox 219 1265 353 1321; x_wconf 72' lang='lat' dir='ltr'><strong>falsa,</strong></span> <span class='ocrx_word' id='word_1_134' title='bbox 393 1276 466 1312; x_wconf 89' lang='lat' dir='ltr'><strong>aut</strong></span> <span class='ocrx_word' id='word_1_135' title='bbox 498 1275 669 1326; x_wconf 88' lang='lat' dir='ltr'><strong>patrum</strong></span> <span class='ocrx_word' id='word_1_136' title='bbox 700 1266 880 1311; x_wconf 90' lang='lat' dir='ltr'><strong>crimina</strong></span> <span class='ocrx_word' id='word_1_137' title='bbox 906 1282 1023 1311; x_wconf 84' lang='lat' dir='ltr'><strong>vera.</strong></span> <span class='ocrx_word' id='word_1_138' title='bbox 1060 1269 1148 1311; x_wconf 91' lang='lat' dir='ltr'><strong>Vos</strong></span> <span class='ocrx_word' id='word_1_139' title='bbox 1177 1277 1325 1312; x_wconf 88' lang='lat' dir='ltr'><strong>utrum</strong></span> <span class='ocrx_word' id='word_1_140' title='bbox 1353 1268 1485 1313; x_wconf 86' lang='lat' dir='ltr'><strong>vultis</strong></span> 
     </span>
     <span class='ocr_line' id='line_1_17' title="bbox 89 1336 1483 1397; baseline 0.001 -15"><span class='ocrx_word' id='word_1_141' title='bbox 89 1337 237 1397; x_wconf 85' lang='lat' dir='ltr'><strong>eligite</strong></span> <span class='ocrx_word' id='word_1_142' title='bbox 261 1357 271 1384; x_wconf 73' lang='grc' dir='ltr'>ι</span> <span class='ocrx_word' id='word_1_143' title='bbox 297 1353 397 1385; x_wconf 86' lang='lat' dir='ltr'><strong>nam</strong></span> <span class='ocrx_word' id='word_1_144' title='bbox 421 1352 499 1382; x_wconf 90' lang='lat' dir='ltr'><strong>nos</strong></span> <span class='ocrx_word' id='word_1_145' title='bbox 514 1373 524 1390; x_wconf 83' lang='lat'>‚</span> <span class='ocrx_word' id='word_1_146' title='bbox 551 1346 626 1382; x_wconf 88' lang='lat' dir='ltr'><strong>aut</strong></span> <span class='ocrx_word' id='word_1_147' title='bbox 647 1338 726 1382; x_wconf 90' lang='lat' dir='ltr'><strong>hos</strong></span> <span class='ocrx_word' id='word_1_148' title='bbox 744 1372 755 1393; x_wconf 91' lang='lat'><strong>‚</strong></span> <span class='ocrx_word' id='word_1_149' title='bbox 781 1346 857 1381; x_wconf 88' lang='lat' dir='ltr'><strong>aut</strong></span> <span class='ocrx_word' id='word_1_150' title='bbox 877 1336 975 1382; x_wconf 91' lang='lat' dir='ltr'><strong>illos</strong></span> <span class='ocrx_word' id='word_1_151' title='bbox 996 1337 1156 1397; x_wconf 87' lang='lat' dir='ltr'><strong>pariter</strong></span> <span class='ocrx_word' id='word_1_152' title='bbox 1177 1338 1381 1383; x_wconf 85' lang='lat' dir='ltr'><strong>detestari</strong></span> <span class='ocrx_word' id='word_1_153' title='bbox 1402 1355 1483 1384; x_wconf 88' lang='lat' dir='ltr'><strong>ne-</strong></span> 
     </span>
     <span class='ocr_line' id='line_1_18' title="bbox 88 1407 1482 1469; baseline 0 -15"><span class='ocrx_word' id='word_1_154' title='bbox 88 1424 206 1455; x_wconf 90' lang='lat' dir='ltr'><strong>cesse</strong></span> <span class='ocrx_word' id='word_1_155' title='bbox 222 1417 314 1464; x_wconf 90' lang='lat' dir='ltr'><strong>est,</strong></span> <span class='ocrx_word' id='word_1_156' title='bbox 346 1410 450 1468; x_wconf 89' lang='lat' dir='ltr'><strong>quia</strong></span> <span class='ocrx_word' id='word_1_157' title='bbox 470 1417 560 1453; x_wconf 87' lang='lat' dir='ltr'><strong>tam</strong></span> <span class='ocrx_word' id='word_1_158' title='bbox 584 1407 720 1454; x_wconf 91' lang='lat' dir='ltr'><strong>malos</strong></span> <span class='ocrx_word' id='word_1_159' title='bbox 741 1417 785 1453; x_wconf 90' lang='lat' dir='ltr'><strong>et</strong></span> <span class='ocrx_word' id='word_1_160' title='bbox 803 1417 952 1468; x_wconf 87' lang='lat' dir='ltr'><strong>turpes</strong></span> <span class='ocrx_word' id='word_1_161' title='bbox 969 1408 1167 1464; x_wconf 84' lang='lat' dir='ltr'><strong>odimus,</strong></span> <span class='ocrx_word' id='word_1_162' title='bbox 1192 1424 1327 1469; x_wconf 89' lang='lat' dir='ltr'><strong>quam</strong></span> <span class='ocrx_word' id='word_1_163' title='bbox 1355 1424 1482 1454; x_wconf 88' lang='lat' dir='ltr'><strong>men-</strong></span> 
     </span>
     <span class='ocr_line' id='line_1_19' title="bbox 88 1479 283 1525; baseline -0.021 0"><span class='ocrx_word' id='word_1_164' title='bbox 88 1479 232 1525; x_wconf 90' lang='lat' dir='ltr'><strong>daces.</strong></span> <span class='ocrx_word' id='word_1_165' title='bbox 261 1497 283 1521; x_wconf 90' lang='lat'>»</span> 
     </span>
    </p>

    <p class='ocr_par' dir='ltr' id='par_1_3' title="bbox 85 1550 1483 2396">
     <span class='ocr_line' id='line_1_20' title="bbox 147 1550 1482 1610; baseline 0.001 -15"><span class='ocrx_word' id='word_1_166' title='bbox 147 1553 225 1595; x_wconf 89' lang='lat' dir='ltr'><strong>VI.</strong></span> <span class='ocrx_word' id='word_1_167' title='bbox 251 1551 524 1610; x_wconf 83' lang='lat' dir='ltr'><strong>Augustinus</strong></span> <span class='ocrx_word' id='word_1_168' title='bbox 562 1550 787 1610; x_wconf 88' lang='lat' dir='ltr'><strong>respondit</strong></span> <span class='ocrx_word' id='word_1_169' title='bbox 812 1569 822 1596; x_wconf 75' lang='lat' dir='ltr'>z</span> <span class='ocrx_word' id='word_1_170' title='bbox 846 1552 935 1597; x_wconf 89' lang='lat' dir='ltr'><strong>Nec</strong></span> <span class='ocrx_word' id='word_1_171' title='bbox 968 1559 1235 1596; x_wconf 86' lang='lat' dir='ltr'><strong>sacramenta</strong></span> <span class='ocrx_word' id='word_1_172' title='bbox 1257 1551 1382 1610; x_wconf 88' lang='lat' dir='ltr'><strong>Legis</strong></span> <span class='ocrx_word' id='word_1_173' title='bbox 1412 1553 1482 1597; x_wconf 88' lang='lat' dir='ltr'><strong>in-</strong></span> 
     </span>
     <span class='ocr_line' id='line_1_21' title="bbox 88 1620 1483 1682; baseline 0.001 -16"><span class='ocrx_word' id='word_1_174' title='bbox 88 1620 305 1681; x_wconf 89' lang='lat' dir='ltr'><strong>telligitis,</strong></span> <span class='ocrx_word' id='word_1_175' title='bbox 332 1637 414 1666; x_wconf 90' lang='lat' dir='ltr'><strong>nec</strong></span> <span class='ocrx_word' id='word_1_176' title='bbox 447 1622 561 1666; x_wconf 87' lang='lat' dir='ltr'><strong>facta</strong></span> <span class='ocrx_word' id='word_1_177' title='bbox 595 1622 946 1681; x_wconf 80' lang='lat' dir='ltr'><strong>Prophetarum3</strong></span> <span class='ocrx_word' id='word_1_178' title='bbox 977 1621 1080 1682; x_wconf 89' lang='lat' dir='ltr'><strong>quia</strong></span> <span class='ocrx_word' id='word_1_179' title='bbox 1101 1637 1245 1682; x_wconf 87' lang='lat' dir='ltr'><strong>neque</strong></span> <span class='ocrx_word' id='word_1_180' title='bbox 1275 1623 1483 1668; x_wconf 88' lang='lat' dir='ltr'><strong>sanctita-</strong></span> 
     </span>
     <span class='ocr_line' id='line_1_22' title="bbox 87 1692 1483 1753; baseline 0.001 -17"><span class='ocrx_word' id='word_1_181' title='bbox 87 1701 177 1737; x_wconf 88' lang='lat' dir='ltr'><strong>tem</strong></span> <span class='ocrx_word' id='word_1_182' title='bbox 195 1727 207 1747; x_wconf 85' lang='lat'>,</span> <span class='ocrx_word' id='word_1_183' title='bbox 227 1707 371 1752; x_wconf 87' lang='lat' dir='ltr'><strong>neque</strong></span> <span class='ocrx_word' id='word_1_184' title='bbox 384 1692 595 1753; x_wconf 89' lang='lat' dir='ltr'><strong>justitiam</strong></span> <span class='ocrx_word' id='word_1_185' title='bbox 616 1693 806 1752; x_wconf 89' lang='lat' dir='ltr'><strong>cogitare</strong></span> <span class='ocrx_word' id='word_1_186' title='bbox 827 1693 976 1737; x_wconf 87' lang='lat' dir='ltr'><strong>nostis.</strong></span> <span class='ocrx_word' id='word_1_187' title='bbox 1005 1692 1087 1737; x_wconf 88' lang='lat' dir='ltr'><strong>Sed</strong></span> <span class='ocrx_word' id='word_1_188' title='bbox 1109 1692 1164 1736; x_wconf 93' lang='lat' dir='ltr'><strong>de</strong></span> <span class='ocrx_word' id='word_1_189' title='bbox 1186 1694 1411 1753; x_wconf 85' lang='lat' dir='ltr'><strong>praeceptis</strong></span> <span class='ocrx_word' id='word_1_190' title='bbox 1439 1703 1483 1739; x_wconf 89' lang='lat' dir='ltr'><strong>et</strong></span> 
     </span>
     <span class='ocr_line' id='line_1_23' title="bbox 87 1763 1481 1824; baseline 0.001 -16"><span class='ocrx_word' id='word_1_191' title='bbox 87 1763 366 1809; x_wconf 86' lang='lat' dir='ltr'><strong>sacramentis</strong></span> <span class='ocrx_word' id='word_1_192' title='bbox 402 1764 569 1808; x_wconf 88' lang='lat' dir='ltr'><strong>Veteris</strong></span> <span class='ocrx_word' id='word_1_193' title='bbox 600 1764 863 1809; x_wconf 85' lang='lat' dir='ltr'><strong>Testamenti</strong></span> <span class='ocrx_word' id='word_1_194' title='bbox 891 1779 1005 1824; x_wconf 80' lang='lat' dir='ltr'><strong>saepe</strong></span> <span class='ocrx_word' id='word_1_195' title='bbox 1027 1780 1075 1809; x_wconf 90' lang='lat' dir='ltr'><strong>ac</strong></span> <span class='ocrx_word' id='word_1_196' title='bbox 1098 1763 1236 1808; x_wconf 91' lang='lat' dir='ltr'><strong>multa</strong></span> <span class='ocrx_word' id='word_1_197' title='bbox 1254 1765 1343 1824; x_wconf 87' lang='lat' dir='ltr'><strong>jam</strong></span> <span class='ocrx_word' id='word_1_198' title='bbox 1368 1764 1481 1810; x_wconf 88' lang='lat' dir='ltr'><strong>dixi-</strong></span> 
     </span>
     <span class='ocr_line' id='line_1_24' title="bbox 86 1834 1479 1896; baseline 0.001 -17"><span class='ocrx_word' id='word_1_199' title='bbox 86 1850 206 1892; x_wconf 85' lang='lat' dir='ltr'><strong>mus,</strong></span> <span class='ocrx_word' id='word_1_200' title='bbox 232 1844 283 1880; x_wconf 92' lang='lat' dir='ltr'><strong>ut</strong></span> <span class='ocrx_word' id='word_1_201' title='bbox 311 1834 628 1894; x_wconf 86' lang='lat' dir='ltr'><strong>intelligeretur</strong></span> <span class='ocrx_word' id='word_1_202' title='bbox 657 1835 778 1880; x_wconf 87' lang='lat' dir='ltr'><strong>aliud</strong></span> <span class='ocrx_word' id='word_1_203' title='bbox 809 1836 870 1880; x_wconf 91' lang='lat' dir='ltr'><strong>ibi</strong></span> <span class='ocrx_word' id='word_1_204' title='bbox 894 1835 1027 1880; x_wconf 89' lang='lat' dir='ltr'><strong>fuisse</strong></span> <span class='ocrx_word' id='word_1_205' title='bbox 1056 1836 1177 1896; x_wconf 91' lang='lat' dir='ltr'><strong>quod</strong></span> <span class='ocrx_word' id='word_1_206' title='bbox 1200 1851 1276 1895; x_wconf 89' lang='lat' dir='ltr'><strong>per</strong></span> <span class='ocrx_word' id='word_1_207' title='bbox 1298 1837 1479 1894; x_wconf 86' lang='lat' dir='ltr'><strong>gratiam</strong></span> 
     </span>
     <span class='ocr_line' id='line_1_25' title="bbox 86 1906 1478 1967; baseline 0.001 -15"><span class='ocrx_word' id='word_1_208' title='bbox 86 1906 196 1952; x_wconf 82' lang='lat' dir='ltr'><strong>Novi</strong></span> <span class='ocrx_word' id='word_1_209' title='bbox 229 1907 492 1951; x_wconf 86' lang='lat' dir='ltr'><strong>Testamenti</strong></span> <span class='ocrx_word' id='word_1_210' title='bbox 527 1906 732 1951; x_wconf 85' lang='lat' dir='ltr'><strong>faciendo</strong></span> <span class='ocrx_word' id='word_1_211' title='bbox 764 1907 1002 1952; x_wconf 88' lang='lat' dir='ltr'><strong>donaretur</strong></span> <span class='ocrx_word' id='word_1_212' title='bbox 1024 1906 1320 1967; x_wconf 88' lang='lat' dir='ltr'><strong>implendum,</strong></span> <span class='ocrx_word' id='word_1_213' title='bbox 1359 1906 1478 1953; x_wconf 88' lang='lat' dir='ltr'><strong>aliud</strong></span> 
     </span>
     <span class='ocr_line' id='line_1_26' title="bbox 85 1976 1477 2038; baseline 0.003 -18"><span class='ocrx_word' id='word_1_214' title='bbox 85 1977 206 2037; x_wconf 78' lang='lat' dir='ltr'><strong>quod</strong></span> <span class='ocrx_word' id='word_1_215' title='bbox 237 1992 314 2036; x_wconf 85' lang='lat' dir='ltr'><strong>per</strong></span> <span class='ocrx_word' id='word_1_216' title='bbox 345 1977 569 2022; x_wconf 81' lang='lat' dir='ltr'><strong>veritatem</strong></span> <span class='ocrx_word' id='word_1_217' title='bbox 607 1976 864 2038; x_wconf 84' lang='lat' dir='ltr'><strong>patefactam</strong></span> <span class='ocrx_word' id='word_1_218' title='bbox 906 1978 1173 2023; x_wconf 89' lang='lat' dir='ltr'><strong>removendo</strong></span> <span class='ocrx_word' id='word_1_219' title='bbox 1212 1976 1477 2024; x_wconf 87' lang='lat' dir='ltr'><strong>demonstra-</strong></span> 
     </span>
     <span class='ocr_line' id='line_1_27' title="bbox 85 2048 1479 2110; baseline 0.003 -18"><span class='ocrx_word' id='word_1_220' title='bbox 85 2057 205 2092; x_wconf 90' lang='lat' dir='ltr'><strong>retur</strong></span> <span class='ocrx_word' id='word_1_221' title='bbox 223 2048 451 2108; x_wconf 89' lang='lat' dir='ltr'><strong>impletum</strong></span> <span class='ocrx_word' id='word_1_222' title='bbox 475 2067 484 2094; x_wconf 73' lang='grc' dir='ltr'>ε</span> <span class='ocrx_word' id='word_1_223' title='bbox 502 2064 603 2093; x_wconf 86' lang='lat' dir='ltr'><strong>eum</strong></span> <span class='ocrx_word' id='word_1_224' title='bbox 628 2049 704 2093; x_wconf 88' lang='lat' dir='ltr'><strong>Dei</strong></span> <span class='ocrx_word' id='word_1_225' title='bbox 726 2058 769 2094; x_wconf 86' lang='lat' dir='ltr'><strong>et</strong></span> <span class='ocrx_word' id='word_1_226' title='bbox 786 2050 970 2109; x_wconf 86' lang='lat' dir='ltr'><strong>proximi</strong></span> <span class='ocrx_word' id='word_1_227' title='bbox 992 2048 1226 2094; x_wconf 89' lang='lat' dir='ltr'><strong>dilectione</strong></span> <span class='ocrx_word' id='word_1_228' title='bbox 1246 2051 1479 2110; x_wconf 87' lang='lat' dir='ltr'><strong>suscipere-</strong></span> 
     </span>
     <span class='ocr_line' id='line_1_28' title="bbox 85 2120 1478 2182; baseline 0.003 -19"><span class='ocrx_word' id='word_1_229' title='bbox 85 2128 159 2164; x_wconf 89' lang='lat' dir='ltr'><strong>tur</strong></span> <span class='ocrx_word' id='word_1_230' title='bbox 176 2120 304 2179; x_wconf 87' lang='lat' dir='ltr'><strong>Legis</strong></span> <span class='ocrx_word' id='word_1_231' title='bbox 329 2120 593 2180; x_wconf 86' lang='lat' dir='ltr'><strong>perficienda</strong></span> <span class='ocrx_word' id='word_1_232' title='bbox 621 2122 872 2182; x_wconf 84' lang='lat' dir='ltr'><strong>praeceptio,</strong></span> <span class='ocrx_word' id='word_1_233' title='bbox 895 2120 1232 2166; x_wconf 86' lang='lat' dir='ltr'><strong>circumcisionis</strong></span> <span class='ocrx_word' id='word_1_234' title='bbox 1249 2131 1395 2166; x_wconf 88' lang='lat' dir='ltr'><strong>autem</strong></span> <span class='ocrx_word' id='word_1_235' title='bbox 1418 2132 1478 2167; x_wconf 87' lang='lat' dir='ltr'><strong>at-</strong></span> 
     </span>
     <span class='ocr_line' id='line_1_29' title="bbox 85 2189 1476 2251; baseline 0.004 -18"><span class='ocrx_word' id='word_1_236' title='bbox 85 2205 174 2250; x_wconf 87' lang='lat' dir='ltr'><strong>que</strong></span> <span class='ocrx_word' id='word_1_237' title='bbox 196 2189 381 2235; x_wconf 89' lang='lat' dir='ltr'><strong>aliorum</strong></span> <span class='ocrx_word' id='word_1_238' title='bbox 401 2190 518 2235; x_wconf 90' lang='lat' dir='ltr'><strong>illius</strong></span> <span class='ocrx_word' id='word_1_239' title='bbox 540 2193 747 2251; x_wconf 90' lang='lat' dir='ltr'><strong>temporis</strong></span> <span class='ocrx_word' id='word_1_240' title='bbox 766 2202 1136 2237; x_wconf 87' lang='lat' dir='ltr'><strong>sacramentorum</strong></span> <span class='ocrx_word' id='word_1_241' title='bbox 1159 2194 1396 2237; x_wconf 89' lang='lat' dir='ltr'><strong>cessatione</strong></span> <span class='ocrx_word' id='word_1_242' title='bbox 1413 2209 1476 2239; x_wconf 91' lang='lat' dir='ltr'><strong>os·</strong></span> 
     </span>
     <span class='ocr_line' id='line_1_30' title="bbox 85 2260 1478 2326; baseline 0.004 -22"><span class='ocrx_word' id='word_1_243' title='bbox 85 2260 338 2306; x_wconf 89' lang='lat' dir='ltr'><strong>tenderetur</strong></span> <span class='ocrx_word' id='word_1_244' title='bbox 360 2263 484 2321; x_wconf 87' lang='lat' dir='ltr'><strong>Legis</strong></span> <span class='ocrx_word' id='word_1_245' title='bbox 505 2263 724 2324; x_wconf 91' lang='lat' dir='ltr'><strong>persoluta</strong></span> <span class='ocrx_word' id='word_1_246' title='bbox 746 2265 990 2324; x_wconf 89' lang='lat' dir='ltr'><strong>promissio.</strong></span> <span class='ocrx_word' id='word_1_247' title='bbox 1014 2268 1285 2324; x_wconf 86' lang='lat' dir='ltr'><strong>Praeceptum</strong></span> <span class='ocrx_word' id='word_1_248' title='bbox 1311 2265 1478 2326; x_wconf 88' lang='lat' dir='ltr'><strong>quippe</strong></span> 
     </span>
     <span class='ocr_line' id='line_1_31' title="bbox 87 2331 1477 2396; baseline 0.004 -20"><span class='ocrx_word' id='word_1_249' title='bbox 87 2346 182 2377; x_wconf 87' lang='lat' dir='ltr'><strong>reos</strong></span> <span class='ocrx_word' id='word_1_250' title='bbox 198 2331 387 2378; x_wconf 84' lang='lat' dir='ltr'><strong>faciebat</strong></span> <span class='ocrx_word' id='word_1_251' title='bbox 400 2334 454 2379; x_wconf 90' lang='lat' dir='ltr'><strong>ad</strong></span> <span class='ocrx_word' id='word_1_252' title='bbox 472 2333 803 2380; x_wconf 87' lang='lat' dir='ltr'><strong>desiderandam</strong></span> <span class='ocrx_word' id='word_1_253' title='bbox 817 2336 999 2381; x_wconf 90' lang='lat' dir='ltr'><strong>salutem</strong></span> <span class='ocrx_word' id='word_1_254' title='bbox 1017 2371 1027 2392; x_wconf 85' lang='lat'>,</span> <span class='ocrx_word' id='word_1_255' title='bbox 1055 2337 1313 2396; x_wconf 88' lang='lat' dir='ltr'><strong>promissum</strong></span> <span class='ocrx_word' id='word_1_256' title='bbox 1329 2346 1477 2383; x_wconf 89' lang='lat' dir='ltr'><strong>autem</strong></span> 
     </span>
    </p>
   </div>
   <div class='ocr_carea' id='block_1_3' title="bbox 86 2453 1476 2604">
    <p class='ocr_par' dir='ltr' id='par_1_4' title="bbox 86 2453 1476 2604">
     <span class='ocr_line' id='line_1_32' title="bbox 136 2453 1476 2500; baseline 0.004 -16"><span class='ocrx_word' id='word_1_257' title='bbox 136 2457 143 2474; x_wconf 83' lang='lat'>¹</span> <span class='ocrx_word' id='word_1_258' title='bbox 171 2460 191 2484; x_wconf 87' lang='lat'>2</span> <span class='ocrx_word' id='word_1_259' title='bbox 210 2453 289 2495; x_wconf 82' lang='lat' dir='ltr'><strong>Reg.</strong></span> <span class='ocrx_word' id='word_1_260' title='bbox 310 2463 356 2494; x_wconf 82' lang='lat' dir='ltr'><strong>xi,</strong></span> <span class='ocrx_word' id='word_1_261' title='bbox 374 2460 407 2496; x_wconf 73' lang='lat'><strong>4,</strong></span> <span class='ocrx_word' id='word_1_262' title='bbox 432 2454 486 2494; x_wconf 84' lang='lat'><strong>15,</strong></span> <span class='ocrx_word' id='word_1_263' title='bbox 504 2459 537 2487; x_wconf 90' lang='lat' dir='ltr'><strong>et</strong></span> <span class='ocrx_word' id='word_1_264' title='bbox 559 2455 577 2486; x_wconf 85' lang='lat'>3</span> <span class='ocrx_word' id='word_1_265' title='bbox 595 2457 672 2497; x_wconf 86' lang='lat' dir='ltr'><strong>Reg.</strong></span> <span class='ocrx_word' id='word_1_266' title='bbox 695 2467 740 2495; x_wconf 79' lang='lat' dir='ltr'><strong>xr,</strong></span> <span class='ocrx_word' id='word_1_267' title='bbox 758 2464 790 2489; x_wconf 84' lang='lat'><strong>2.</strong></span> <span class='ocrx_word' id='word_1_268' title='bbox 809 2474 850 2480; x_wconf 94' lang='lat'><strong>—</strong></span> <span class='ocrx_word' id='word_1_269' title='bbox 866 2463 880 2480; x_wconf 81' lang='lat'><em>2</em></span> <span class='ocrx_word' id='word_1_270' title='bbox 902 2458 994 2489; x_wconf 88' lang='lat' dir='ltr'><strong>Cant.</strong></span> <span class='ocrx_word' id='word_1_271' title='bbox 1013 2468 1061 2495; x_wconf 85' lang='lat' dir='ltr'><strong>v1‚</strong></span> <span class='ocrx_word' id='word_1_272' title='bbox 1083 2467 1115 2498; x_wconf 86' lang='lat'><strong>7.</strong></span> <span class='ocrx_word' id='word_1_273' title='bbox 1131 2474 1171 2482; x_wconf 85' lang='lat'><strong>-—</strong></span> <span class='ocrx_word' id='word_1_274' title='bbox 1189 2454 1202 2479; x_wconf 85' lang='lat'>3</span> <span class='ocrx_word' id='word_1_275' title='bbox 1224 2458 1321 2500; x_wconf 86' lang='lat' dir='ltr'><strong>Osee,</strong></span> <span class='ocrx_word' id='word_1_276' title='bbox 1340 2468 1363 2499; x_wconf 84' lang='lat'><strong>1,</strong></span> <span class='ocrx_word' id='word_1_277' title='bbox 1387 2466 1419 2490; x_wconf 82' lang='lat'><strong>2.</strong></span> <span class='ocrx_word' id='word_1_278' title='bbox 1434 2474 1476 2483; x_wconf 71' lang='lat'><strong>-2</strong></span> 
     </span>
     <span class='ocr_line' id='line_1_33' title="bbox 86 2506 1476 2557; baseline 0.006 -20"><span class='ocrx_word' id='word_1_279' title='bbox 86 2506 104 2536; x_wconf 73' lang='lat'>4</span> <span class='ocrx_word' id='word_1_280' title='bbox 129 2507 230 2539; x_wconf 86' lang='lat' dir='ltr'><strong>Exod.</strong></span> <span class='ocrx_word' id='word_1_281' title='bbox 244 2518 279 2548; x_wconf 88' lang='lat' dir='ltr'><strong>u,</strong></span> <span class='ocrx_word' id='word_1_282' title='bbox 299 2518 358 2549; x_wconf 79' lang='lat'><strong>123</strong></span> <span class='ocrx_word' id='word_1_283' title='bbox 382 2520 428 2550; x_wconf 86' lang='lat'>111,</span> <span class='ocrx_word' id='word_1_284' title='bbox 450 2520 508 2551; x_wconf 81' lang='lat'><strong>¹23</strong></span> <span class='ocrx_word' id='word_1_285' title='bbox 524 2521 569 2551; x_wconf 79' lang='lat' dir='ltr'><strong>x13</strong></span> <span class='ocrx_word' id='word_1_286' title='bbox 590 2519 631 2551; x_wconf 74' lang='lat'><strong>23</strong></span> <span class='ocrx_word' id='word_1_287' title='bbox 652 2522 710 2551; x_wconf 61' lang='grc' dir='ltr'><strong>χιι,</strong></span> <span class='ocrx_word' id='word_1_288' title='bbox 730 2512 793 2552; x_wconf 84' lang='lat'><strong>35;</strong></span> <span class='ocrx_word' id='word_1_289' title='bbox 811 2523 892 2552; x_wconf 82' lang='lat' dir='ltr'><strong>xvir,</strong></span> <span class='ocrx_word' id='word_1_290' title='bbox 904 2524 927 2555; x_wconf 87' lang='lat'>9</span> <span class='ocrx_word' id='word_1_291' title='bbox 940 2517 974 2546; x_wconf 86' lang='lat' dir='ltr'><strong>et</strong></span> <span class='ocrx_word' id='word_1_292' title='bbox 991 2523 1092 2555; x_wconf 81' lang='lat' dir='ltr'><strong>xxxn,</strong></span> <span class='ocrx_word' id='word_1_293' title='bbox 1111 2521 1166 2557; x_wconf 86' lang='lat'><strong>27.</strong></span> <span class='ocrx_word' id='word_1_294' title='bbox 1182 2514 1276 2547; x_wconf 81' lang='lat' dir='ltr'><strong>Num.</strong></span> <span class='ocrx_word' id='word_1_295' title='bbox 1292 2524 1405 2555; x_wconf 77' lang='lat' dir='ltr'><strong>xxxin,</strong></span> <span class='ocrx_word' id='word_1_296' title='bbox 1422 2512 1476 2553; x_wconf 82' lang='lat'><strong>32,</strong></span> 
     </span>
     <span class='ocr_line' id='line_1_34' title="bbox 89 2564 364 2604; baseline -0.004 -7"><span class='ocrx_word' id='word_1_297' title='bbox 89 2566 123 2597; x_wconf 85' lang='lat' dir='ltr'><strong>et</strong></span> <span class='ocrx_word' id='word_1_298' title='bbox 138 2565 234 2596; x_wconf 81' lang='lat' dir='ltr'><strong>Deut.</strong></span> <span class='ocrx_word' id='word_1_299' title='bbox 255 2574 315 2604; x_wconf 85' lang='lat' dir='ltr'><strong>vu,</strong></span> <span class='ocrx_word' id='word_1_300' title='bbox 333 2564 364 2596; x_wconf 89' lang='lat'><strong>5.</strong></span> 
     </span>
    </p>
   </div>
  </div>
 </body>
</html>
