1803 3250
338 245 390 273 DE
424 244 535 273 Acrns
566 245 654 272 cnm,
689 243 835 271 FELICE
868 244 1116 284 MAmeuAEo,
1153 247 1234 273 Lus.
1275 250 1300 274 r.
1428 239 1511 275 213

183 313 298 355 Auo.
322 309 429 354 dixit
449 329 457 355 :
486 312 529 355 Si
553 310 684 354 habes
706 307 846 364 illum,
872 312 1048 354 attende
1074 310 1129 356 ad
1151 311 1195 355 id
1217 313 1337 372 quod
1361 321 1404 358 te
1420 315 1512 374 jam

125 378 295 424 dudum
312 381 590 438 interrogavi.
614 379 763 422 Dixisti
781 379 896 423 enim
918 379 972 423 ad
995 382 1127 439 ipsius
1150 381 1390 428 doctrinam
1408 398 1511 444 per-

124 451 284 507 tinere,
319 452 448 496 etiam
482 452 562 495 ista
602 451 822 495 mundana
845 467 1106 510 cognoscere
1137 473 1145 497 :
1179 455 1249 499 dic
1272 455 1375 499 mihi
1405 465 1515 516 quot

124 532 227 567 sunt
246 522 399 576 stellae,
422 523 457 566 si
479 522 753 566 introductus
776 537 819 566 es
842 523 887 565 iu
904 524 1028 566 istam
1046 539 1220 567 ornnem
1238 527 1510 572 veritatem.»

184 597 289 638 FEL.
316 593 450 638 dixit:
481 613 500 635 «
520 596 577 638 Et
598 609 680 653 ego
703 594 816 648 dico,
843 594 945 654 quia
969 594 1002 638 si
1026 594 1274 640 Paracletus
1291 612 1365 656 per
1385 602 1516 657 Apos-

124 665 236 710 tolos
255 666 428 710 locutus
443 675 522 720 est,
542 675 584 710 et
606 682 683 725 per
703 666 888 710 Paulum
910 686 918 710 ε
946 676 989 711 et
1011 683 1092 726 ego
1113 677 1215 726 peto
1236 670 1515 715 Sanctitatem

130 739 286 792 Tuam,
312 747 362 781 ut
383 736 455 781 illa
479 737 586 781 mihi
609 737 808 782 ostendas
829 754 927 797 quae
946 739 1034 797 jam
1059 737 1192 783 dixi.»

182 811 295 851 Aue.
319 807 456 852 dixit:
482 808 702 853 Confitere
726 818 768 852 te
790 823 880 852 non
912 809 1103 867 potuisse
1139 809 1368 853 ostendere
1396 810 1517 869 quod

123 892 204 936 ego
226 878 492 937 interrogavi
509 913 520 933 ,
546 888 589 922 et
611 878 838 923 ostendam
861 879 1105 924 secundum
1133 881 1376 940 Scripturas
1398 880 1516 941 quod

123 950 339 1010 pertineat
355 951 412 995 ad
432 950 565 994 fidem
583 951 878 995 christianam.

181 1023 288 1065 FEL.
315 1020 408 1066 dit:
439 1024 536 1066 «Et
566 1037 670 1080 ego,
693 1023 728 1066 si
747 1023 852 1066 mibi
885 1024 1079 1068 attuleris
1108 1025 1343 1083 scripturas
1372 1026 1516 1069 Mani—

117 1092 250 1149 chaei,
273 1093 471 1153 quinque
493 1103 691 1137 auctores
709 1109 818 1153 quos
837 1094 913 1137 tibi
931 1093 1034 1145 dixi,
1055 1094 1273 1155 quidquid
1292 1111 1359 1139 me
1373 1096 1508 1140 intei·-=

123 1163 357 1222 rogaveris,
383 1163 524 1222 probo
547 1163 642 1207 tibi.
663 1181 684 1204 »

183 1238 297 1280 Auo.
324 1234 462 1280 dixit:
488 1237 550 1279 De
584 1234 686 1293 ipsis
718 1235 916 1295 quinque
945 1236 1196 1280 auctoribus
1218 1246 1281 1280 est
1303 1238 1383 1281 ista
1406 1238 1521 1296 epis—

124 1305 238 1361 tola,
264 1308 387 1366 cujus
411 1305 659 1365 aperuimus
682 1306 962 1365 principium,
986 1317 1028 1351 et
1046 1307 1293 1351 invenimus
1310 1308 1373 1351 ibi
1393 1309 1524 1367 scrip-

123 1388 216 1423 tum
238 1397 248 1423 z
274 1397 292 1420 «
310 1378 579 1422 Manichaeus
602 1377 822 1437 apostolus
842 1380 943 1422 Jesu
960 1379 1119 1423 Christi
1143 1399 1151 1424 :
1173 1398 1192 1420 »
1220 1380 1403 1423 etvideo
1418 1381 1521 1439 quia

123 1450 266 1509 ipsum
297 1449 559 1508 principium
593 1464 683 1492 non
713 1449 820 1492 mihi
856 1451 1062 1508 exponis,
1099 1451 1201 1509 quia
1238 1467 1326 1495 non
1360 1453 1518 1511 probas

127 1520 355 1580 quomodo
376 1521 639 1564 Manichaeus
658 1520 713 1563 sit
734 1520 953 1579 apostolus
977 1524 1077 1564 Jesu
1093 1522 1267 1565 Christi.

181 1594 287 1635 FEL.
314 1590 421 1635 dixit
447 1611 455 1635 2
486 1610 505 1633 «
533 1592 575 1636 Si
594 1592 638 1635 in
659 1592 737 1635 ista
756 1607 843 1634 non
864 1593 1018 1650 probo,
1044 1592 1087 1634 in
1112 1592 1305 1636 seeundo
1323 1594 1508 1649 probo.»

188 1665 298 1706 Auo.
325 1661 430 1706 dixit
453 1682 461 1707 ;
489 1665 540 1706 In
565 1679 654 1721 quo
677 1663 902 1706 secundo?

186 1736 290 1777 FEL.
316 1733 422 1777 dixit
445 1754 454 1778 z
480 1753 498 1775 «
515 1736 567 1777 In
589 1735 824 1778 Thesauro.
848 1754 866 1773 n

183 1808 296 1849 Auo.
321 1803 430 1848 dixit
451 1823 460 1848 ;
488 1804 758 1847 Thesaurum
781 1806 929 1854 istum„
959 1820 1088 1860 quem
1112 1805 1212 1848 ideo
1246 1806 1317 1848 tali
1343 1807 1523 1850 nomine

126 1876 368 1937 appellatis,
391 1885 438 1919 ut
451 1876 625 1919 miseros
640 1875 870 1930 seducatis7
892 1875 989 1934 quis
1007 1876 1206 1932 scripsit?
1230 1876 1528 1921 M‘inichaeus‘?

130 1947 237 1993 Nolo
259 1947 365 1990 mihi
388 1947 442 1990 ab
464 1946 541 1991 illo
563 1947 721 2005 probes
743 1965 751 1990 :
777 1946 877 2005 quin⁴
897 1945 971 1988 iile
993 1946 1260 1990 Manichoeus
1285 1949 1518 2001 mentitur,

128 2017 315 2063 dicendo
337 2032 381 2061 se
404 2032 495 2061 esse
517 2017 638 2077 quod
661 2032 749 2060 non
773 2025 849 2059 est.

187 2092 293 2134 FEL.
319 2088 429 2133 dixit
453 2107 461 2133 z
493 2106 513 2130 «
532 2091 598 2132 Tu
617 2088 754 2147 proba
777 2087 883 2131 mihi
906 2103 983 2147 per
1005 2088 1204 2131 aiterum.
1233 2107 1251 2127 »

187 2163 300 2205 Ana.
327 2158 434 2203 dixit
454 2178 462 2203 :
483 2158 601 2213 Quid
617 2159 680 2203 vis
700 2158 780 2202 tibi
801 2158 982 2217 probem
1000 2160 1018 2198 ‘?

187 2234 292 2276 Fm..
319 2229 456 2273 dixit:
486 2230 634 2282 «Quia
656 2230 867 2273 mentitur
883 2229 1166 2274 Manichaeus.
1194 2248 1213 2270 »

187 2304 300 2345 Aue.
325 2299 432 2343 dixit
453 2299 594 2352 :Quia
626 2307 674 2342 tu
706 2314 797 2342 non
831 2308 954 2357 potes
987 2299 1173 2357 probare
1201 2313 1354 2344 verum
1378 2298 1522 2344 dicere

127 2371 438 2427 Manichaeum,
459 2378 632 2430 oportet
648 2378 698 2414 ut
714 2384 794 2428 ego
811 2370 995 2427 probem
1018 2370 1249 2415 mentitum
1269 2385 1359 2415 esse
1381 2371 1521 2417 Mani-

128 2443 330 2488 chaeum?

189 2516 295 2559 FEL.
323 2512 430 2558 dixit
449 2531 457 2558 :
487 2531 507 2555 «
523 2514 668 2566 Quare
682 2527 772 2557 non
786 2513 909 2572 potui
924 2513 1146 2572 probare?
1168 2513 1393 2574 Numquid
1412 2529 1516 2574 pro-

131 2586 231 2630 latae
252 2593 357 2631 sunt·
374 2585 599 2644 scripturae
620 2599 728 2644 quas
749 2598 829 2641 ego
847 2584 1004 2643 petivi,
1027 2593 1069 2629 et
1091 2599 1180 2628 non
1201 2584 1412 2644 probavi?
