1803 3250
445 222 608 253 CONTRA
640 219 858 261 mustum,
892 223 976 251 nn.
1012 225 1122 253 xxn.
1420 219 1471 257 71

89 306 180 339 non
199 292 368 351 potest¹
389 306 401 336 .·
426 291 548 350 cujus
579 286 941 333 evidentissimam
969 291 1226 336 sententiam
1261 292 1316 336 de
1338 295 1473 339 David

89 377 190 408 cum
212 360 372 407 divinae
395 361 628 420 Scripturae
650 359 872 404 contineat
893 368 980 403 tarn
1005 362 1201 407 sublimis
1224 365 1471 423 auctoritas,

90 433 280 479 multum
308 431 488 478 ridenda
506 465 518 487 ,
552 429 620 475 vel
649 430 791 491 potius
822 429 1010 475 dolenda
1046 441 1108 475 est
1141 434 1264 478 aliter
1291 437 1476 482 sentiens

89 506 281 550 humana
301 502 550 549 temeritas?
578 502 650 546 Eis
676 502 840 562 quippe
867 500 1025 546 divinis
1051 501 1172 548 libris
1203 503 1258 548 dc
1290 507 1478 568 antiquis

88 576 188 622 viris
208 574 477 622 credendum
499 582 563 618 est
578 608 590 629 ,
615 574 690 633 qui
713 582 801 618 tam
817 573 949 633 longe
971 573 1119 619 futura
1140 573 1359 629 dixerunt,
1379 595 1480 640 quae

89 646 318 709 praesentia
340 661 458 692 nunc
480 643 698 690 videntur.

148 720 352 764 LXVIII.
379 715 497 770 Quid
512 715 631 760 aliud
646 716 690 760 in
708 714 946 774 Evangelio
965 715 1187 773 discimus,
1212 733 1313 762 cum
1330 720 1481 764 eadem

88 805 171 836 vox
193 788 310 834 Petri
337 787 515 833 auditur
541 787 789 832 confitentis
820 787 1044 833 Christum
1068 788 1229 833 Filium
1255 790 1359 847 Dei,
1384 807 1483 852 quae

89 861 221 907 etiam
241 858 584 914 daemoniorum,
609 860 728 919 paria
746 858 878 903 verba
893 894 904 915 ‚
929 859 1005 904 sed
1025 858 1154 919 longe
1182 861 1335 921 impari
1352 862 1483 907 corde

88 932 381 978 emittentium
395 933 443 976 2Ρ
465 930 654 975 Proinde
675 932 720 976 in
736 930 863 975 simili
876 947 982 976 voce
997 931 1103 977 fides
1125 934 1239 977 Petri
1256 933 1479 991 laudatur,

87 1003 406 1050 daemoniorum
429 1003 706 1047 immunditia
731 1003 963 1048 cohibetur
986 1024 996 1050 ;
1021 1020 1042 1048 a
1073 1021 1185 1065 quo,
1209 1006 1291 1049 nisi
1323 1006 1378 1050 ab
1409 1006 1484 1052 illo

87 1075 163 1137 qui
182 1090 273 1119 non
294 1089 398 1118 aure
418 1074 632 1128 humana,
664 1088 708 1117 se
737 1074 885 1117 divina
919 1083 1066 1118 mente
1095 1076 1258 1120 radices
1292 1077 1483 1122 internas

86 1161 244 1191 vocum
267 1144 442 1189 illarum
463 1152 607 1188 nosset
628 1143 839 1203 inspicere
855 1179 866 1199 ‚
892 1153 936 1189 et
957 1145 1050 1188 sine
1072 1144 1160 1189 ulla
1183 1144 1371 1191 falsitate
1390 1147 1481 1193 dis-

86 1217 293 1263 cernere?
315 1218 457 1269 Quam
484 1213 610 1259 multi
633 1215 748 1258 enim
773 1223 816 1258 et
838 1214 908 1258 alii
931 1215 1128 1260 homines
1157 1216 1311 1262 dicunt
1332 1219 1482 1264 Chris-

87 1298 182 1334 tum
210 1287 373 1333 Filium
396 1287 471 1332 Dei
494 1286 607 1341 vivi,
633 1301 713 1330 nec
738 1294 882 1330 tamen
906 1288 1020 1331 Petri
1043 1288 1205 1332 meritis
1227 1305 1485 1349 comparan-

87 1369 160 1405 tur
181 1379 190 1405 :
210 1375 300 1404 non
315 1358 456 1404 solum
477 1353 557 1412 illi,
575 1357 648 1418 qui
664 1356 820 1401 dicturi
837 1366 939 1401 sunt
960 1358 1003 1401 in
1023 1357 1098 1402 illo
1114 1358 1208 1404 die:
1230 1379 1249 1401 «
1275 1362 1481 1418 Domine,

56 1435 62 1439 “
90 1449 111 1471 »
142 1430 353 1484 Domine,
381 1449 398 1470 »
425 1437 468 1472 et
490 1427 683 1472 audituri
704 1447 712 1473 ;
743 1447 761 1469 «
784 1427 999 1472 Discedite
1022 1445 1043 1472 a
1068 1430 1188 1488 me³3
1209 1448 1228 1471 »
1252 1430 1328 1475 sed
1352 1432 1480 1477 etiam

87 1499 172 1557 illi,
197 1501 273 1562 qui
291 1499 638 1560 segregabuntur
669 1497 725 1543 ad
754 1497 1005 1555 dexteram,
1041 1500 1084 1543 in
1113 1501 1276 1561 quibus
1307 1502 1483 1562 plurimi

88 1588 169 1617 nec
198 1587 398 1633 unquam
424 1571 644 1617 Christum
669 1570 738 1615 vel
764 1570 897 1614 semel
930 1574 1246 1629 negaverunt&
1283 1590 1364 1619 nec
1397 1577 1487 1636 ejus

88 1659 168 1704 pro
186 1652 333 1688 nostra
355 1641 492 1686 salute
522 1642 765 1701 passionem
794 1641 1184 1701 improbaverunt,
1216 1661 1296 1690 nec
1326 1647 1486 1693 Gentes

83 1714 623 1776 judaizarexcoegeruntffi
649 1722 691 1756 et
716 1722 863 1758 tamen
895 1716 1024 1758 Petro
1046 1715 1120 1774 qui
1139 1716 1234 1760 haec
1255 1716 1385 1774 fecit,
1416 1734 1484 1763 se-

88 1784 211 1830 denti
232 1784 276 1828 in
299 1783 531 1829 duodecim
555 1782 730 1827 sedibus
748 1818 759 1837 ,
783 1792 826 1827 et
850 1799 938 1827 non
960 1785 1102 1828 solum
1127 1785 1362 1831 duodecim
1388 1790 1484 1833 Tri-

90 1856 172 1900 bus
189 1891 200 1911 ,
225 1870 378 1901 verum
399 1864 443 1898 et
467 1853 655 1912 Angelos
670 1854 886 1915 judicanti
904 1855 1087 1914 impares
1109 1857 1396 1916 apparebunt.
1419 1863 1484 1905 Ita

87 1927 217 1972 etiam
240 1925 367 1971 multi
389 1925 552 1970 nullius
572 1934 824 1985 appetentes
845 1942 1024 1970 uxorem
1045 1962 1056 1981 ‚
1082 1927 1255 1972 nullum
1277 1931 1480 1975 maritum

87 1997 292 2059 appetitae
313 2013 452 2058 usque
476 1996 530 2042 ad
551 2006 734 2041 mortem
754 2007 1083 2058 persequentes,
1118 2009 1265 2044 tamen
1301 2002 1482 2047 Davidi-

86 2086 189 2116 cum
211 2069 416 2114 meritum
433 2105 444 2125 ,
469 2084 570 2114 cum
587 2069 666 2113 iste
688 2067 760 2113 illa
784 2066 976 2124 fecisset,
1007 2070 1125 2129 apud
1152 2074 1289 2115 Deum
1319 2074 1482 2118 habere

87 2156 176 2186 non
207 2149 404 2201 possunt.
445 2143 632 2184 Tantum
661 2140 840 2183 interest
871 2139 979 2200 quid
1008 2141 1167 2200 cuique
1203 2142 1248 2185 in
1285 2158 1329 2186 se
1359 2143 1478 2202 ipso,

86 2221 393 2272 quantumque
429 2209 681 2270 displiceat,
720 2220 770 2254 ut
803 2210 975 2270 penitus
1008 2212 1272 2272 extirpetur3
1308 2223 1352 2258 et
1373 2214 1481 2274 quid

88 2298 167 2343 pro
188 2298 240 2327 eo
262 2280 538 2327 fructiferum
569 2290 613 2325 et
638 2280 899 2341 opulentum
932 2283 1097 2342 ingenti
1124 2282 1348 2330 feracitate
1374 2302 1482 2330 con-

88 2362 236 2412 surgat
257 2373 267 2398 :
291 2352 392 2413 quia
406 2361 449 2396 et
462 2352 662 2411 agricolae
680 2351 776 2411 plus
795 2352 969 2412 placent
985 2354 1090 2412 agri,
1108 2355 1183 2414 qui
1195 2355 1328 2415 spinis
1345 2356 1473 2401 etiam

90 2423 258 2483 magnis
282 2422 505 2468 eradicatis
532 2432 765 2467 centenum
789 2422 1045 2484 proferunt,
1083 2442 1216 2487 quam
1240 2429 1317 2488 qui
1339 2427 1478 2473 nullas

139 2532 151 2550 ¹
168 2525 291 2559 Matth.
308 2535 365 2568 xv,
386 2527 418 2558 8.
435 2543 477 2549 —
491 2531 504 2548 ²
525 2525 573 2558 Id.
593 2537 660 2563 xv1,
689 2535 741 2566 17,
760 2531 794 2559 et
814 2527 893 2560 Luc.
907 2538 979 2569 vm,
997 2528 1053 2560 26.
1069 2545 1112 2552 —
1126 2527 1141 2552 ³
1159 2530 1274 2563 Matth.
1300 2542 1361 2569 vn,
1387 2539 1429 2564 ⁶22
1449 2534 1485 2563 et

92 2582 147 2616 23.
163 2580 233 2612 -4
251 2582 299 2615 Id.
317 2592 397 2623 xxv,
416 2581 469 2613 33.
484 2600 525 2605 —
539 2579 554 2604 ⁵
572 2581 640 2613 Gal.
662 2593 702 2620 n,
726 2581 776 2622 14.
