1803 3250
637 273 690 302 An
722 272 1020 304 AUGUsTINUM.
1431 264 1515 305 437

135 342 366 387 novissime
389 339 487 385 ideo
505 354 594 384 esse
616 340 798 395 lactum,
823 348 872 384 ut
894 341 936 384 in
956 355 1008 386 eo
1030 341 1185 386 animae
1208 352 1513 401 purgarentur,

135 428 235 474 quae
254 421 354 457 ante
371 419 674 471 peccaverunt.
702 413 852 469 Ignem
881 425 982 454 sane
999 420 1234 466 aeternum,
1256 428 1344 472 quo
1367 428 1519 471 pecca-

134 492 249 528 tores
272 481 532 542 puniantur,
558 496 700 540 nequc
721 495 811 524 esse
831 481 975 537 ignem
1007 496 1159 525 verum
1176 517 1186 535 ‚
1217 497 1360 542 neque
1389 492 1518 528 aeter-

134 570 267 610 num,
293 552 662 614 praedicaverunt,
681 551 894 605 dicentes,
915 552 1081 596 dictum
1105 568 1195 597 esse
1217 553 1359 612 ignom
1378 575 1388 612 3
1412 571 1518 615 pro-

132 626 240 685 priae
262 623 538 669 conscientiae
557 622 832 682 punitionem
850 640 858 666 :
880 631 1093 666 aeternum
1117 633 1262 668 autem
1281 626 1406 684 juxta
1426 636 1518 686 ety-

131 696 366 754 mologiam
397 695 618 749 Graecam,
643 709 732 738 non
763 708 853 737 esse
884 702 1169 753 perpetuum,
1203 695 1332 739 etiam
1364 698 1518 743 Latino

134 765 382 811 testimonio
407 764 602 825 adjecto,
635 765 736 824 quia
764 763 930 808 dictum
963 765 1014 809 sit
1047 784 1056 809 2
1091 783 1111 806 «
1138 767 1189 808 In
1211 774 1449 823 aeternum,
1476 779 1518 813 et

134 853 155 878 »
190 837 236 880 in
258 834 467 881 saeculum
489 834 660 890 saeculi,
688 854 707 876 »
735 835 1025 894 postposuerit
1047 844 1211 880 aeterno
1238 855 1246 880 :
1272 851 1321 881 ac
1342 837 1402 882 sie
1424 853 1518 882 om-

130 921 207 951 nes
227 913 506 966 peccatorum
536 906 699 950 animas
721 915 818 965 post
840 906 1143 964 purgationem
1168 907 1444 952 conscientiae
1472 910 1517 953 in

130 977 342 1021 unitatem
359 977 551 1036 corporis
573 976 733 1020 Christi
756 991 844 1020 esse
863 974 1090 1033 redituras..
1115 976 1361 1022 Voluerunt
1386 980 1514 1023 etiam

128 1047 183 1091 de
205 1047 380 1092 diabolo
398 1061 600 1100 asserere,
627 1045 702 1090 sed
720 1061 809 1090 non
825 1046 1149 1105 praevaluerunt
1176 1068 1183 1092 :
1206 1064 1257 1093 eo
1279 1050 1399 1109 quod
1414 1066 1515 1094 cum

129 1117 370 1161 substantia
394 1118 438 1160 in
467 1132 518 1161 eo
544 1117 658 1160 bona
680 1114 792 1160 facta
820 1117 961 1176 perire
987 1133 1076 1161 non
1110 1120 1270 1176 possit,
1296 1129 1445 1165 exusta
1466 1121 1513 1164 in

127 1189 174 1232 in
197 1197 339 1233 totum
363 1188 523 1231 malitia
538 1222 548 1242 ,
575 1186 738 1232 diaboli
764 1187 1001 1248 aliquando
1020 1188 1272 1234 salvandam
1294 1206 1385 1236 esse
1407 1193 1514 1236 sub-

126 1260 346 1304 stantiam.
372 1261 433 1302 De
457 1273 639 1317 corpore
662 1274 765 1302 vero
787 1260 961 1303 Domini
992 1261 1050 1304 sic
1079 1261 1353 1306 tradiderunt
1381 1282 1389 1308 ι
1414 1264 1513 1322 quia

127 1344 229 1375 cum
250 1343 389 1389 usque
412 1327 467 1372 ad
489 1343 566 1373 nos
593 1329 770 1373 veniens
800 1328 936 1373 Filius
962 1331 1036 1373 Dei
1066 1340 1162 1389 post
1185 1340 1249 1375 tot
1271 1332 1404 1376 millia
1437 1350 1516 1377 an-

127 1415 313 1455 norum,
339 1399 500 1444 otiosus
528 1414 580 1444 eo
608 1414 746 1458 usque
774 1414 864 1443 non
893 1398 1051 1454 fuerit,
1077 1401 1152 1444 sed
1175 1402 1417 1459 praedicans
1448 1420 1516 1447 re-

127 1471 378 1515 missionem
403 1469 589 1529 angelis,
612 1469 918 1529 potestatibus,
938 1479 1068 1529 atque
1092 1470 1299 1515 universis
1317 1475 1514 1532 superio-

129 1541 263 1597 ribus,
289 1554 391 1585 cum
412 1540 666 1601 qualitatem
690 1539 842 1583 formae
873 1555 1022 1583 eorum
1047 1556 1156 1599 quos
1179 1542 1370 1587 visitaret
1393 1560 1514 1589 assu-

126 1620 280 1666 meret,
297 1627 436 1671 usque
457 1611 512 1654 ad
532 1608 875 1669 palpabilitatem
891 1610 1030 1654 carnis
1048 1613 1352 1671 assumptionis
1370 1616 1514 1673 specie

128 1682 372 1727 transivisse
402 1700 412 1726 ι
439 1681 523 1725 hoc
553 1681 752 1740 passione
783 1690 826 1724 et
852 1683 1165 1726 resurrectione
1194 1682 1511 1741 determinans,

127 1769 276 1798 rursus
312 1752 451 1797 donec
484 1768 622 1812 usque
655 1752 707 1795 ad
743 1755 913 1796 Patrem
945 1755 1110 1798 veniret
1143 1755 1416 1800 ascendendo
1452 1767 1511 1800 te—

127 1840 280 1870 nuasse
308 1843 316 1869 :
346 1824 403 1868 ita
427 1839 572 1884 neque
593 1823 840 1883 depositum
860 1841 1052 1885 unquam
1076 1825 1208 1871 fuisse
1230 1844 1407 1887 comm,
1438 1845 1514 1873 nec

126 1897 172 1940 in
197 1910 379 1955 corpore
411 1894 503 1939 ullo
537 1904 790 1952 regnantem
818 1896 1114 1940 circumscribi
1146 1901 1298 1942 Deum.
1331 1902 1513 1944 Creatu-

127 1981 220 2011 ram
243 1981 421 2027 quoque
442 1965 681 2025 subjectam
707 1966 998 2025 corruptioni,
1025 1983 1113 2011 non
1139 1968 1356 2012 volentem
1382 1970 1511 2014 intel-

126 2035 345 2094 ligendam
368 2050 456 2080 esse
482 2035 688 2077 dicebant
705 2070 715 2088 ,
742 2036 898 2091 solem,
931 2045 975 2080 et
999 2036 1148 2080 lunam
1167 2072 1176 2090 ,
1209 2048 1250 2080 et
1273 2037 1443 2096 stella83
1472 2051 1514 2084 et

125 2107 221 2149 haec
239 2120 329 2149 non
352 2103 653 2147 elementarios
677 2119 766 2147 esse
789 2103 1003 2162 fulgores,
1028 2105 1102 2148 sed
1122 2108 1352 2152 rationales
1374 2119 1515 2168 potes-

126 2185 234 2222 tates
256 2195 264 2220 :
291 2174 483 2235 praebere
505 2182 651 2218 autem
669 2175 890 2219 servitium
907 2176 1192 2235 corruptioni,
1220 2188 1398 2239 propter
1410 2196 1511 2226 eum

124 2247 202 2307 qui
226 2246 414 2307 subjecit
434 2245 482 2289 in
497 2260 589 2304 spe.

184 2320 261 2364 IV.
299 2336 318 2359 »
355 2319 478 2372 Hoc,
515 2316 627 2361 sicut
653 2317 838 2361 retinere
867 2318 1014 2377 potui,
1045 2318 1234 2363 breviter
1267 2322 1511 2381 expositum

124 2398 214 2445 est,
248 2398 299 2433 ut
329 2388 565 2448 perspectis
590 2387 793 2432 omnibus
822 2388 985 2433 morbis
1015 2389 1275 2434 medicinam
1306 2390 1512 2437 adhibere

127 2458 320 2504 festines.
343 2458 422 2503 Est
438 2458 593 2503 veritas
614 2458 774 2503 Christi
789 2458 833 2501 in
851 2473 942 2513 me,
963 2459 1065 2519 quia
1086 2469 1265 2519 propter
1286 2464 1517 2507 venerabi-

128 2528 219 2574 lem
241 2528 528 2575 reverentiam
551 2528 799 2574 Sanctitatis
825 2530 930 2572 Tuae
959 2544 1049 2574 esse
1071 2530 1302 2591 impudens
1329 2548 1419 2578 non
1442 2549 1521 2578 au-

177 2621 190 2639 1
210 2613 293 2648 Psal.
314 2624 366 2655 1x,
380 2613 417 2657 6,
439 2625 496 2657 10,
515 2613 569 2656 16,
584 2618 649 2648 etc.
664 2630 706 2638 —
719 2620 732 2637 ²
751 2616 843 2647 Rom.
861 2624 933 2657 viu,
950 2623 1005 2648 20.
