1803 3250
457 239 620 271 CONTRA
654 238 869 279 FAUSTUM,
905 241 987 269 ΜΒ.
1025 242 1136 270 xxu.
1436 229 1492 269 73

165 310 300 354 LXX.
345 311 401 354 Ut
439 309 612 353 interim
651 307 848 351 omittam
872 341 883 361 ,
920 307 1039 366 quod
1075 323 1175 353 cum
1217 307 1494 367 percussisset

105 381 379 442 AEgyptium,
401 394 652 441 quanquam
676 377 738 421 illi
762 381 874 422 Deus
899 393 986 423 non
1010 380 1262 438 praeceperit
1277 382 1308 435 ¹,
1333 380 1377 423 in
1395 395 1495 440 per-

104 467 208 497 sona
219 461 364 497 tamen
378 450 629 512 prophetica
647 448 700 494 ad
719 449 801 493 hoc
815 447 1020 493 divinitus
1034 449 1125 492 fieri
1138 451 1396 508 permissum
1411 461 1490 508 est,

103 533 153 568 ut
174 524 375 569 futurum
398 521 563 583 aliquid
585 522 865 582 praesignaret
886 540 893 565 z
921 520 1040 565 unde
1063 535 1180 565 nunc
1197 537 1287 566 non
1304 538 1401 581 ago,
1419 523 1494 568 sed

103 596 282 640 omnino
303 604 512 655 tanquam
541 592 648 638 nihil
677 593 1016 653 significaverint
1037 593 1151 637 facta
1173 591 1248 637 illa
1276 592 1461 639 discutio
1481 617 1491 652 3

102 667 387 727 consultaque
398 665 471 710 illa
487 675 647 710 aeterna
663 664 757 724 lege
769 665 938 725 reperio
951 680 1039 710 non
1055 663 1255 708 debuisse
1269 664 1494 710 hominem

102 738 157 782 ab
179 737 276 792 illo,
302 738 378 797 qui
399 736 565 781 nullam
587 736 830 782 ordinatam
852 745 1111 797 potestatem
1135 735 1326 795 gerebat,
1347 751 1495 796 quam·

101 808 164 854 vis
187 807 445 868 injuriosum
464 816 506 852 et
522 809 794 868 improbum,
815 808 968 853 occidi.
999 809 1314 852 Verumtamen
1340 808 1495 852 animae

100 879 271 924 virtutis
291 894 469 939 capaces
492 894 540 923 ac
562 879 724 923 fertiles
750 880 1025 939 praemittunt
1045 894 1160 939 saepe
1180 879 1284 924 vitia
1300 914 1311 935 ,
1335 879 1494 939 quibus

100 951 184 995 hoc
204 951 347 1009 ipsum
370 949 591 1004 indicent,
627 950 698 995 cui
728 950 879 995 virtuti
907 951 993 995 sint
1020 950 1293 1010 potissimum
1320 965 1494 995 accom-

100 1021 311 1075 modatae‚
337 1021 371 1064 si
389 1019 553 1065 fuerint
575 1022 801 1081 praeceptis
824 1021 1022 1066 excultae.
1047 1023 1168 1066 Sicut
1188 1022 1304 1066 enim
1323 1030 1366 1066 et
1380 1022 1495 1081 agri-

99 1091 205 1137 colae
244 1106 376 1152 quam
415 1101 572 1135 terram
609 1091 824 1146 viderint,
867 1092 1065 1152 quamvis
1102 1091 1279 1136 inutiles
1293 1126 1305 1148 ,
1347 1101 1493 1137 tamen

99 1164 294 1223 ingentes
318 1163 472 1207 herbas
493 1163 766 1223 progignere,
785 1163 1016 1208 frumentis
1034 1172 1179 1223 aptam
1194 1179 1283 1208 esse
1299 1179 1494 1224 pronun-

99 1236 234 1293 tiant,
257 1244 301 1279 et
322 1235 398 1279 ubi
421 1235 579 1280 filicem
603 1235 871 1295 aspexerint,
893 1235 995 1280 licet
1013 1234 1319 1280 eradicandam
1336 1236 1489 1292 sciant,

97 1307 249 1353 validis
261 1307 423 1353 vitibus
444 1306 632 1352 habilem
647 1306 896 1366 intelligunt
911 1328 921 1365 3
938 1317 981 1352 et
995 1323 1127 1367 quem
1142 1316 1337 1352 montem
1355 1308 1493 1353 oleas-

99 1379 173 1423 tris
197 1379 434 1437 sylvescere
460 1381 729 1440 aspexerint,
756 1379 861 1424 oleis
878 1395 968 1423 esse
992 1378 1142 1423 utilem
1166 1379 1337 1424 cultura
1367 1395 1491 1425 acce-

98 1451 230 1495 dente
265 1466 355 1495 non
389 1449 595 1495 dubitant
622 1470 630 1495 :
657 1451 717 1495 sic
750 1450 812 1494 illi
845 1450 978 1494 animi
1008 1460 1174 1506 motus,
1211 1466 1300 1511 quo
1321 1453 1492 1509 Moyses

98 1522 372 1581 peregrinum
392 1520 568 1566 fratrem
581 1538 604 1567 a
617 1523 710 1567 cive
723 1521 923 1581 improbo
936 1521 1137 1581 injuriam
1153 1522 1488 1582 perpetientem,

97 1609 186 1638 non
208 1594 437 1639 observato
461 1594 614 1640 ordine
636 1594 875 1653 potestatis,
901 1592 1093 1637 inultum
1116 1608 1206 1638 esse
1228 1609 1318 1638 non
1341 1602 1489 1653 pertu-

96 1664 175 1720 lit,
200 1681 290 1710 non
317 1666 527 1710 virtutum
562 1665 777 1710 fructibus
800 1664 963 1708 inutilis
985 1674 1102 1720 erat,
1134 1664 1210 1709 sed
1243 1664 1388 1709 adhuc
1419 1666 1490 1709 in-

96 1736 241 1781 cultus
257 1772 267 1792 ,
293 1737 445 1782 vitiosa
469 1737 647 1797 quidem
666 1773 676 1792 ,
703 1736 778 1781 sed
801 1751 968 1795 magnae
990 1736 1223 1781 fertilitatis
1245 1737 1365 1795 signa
1383 1737 1489 1781 fun-

96 1808 243 1852 debat.
272 1810 367 1867 Ipse
398 1807 588 1868 denique
614 1823 690 1867 per
724 1807 939 1865 Angelum
972 1823 1099 1852 suum
1123 1807 1279 1853 divinis
1306 1811 1489 1866 Moysen

95 1880 275 1924 vocibus
298 1880 494 1924 evocavit
511 1880 556 1923 in
577 1888 727 1924 monte
751 1879 851 1923 Sina
865 1882 898 1934 ²,
920 1895 995 1938 per
1017 1894 1148 1940 quem
1166 1878 1424 1923 liberaretur
1437 1895 1486 1923 ex

95 1954 289 2011 AEgypto
307 1951 496 2011 populus
514 1951 667 2009 Israel,
688 1966 877 2010 eumque
898 1949 1105 1995 miraculo
1122 1950 1296 1995 visionis
1310 1951 1355 1995 in
1376 1951 1488 1995 rubo

96 2024 348 2068 flammante
370 2033 413 2068 et
434 2040 521 2067 non
545 2023 723 2067 ardente
741 2059 751 2078 ,
788 2023 1016 2083 verbisque
1046 2023 1283 2067 Dominicis
1314 2022 1369 2067 ad
1391 2023 1487 2068 fru-

94 2110 191 2153 gem
215 2094 476 2139 obedientiae
498 2094 757 2154 praeparavit
777 2114 784 2138 :
806 2094 882 2154 qui
905 2095 1033 2137 etiam
1053 2094 1232 2138 Saulum
1248 2093 1483 2139 Ecclesiam

95 2176 428 2227 persequentem
451 2166 505 2210 de
528 2165 642 2210 coelo
663 2166 834 2211 vocavit
853 2201 862 2220 ,
890 2165 1140 2225 prostravit,
1167 2165 1314 2220 erexit,
1335 2164 1488 2224 imple-

93 2239 171 2294 vit,
197 2247 406 2298 tanquam
423 2237 648 2297 percussit,
672 2237 927 2297 amputavit,
957 2237 1150 2292 inseruit,
1168 2235 1482 2281 foecundavitss.

95 2308 175 2352 Illa
197 2324 388 2368 namque
415 2308 537 2353 Pauli
557 2309 741 2363 saevitia,
774 2324 874 2352 cum
899 2305 1141 2352 secundum
1163 2306 1482 2351 aemulationem

94 2388 370 2439 paternarum
387 2379 669 2423 traditionum
682 2379 1025 2440 persequebatur
1034 2378 1270 2422 Ecclesiam
1281 2379 1313 2433 4,
1329 2387 1484 2437 putans

93 2451 287 2497 officium
312 2453 401 2494 Deo
424 2465 467 2494 se
485 2449 642 2506 facere,
663 2459 869 2511 tanquam
888 2451 1095 2508 sylvestre
1110 2458 1201 2494 erat
1216 2450 1388 2505 vitium,
1408 2449 1484 2494 sed

92 2538 262 2583 magnae
287 2522 516 2567 feracitatis
537 2520 762 2566 indicium.
786 2523 897 2566 Hinc
924 2530 1015 2566 erat
1036 2521 1166 2565 etiam
1194 2520 1303 2565 illud
1335 2520 1479 2576 Petri,

138 2610 151 2629 ¹
177 2609 276 2642 Exod.
303 2622 342 2643 ιι.
358 2626 399 2632 --
414 2610 554 2648 ²1‹1.n=‚
574 2607 606 2651 4.
627 2625 668 2633 -
689 2606 702 2631 3
724 2611 797 2641 Act.
824 2619 880 2650 ix,
905 2607 938 2650 4.
958 2625 998 2632 —
1017 2606 1033 2636 4
1059 2607 1130 2641 Gal.
1161 2614 1194 2648 ι,
1222 2607 1272 2649 ι4.
