1803 3250
306 176 361 215 62
738 181 771 209 s.
810 180 1040 210 Aue-usum
1074 182 1253 210 muscom

308 249 424 304 fidei,
450 247 654 292 laudatur
673 261 694 290 a
713 245 885 306 populis
903 247 1029 291 etiam
1053 246 1125 291 illa
1148 246 1251 299 vita,
1276 245 1400 305 cujus
1422 259 1568 289 amore
1584 259 1690 288 con-

307 319 417 363 versi
439 332 558 376 spem
581 316 727 360 saeculi
751 316 1036 377 reliquerunt,
1062 326 1106 361 et
1128 334 1178 360 ex
1199 316 1320 375 cujus
1342 313 1604 374 professione
1633 313 1690 357 ad

308 386 640 433 misericordiam
679 386 879 446 regendae
912 387 1048 447 plebis
1085 386 1289 445 assumpti
1327 393 1443 430 sunt.
1485 383 1535 428 Id
1575 384 1690 428 enim

307 468 442 517 agunt
463 457 507 501 in
529 457 734 502 omnibus
757 457 978 502 laboribus
1000 459 1106 512 suis,
1140 467 1188 501 ut
1211 456 1281 500 illa
1306 454 1516 516 professio
1538 471 1628 514 quo
1647 469 1691 499 se

306 537 630 583 converterant,
665 529 766 588 quia
803 528 906 572 tales
939 538 1124 573 rectores
1148 527 1318 587 populis
1340 526 1478 581 dedit,
1499 526 1628 570 latius
1650 534 1694 570 et

306 599 463 645 clarius
481 597 760 659 glorificetur,
782 608 989 659 tanquam
1007 600 1142 644 Jacob
1163 615 1251 643 non
1275 607 1500 642 recusante
1521 606 1694 641 noctem

309 671 420 726 Liae,
460 679 509 714 ut
540 669 700 714 Rachel
725 670 862 730 pomis
884 670 1234 714 suaveolentibus
1255 679 1298 714 et
1319 670 1432 714 clare
1455 668 1696 712 nitentibus

311 742 527 801 potiatur:
551 757 650 801 quae
678 739 915 802 aliquando
945 749 988 784 et
1019 740 1125 800 ipsa,
1152 749 1382 800 praestante
1404 738 1696 784 misericordia

311 813 402 868 Dei,
429 828 504 872 per
526 828 570 856 se
592 813 726 872 ipsam
755 813 882 872 parit,
913 812 983 857 vix
1005 811 1179 856 tandem
1198 812 1402 873 quidem,
1426 813 1528 872 quia
1553 826 1699 871 perra-

311 898 409 927 rum
430 892 493 927 est
518 892 591 927 ut:
621 902 641 924 «
665 886 716 926 In
738 882 951 941 principio
974 892 1065 926 erat
1090 884 1302 938 Verbum,
1328 892 1370 927 et
1392 883 1584 926 Verbum
1607 890 1699 925 erat

314 972 334 994 n
369 954 487 1012 apud
512 956 665 1008 Deum,
690 962 733 997 et
765 955 878 996 Deus
909 962 1000 997 erat
1029 954 1268 1008 Verbum¹,
1290 963 1372 997 »et
1399 953 1616 1013 quidquid
1646 952 1701 996 de

311 1024 392 1068 hac
414 1038 459 1067 re
477 1024 546 1083 pie
567 1023 872 1084 sapienterque
890 1022 1067 1078 dicitur,
1089 1025 1179 1068 sine
1197 1024 1501 1082 phantasmate
1518 1022 1702 1068 carnalis

312 1094 584 1154 cogitationis
601 1103 644 1138 et
659 1093 890 1138 salubriter
911 1093 979 1139 vel
995 1110 1045 1138 ex
1060 1104 1180 1153 parte
1195 1094 1405 1154 capiatur.

373 1167 489 1210 LIX.
536 1167 639 1209 Haec
681 1165 736 1209 de
774 1164 914 1208 tribus
951 1165 1147 1225 patribus
1162 1200 1174 1220 ,
1218 1165 1439 1209 Abraham
1454 1200 1465 1220 ,
1511 1167 1626 1209 Isaac
1662 1172 1707 1208 et

314 1236 472 1291 Jacob,
503 1249 692 1296 quorum
717 1250 761 1279 se
790 1237 931 1279 Deum
971 1234 1178 1296 appellari
1206 1235 1346 1280 voluit
1390 1239 1528 1291 Deus,
1572 1249 1705 1295 quern

314 1305 527 1352 catholica
557 1306 749 1350 Ecclesia
771 1304 898 1361 colit,
931 1304 1134 1350 adversus
1158 1307 1306 1350 Fausti
1327 1306 1568 1351 calumnias
1590 1306 1708 1350 dicta

314 1377 581 1423 suffecerint.
620 1379 680 1421 De
713 1391 906 1436 quorum
938 1375 1071 1420 trium
1112 1376 1340 1421 hominum
1378 1378 1540 1421 meritis
1576 1386 1708 1436 atque

316 1449 498 1509 pietate,
534 1457 577 1492 et
607 1447 738 1507 longe
773 1456 938 1491 remota
960 1463 983 1491 a
999 1448 1165 1508 judicio
1197 1448 1438 1493 carnalium
1475 1446 1708 1493 altitudine

317 1519 574 1580 prophetiae,
600 1534 689 1563 non
710 1527 775 1563 est
795 1534 914 1563 nunc
939 1518 1176 1564 disserendi
1198 1520 1319 1564 locus
1337 1539 1346 1564 :
1372 1529 1546 1564 tantum
1569 1520 1623 1563 ab
1644 1519 1709 1562 his

317 1591 594 1647 criminibus,
630 1590 792 1651 quibus
819 1605 891 1634 eos
916 1590 1127 1635 maledica
1147 1600 1190 1635 et
1213 1591 1404 1635 veritatis
1425 1590 1601 1634 inimica
1623 1589 1710 1633 lin-

318 1679 403 1724 gua
433 1662 638 1723 pulsavit,
669 1659 937 1705 defendendi
966 1660 1147 1706 fuerunt
1169 1662 1214 1706 in
1244 1662 1325 1707 hoc
1349 1661 1551 1722 praesenti
1579 1676 1710 1720 opere

319 1745 493 1793 nostro,
527 1749 582 1778 ne
615 1742 768 1779 contra
808 1733 1048 1793 Scripturas
1069 1743 1235 1779 sanctas
1256 1743 1300 1778 et
1320 1734 1515 1779 salubres
1543 1733 1710 1794 aliquid

319 1808 400 1852 sibi
420 1807 563 1852 dicere
582 1806 853 1861 viderentur,
878 1805 954 1865 qui
975 1820 1045 1849 eas
1067 1820 1263 1865 perversa
1287 1814 1330 1850 et
1352 1805 1530 1850 adversa
1562 1814 1708 1850 mente

320 1878 538 1938 legerunt,
558 1875 665 1921 dum
687 1875 988 1936 petulantibus
1009 1876 1215 1921 conviciis
1234 1880 1501 1921 insectantur
1523 1891 1611 1931 eos,
1633 1875 1708 1936 qui

322 1948 409 1994 illic
425 1964 526 1994 cum
545 1956 668 1993 tanto
684 1947 852 1992 honore
868 1946 1177 2007 praedicantur.

383 2021 475 2065 LX.
527 2021 746 2066 Caeterum
785 2018 897 2063 Loth
938 2017 1070 2063 frater
1087 2053 1098 2073 ,
1142 2018 1187 2062 id
1228 2027 1318 2073 est,
1365 2018 1714 2078 consanguineus

323 2093 536 2147 Abrahae,
568 2106 845 2153 nequaquam
880 2091 967 2135 istis
989 2090 1307 2150 comparandus
1330 2099 1393 2134 est
1411 2125 1421 2145 ,
1464 2089 1519 2134 de
1554 2090 1716 2150 quibus

324 2167 439 2209 Deus
460 2162 565 2208 dicit
595 2181 604 2208 :
641 2181 660 2204 «
692 2164 785 2221 Ego
817 2177 914 2206 sum
938 2164 1051 2206 Deus
1081 2162 1320 2217 Abraham,
1356 2170 1399 2205 et
1432 2164 1544 2206 Deus
1579 2164 1714 2217 Isaac,

331 2254 351 2277 »
387 2244 430 2280 et
454 2237 569 2278 Deus
598 2233 789 2278 Jacob2:
817 2251 838 2274 »
864 2248 945 2278 nec
967 2233 1012 2276 in
1034 2248 1186 2277 eorum
1211 2248 1394 2277 numero
1417 2231 1714 2291 deputandus,

328 2306 489 2368 quibus
507 2304 579 2350 illa
599 2304 818 2364 Scriptura
841 2320 978 2365 usque
999 2304 1044 2348 in
1061 2304 1193 2348 finem
1219 2305 1417 2363 perhibet
1433 2303 1613 2363 justitiae
1632 2312 1717 2347 tes-

330 2378 591 2423 timonium:
622 2376 819 2437 quamvis
844 2376 957 2420 inter
986 2374 1228 2421 Sodomitas
1257 2375 1328 2434 pie
1355 2384 1555 2434 casteque
1576 2389 1717 2418 versa-

331 2451 444 2506 tus³,
472 2446 774 2509 hospitalitatis
805 2447 936 2493 etiam
963 2446 1128 2491 meritis
1155 2445 1503 2502 commendatus,
1530 2447 1586 2490 ab
1602 2444 1717 2490 illius

380 2535 503 2569 'Joam
520 2533 545 2575 i,
566 2544 595 2568 ι.
611 2548 651 2558 -
665 2539 679 2556 ²
700 2532 800 2568 Exod.
820 2542 866 2575 m,
885 2531 936 2566 15·
956 2547 998 2555 —
1014 2529 1027 2555 ³
1045 2532 1126 2565 Gen.
1146 2541 1215 2573 xix,
1239 2541 1288 2573 19·
