1803 3250
344 187 419 224 182
771 192 804 220 s.
841 191 1070 222 Auous‘rxm
1105 194 1284 222 EPISCOPI

334 262 443 305 bulis
466 259 676 311 involuta,
709 274 798 318 quo
833 268 872 303 te
900 260 1166 304 committis?
1191 263 1383 305 Remove
1406 276 1507 319 ergo
1529 265 1716 309 auctori-

332 340 478 381 tatem,
505 327 729 372 videamus
752 347 760 372 ε
788 343 963 374 remove
984 330 1305 385 auctoritatem,
1331 329 1464 375 redde
1487 333 1712 378 rationem.

333 404 472 445 Eo-ne
502 398 610 443 ratio
628 408 703 444 tua
726 398 995 459 perducitur,
1030 410 1079 445 ut
1108 402 1190 446 nisi
1223 401 1299 446 Dei
1321 410 1477 446 natura
1505 402 1719 449 violabilis

327 468 709 531 corruptibilisque
744 471 969 527 credatur,
1001 472 1167 516 exitum
1199 472 1462 517 theatricum
1491 472 1623 532 longa
1644 474 1719 520 illa

330 541 478 587 fabula
499 551 639 586 vestra
654 543 868 602 reperiren
884 558 940 588 on
956 543 1121 602 possit?
1142 546 1366 588 Postremo
1386 542 1505 588 unde
1524 544 1603 589 scis
1620 554 1720 590 octo

327 629 415 658 esse
438 623 572 658 terras
593 622 636 658 et
655 612 807 658 decem
829 613 964 659 coelos
982 649 993 670 ,
1033 613 1155 674 quod
1188 614 1309 658 Atlas
1339 614 1557 658 mundum
1578 614 1716 672 ferat,

325 684 739 745 splenditenensque
763 685 1018 744 suspendat,
1041 695 1084 729 et
1105 684 1442 729 innumerabilia
1459 684 1578 740 talia,
1602 687 1721 731 unde

325 757 405 802 scis
425 756 554 800 haec?
579 754 727 810 Plane,
754 756 913 815 inquis,
938 755 1206 800 Manichaeus
1228 769 1298 798 me
1315 754 1481 800 docuit.
1513 756 1598 801 Sed
1614 755 1722 801 inse-

324 828 384 873 lix
400 862 411 882 ,
449 825 695 881 credidisti,
727 840 870 885 neque
897 825 1015 869 enim
1039 824 1199 870 vidisti.
1229 825 1272 870 Si
1293 840 1397 885 ergo
1419 825 1475 871 ad
1498 826 1634 871 millia
1655 826 1724 872 fa-

331 899 581 943 bulosorum
606 898 983 956 phantasmatum,
1010 896 1171 957 quibus
1195 898 1380 958 turpiter
1403 898 1626 956 gravidata
1649 914 1719 955 es,

333 981 372 1015 te
399 968 645 1013 auctoritati
669 967 948 1026 ignotissimae
984 976 1028 1012 et
1057 966 1352 1013 furiosissimae
1384 968 1646 1025 subdidisti,
1671 979 1721 1015 ut

327 1040 426 1085 ideo
449 1041 542 1084 haee
573 1038 719 1084 omnia
750 1037 971 1094 crederes,
1005 1039 1109 1098 quia
1146 1039 1193 1083 in
1224 1038 1308 1084 illis
1344 1040 1590 1099 conscripta
1623 1050 1724 1086 sunt

328 1112 476 1167 libris,
501 1111 662 1171 quibus
684 1109 920 1155 miserabili
937 1125 1082 1155 errore
1097 1111 1366 1155 credendum
1389 1126 1479 1156 esse
1496 1112 1717 1169 censuisti,

326 1198 429 1228 eum
450 1182 532 1227 tibi
548 1180 670 1226 nulla
683 1180 1040 1226 demonstrentur
1052 1202 1064 1239 3
1083 1195 1161 1225 cur
1180 1196 1271 1225 non
1284 1182 1429 1240 potius
1443 1182 1721 1242 Evangelicae

326 1253 606 1308 auctoritati,
650 1261 739 1297 tam
772 1250 997 1307 fundatae,
1033 1260 1121 1296 tam
1152 1250 1385 1308 stabilitae,
1424 1261 1546 1297 tanta
1581 1253 1719 1312 gloria

328 1326 569 1371 diffamatae
586 1359 597 1380 ‚
624 1333 755 1384 atque
781 1324 836 1368 ab
865 1323 1176 1383 Apostolorum
1203 1323 1476 1383 temporibus
1507 1340 1647 1385 usque
1667 1325 1724 1370 ad

329 1405 475 1442 nostra
492 1405 689 1455 tempora
705 1410 782 1454 per
800 1398 1091 1439 successiones
1109 1394 1367 1439 certissimas
1385 1394 1721 1452 commendatae,

329 1484 417 1513 non
441 1477 483 1512 te
504 1465 670 1521 subdis,
696 1474 748 1509 ut
771 1464 937 1521 credas,
957 1473 1007 1509 ut
1029 1464 1191 1520 videas,
1213 1473 1263 1509 ut
1276 1465 1414 1510 discas
1428 1466 1560 1510 etiam
1578 1467 1725 1512 omnia

327 1539 399 1583 illa
434 1554 535 1599 quae
563 1547 606 1582 te
643 1536 900 1592 offendunt,
938 1551 990 1580 ex
1021 1551 1133 1581 vana
1155 1545 1199 1581 et
1220 1551 1421 1595 perversa
1443 1537 1651 1597 opinione
1684 1547 1724 1582 te

327 1610 552 1655 offendere
573 1627 581 1652 :
607 1608 842 1667 potiusque
859 1621 950 1651 esse
966 1621 1137 1662 verum,
1163 1615 1365 1651 naturam
1382 1607 1725 1653 incommutabi-

327 1682 414 1724 lem
438 1680 515 1724 Dei
538 1678 706 1739 aliquid
727 1677 921 1723 mortalis
942 1677 1221 1737 assumpsisse
1240 1687 1467 1734 creaturae,
1484 1679 1530 1722 in
1551 1695 1639 1739 qua
1656 1681 1725 1724 in-

329 1750 699 1797 commutabiliter
722 1764 1002 1809 permanens,
1027 1764 1117 1794 non
1147 1747 1382 1805 fallaciter,
1414 1749 1491 1794 sed
1514 1749 1725 1796 veraciter

330 1823 489 1867 faceret
509 1830 642 1881 atque
669 1830 910 1880 pateretur,
935 1819 1155 1880 quidquid
1178 1819 1378 1864 eamdem
1395 1830 1637 1866 creaturam
1656 1821 1723 1867 fa-

329 1909 426 1939 cere
443 1909 493 1938 ac
511 1893 613 1950 pati,
632 1908 710 1951 pro
723 1892 890 1950 generis
907 1891 1110 1947 humani,
1128 1890 1246 1935 unde
1263 1901 1438 1951 sumpta
1455 1902 1563 1949 erat,
1585 1894 1724 1938 salute

330 1973 606 2023 congrueret,
622 1979 755 2024 quam
767 1962 1018 2008 violabilem
1040 1972 1084 2007 et
1105 1963 1436 2022 corruptibilem
1452 1964 1633 2009 credere
1648 1966 1724 2010 Dei

331 2047 558 2092 naturam,
583 2051 663 2080 nec
690 2036 963 2095 inquinatam
995 2044 1127 2095 atque
1158 2049 1407 2094 oppressam
1436 2044 1573 2080 totam
1600 2051 1726 2096 posse

329 2109 504 2152 liberari
537 2116 669 2168 atque
706 2106 902 2166 purgari,
937 2104 1013 2150 sed
1044 2114 1207 2150 aeterna
1240 2105 1360 2165 globi
1390 2121 1525 2165 poena
1555 2122 1726 2152 summa

336 2179 409 2223 Dei
431 2178 685 2223 necessitate
706 2177 935 2222 damnari?

387 2251 488 2295 XX.
526 2248 634 2306 Sed,
656 2249 802 2309 inquis
817 2283 828 2304 ,
853 2255 1083 2308 propterea
1104 2246 1270 2292 credidi
1286 2262 1387 2308 quae
1412 2262 1503 2292 non
1524 2249 1631 2293 mihi
1652 2263 1725 2294 os—

327 2320 466 2366 tendit
482 2356 493 2376 ,
525 2322 627 2381 quia
650 2321 758 2366 duas
779 2328 979 2375 naturas,
1008 2318 1113 2363 boni
1135 2318 1297 2363 scilicet
1321 2327 1365 2363 et
1386 2318 1490 2363 mali
1510 2353 1523 2374 ,
1549 2319 1656 2363 mihi
1678 2319 1723 2364 in

323 2393 404 2437 hoc
422 2392 516 2452 ipso
540 2391 706 2437 mundo
723 2389 951 2437 evidenter
972 2388 1178 2435 ostendit.
1206 2392 1265 2434 At
1282 2390 1366 2434 hoc
1382 2389 1528 2449 ipsum
1549 2398 1630 2445 est,
1650 2390 1722 2435 in-

323 2462 438 2518 felix,
464 2461 582 2507 unde
599 2462 782 2521 decepta
803 2476 847 2505 es
868 2480 877 2506 ε
903 2460 1007 2521 quia
1027 2460 1140 2504 sicut
1159 2460 1204 2504 in
1227 2458 1300 2504 illa
1326 2459 1550 2520 Scriptura
1572 2462 1721 2507 Evan-

322 2534 473 2593 gelica,
499 2535 557 2578 ita
582 2534 625 2578 in
651 2535 732 2579 hoc
760 2533 929 2578 mundo
953 2530 1061 2577 nihil
1086 2531 1188 2576 mali
1218 2540 1374 2591 putare
1396 2532 1606 2592 potuisti,
1640 2532 1720 2577 nisi
