1803 3250
303 229 385 269 140
746 241 775 267 s.
815 239 1043 268 Anaus‘rmi
1078 242 1254 268 EPlscoPI

298 422 330 438 κ’.
336 423 365 438 §i
371 421 435 438 &11ss
440 421 506 437 &W
512 421 577 437 m
583 422 789 439 mmvvw!
795 423 931 440 ἋΜἋΜ
937 424 1002 440 m}
1008 424 1073 440 xm!
1079 424 1144 439 ῚΛΛἋ
1149 423 1685 442 ἏΝΊΆΛΜΊΜΝΜὶἏΜΜΝἨΛΜ

769 590 978 645 LIBER
1030 589 1270 647 XXVII.

357 795 391 836 Ι.
429 794 622 836 Fmsws
644 792 751 836 dixit
774 811 782 836 :
808 810 827 833 «
849 792 892 836 Si
910 800 1037 835 natus
1066 805 1154 835 non
1172 799 1235 834 est
1253 792 1394 846 Jesus,
1429 806 1509 835 nec
1541 805 1689 850 passus

295 872 383 907 est:
410 864 443 906 si
466 872 611 907 autem
635 877 782 922 passus
805 871 884 916 est,
909 876 1012 920 ergo
1035 870 1077 905 et
1100 870 1226 906 natus
1248 871 1325 905 est.
1347 864 1443 906 Non
1468 862 1592 906 vobis
1613 875 1688 905 ex-

294 933 430 992 pedit,
468 934 573 976 mihi
609 932 790 987 credite,
808 933 853 975 in
875 932 941 975 his
958 931 1089 976 rebus
1112 932 1471 991 consequentiam
1494 947 1689 992 quaerere

294 1012 488 1059 naturae3
511 1001 707 1062 alioquin
729 1002 1024 1046 infirmabitur
1048 1002 1188 1046 omnis
1210 1012 1351 1047 vestra
1374 1002 1496 1046 fides.
1522 1005 1632 1048 Nam
1649 1012 1692 1048 et

294 1090 370 1120 vos
391 1077 414 1118 J
420 1073 546 1118 esum⁴
573 1089 624 1118 ex
652 1074 821 1133 virgine
846 1083 998 1118 natum
1020 1075 1112 1118 sine
1134 1073 1214 1117 viri
1235 1076 1356 1117 co'1‘tu
1378 1072 1567 1128 creditis,
1593 1082 1636 1117 et
1658 1073 1692 1118 si

294 1161 345 1190 ex
363 1146 735 1205 consequentibus
755 1145 898 1205 priora
917 1145 1143 1204 probanda
1165 1153 1283 1200 sunt,
1307 1144 1388 1188 erit
1409 1144 1492 1189 hoc
1515 1144 1688 1189 falsum.

295 1217 461 1262 Poterit
482 1216 596 1260 enim
621 1225 664 1260 et
683 1216 806 1260 vobis
825 1216 1078 1276 responderi
1099 1216 1143 1260 in
1160 1217 1280 1260 hunc
1303 1216 1502 1271 modum,
1527 1216 1630 1276 quia
1658 1216 1692 1260 si

294 1297 423 1334 natus
446 1297 510 1333 est
531 1303 582 1331 ex
605 1286 788 1332 foemina
812 1290 951 1342 Jesus,
980 1303 1083 1346 ergo
1106 1297 1148 1332 et
1170 1288 1405 1332 seminatus
1423 1302 1474 1331 ex
1489 1288 1582 1332 viro
1597 1296 1690 1333 est:

295 1359 330 1403 si
349 1374 452 1404 vero
474 1359 710 1403 seminatus
732 1374 782 1403 ex
804 1359 897 1403 viro
919 1374 1009 1403 non
1031 1367 1110 1411 est,
1137 1373 1240 1416 ergo
1263 1372 1344 1401 nec
1366 1366 1494 1402 natus
1523 1373 1573 1401 ex
1603 1357 1688 1403 foe-

295 1432 413 1476 mina
436 1441 514 1476 est.
542 1431 688 1476 Potuit
708 1440 855 1474 autem
871 1465 881 1485 ‚
908 1439 958 1474 ut
979 1446 1055 1475 vos
1077 1429 1272 1485 creditis,
1298 1430 1416 1474 nasci
1436 1445 1526 1474 non
1546 1439 1662 1474 satus
1680 1448 1690 1476 :

295 1517 431 1562 quare
449 1518 553 1561 ergo
577 1517 666 1546 non
690 1501 881 1561 potuerit
899 1510 941 1545 et
960 1502 1050 1561 pati
1066 1516 1155 1545 non
1172 1502 1351 1560 partus?
1371 1519 1391 1541 »

356 1576 413 1617 II.
450 1574 721 1632 Augustinus
738 1572 961 1633 respondit
980 1592 989 1618 2
1007 1575 1145 1618 Nemo
1162 1573 1239 1616 tibi
1254 1572 1459 1631 proponit
1474 1572 1594 1632 quod
1614 1573 1691 1617 tibi

296 1645 526 1705 proponis,
565 1646 645 1688 nisi
677 1646 903 1704 imperitus
931 1659 1063 1704 quem
1093 1643 1275 1703 decipis,
1303 1659 1392 1688 non
1414 1643 1650 1688 instructus
1671 1660 1695 1690 a

296 1731 386 1776 quo
409 1715 694 1760 convinceris.
720 1717 829 1761 Nam
850 1718 974 1760 Jesus
1003 1724 1045 1759 ct
1069 1716 1185 1759 nasci
1207 1715 1351 1774 potuit
1374 1729 1462 1760 non
1493 1724 1626 1771 satus,
1652 1725 1694 1760 et

297 1786 388 1846 pati
409 1802 499 1831 non
519 1795 690 1846 partus:
717 1785 792 1830 sed
810 1802 949 1830 unum
972 1787 1129 1830 horum
1147 1785 1304 1840 voluit,
1327 1785 1512 1830 alterum
1532 1785 1690 1832 noluit,

298 1858 423 1901 Nasci
439 1858 555 1900 enim
573 1872 662 1901 non
679 1865 795 1901 satus
813 1856 969 1912 voluit,
985 1858 1073 1917 pati
1091 1867 1237 1901 autem
1253 1873 1341 1902 non
1358 1866 1508 1917 partus
1524 1858 1692 1903 noluit:

299 1927 401 1987 quia
429 1936 579 1986 partus
601 1936 664 1971 est
685 1943 850 1987 passus.
878 1928 992 1972 Dicis
1021 1928 1156 1972 mihi:
1188 1927 1309 1971 Unde
1338 1928 1446 1972 scis?
1471 1928 1582 1981 Quia
1611 1929 1694 1973 hoc

302 1999 345 2041 in
378 1996 615 2055 Evangelio
648 1998 840 2042 veritatis
873 1997 986 2057 lego.
1017 1998 1058 2043 Si
1087 2007 1232 2042 autem
1257 1998 1333 2042 tibi
1369 1998 1542 2043 dicam:
1570 1998 1695 2043 Unde

301 2068 380 2112 scis
402 2068 482 2112 ista
504 2083 604 2128 quae
627 2069 733 2113 dicis
754 2088 761 2113 z
787 2069 1019 2113 Manichaei
1039 2070 1145 2114 mihi
1168 2070 1350 2130 opponis
1372 2071 1691 2127 auctoritatem,

301 2148 345 2183 et
362 2138 469 2184 dicis
487 2154 576 2184 esse
595 2139 640 2183 in
658 2138 897 2198 Evangelio
913 2139 1160 2184 falsitatem.
1179 2143 1273 2200 Ego
1288 2150 1433 2185 autem
1450 2141 1695 2187 Manicliaeo

303 2211 379 2254 ista
399 2209 562 2254 dicenti
578 2226 667 2255 non
688 2209 929 2265 crederem,
951 2226 1031 2255 nec
1048 2211 1081 2255 si
1100 2226 1189 2255 non
1208 2211 1315 2255 mihi
1330 2212 1552 2256 Christum
1570 2228 1695 2257 men-

304 2281 433 2326 titum
461 2296 550 2326 esse
567 2280 780 2326 laudaret.
803 2281 933 2335 Quod
951 2280 1129 2342 quidem
1148 2282 1191 2326 in
1213 2282 1386 2328 Christo
1403 2298 1492 2328 non
1510 2283 1691 2339 invenit,

305 2351 379 2396 sed
394 2352 501 2412 quid
519 2352 608 2412 ipse
624 2351 774 2411 diligat
791 2351 952 2412 prodit.
