1803 3250
432 187 595 218 CONTRA
628 187 843 227 fAthTUM,
877 190 959 217 ΜΒ.
1000 191 1128 218 xxm.
1390 181 1468 219 111

87 255 158 299 hic
178 253 395 311 clamitat,
421 264 470 300 ut
491 254 665 299 videtur
681 288 693 308 ‚
717 262 761 298 et
778 253 1056 314 inscriptione
1078 256 1167 316 ipsa
1187 270 1263 300 sua
1284 270 1328 301 se
1345 270 1471 316 pror-

86 340 158 369 sus
179 325 236 369 ab
256 325 341 370 hoc
361 325 585 384 sacrilegio
606 323 797 368 vindicat
811 358 823 379 ,
850 323 987 369 David
1010 325 1147 370 filium
1169 325 1400 386 perhibens
1421 341 1474 370 ex

88 394 162 440 illa
188 396 322 456 stirpe
349 397 585 442 oriundum
607 410 651 439 se
672 395 913 454 scripsisse,
939 410 1028 440 non
1051 396 1210 440 Filium
1237 397 1327 440 Dei.
1364 399 1473 442 Nam

86 468 235 511 Jesum
255 467 433 528 quidem
455 481 557 510 eum
568 501 585 522 ,
608 466 688 526 qui
704 466 758 510 sit
774 465 911 510 Filius
930 465 1035 520 Dei,
1060 465 1095 509 si
1116 467 1332 524 scriptoris
1346 467 1475 527 hujus

85 548 279 584 mentem
301 538 659 598 propositumque
675 537 919 582 consideres
935 571 947 592 ‚
966 552 1057 582 non
1075 546 1163 581 tam
1179 536 1252 582 ille
1269 539 1324 581 de
1340 539 1477 583 Maria

85 607 252 666 virgine
274 607 370 652 vult
390 622 469 652 nos
491 608 686 667 accipere
716 616 992 666 procreatum
1009 641 1020 662 ,
1046 622 1179 667 quam
1208 607 1376 651 factum
1396 607 1476 652 ali-

83 677 263 738 quando
285 692 363 738 per
388 678 653 739 baptismum
675 677 792 739 apud
815 679 980 723 fluenta
1001 677 1216 723 Jordanis.
1243 678 1339 723 Illic
1359 679 1475 723 enim

83 748 191 794 dicit
208 749 478 809 baptizatum
494 765 518 794 a
535 752 559 795 J
563 765 705 796 oanne
721 765 822 795 eum
838 753 851 777 ¹
864 785 875 806 ,
901 765 1033 810 quem
1062 748 1194 795 David
1222 750 1267 794 in
1299 751 1475 795 exordio

84 819 223 865 filium
240 820 481 879 designavit
494 856 506 877 ,
526 821 691 866 factum
715 821 952 881 aliquando
974 837 1063 867 esse
1082 822 1242 866 Filium
1265 821 1360 877 Dei,
1381 830 1478 882 post

85 905 221 935 annos
242 890 482 948 duntaxat,
507 892 749 937 secundum
774 895 905 936 Lucae
926 891 1058 937 fidem
1076 927 1088 948 ,
1113 891 1248 936 ferme
1271 892 1447 952 triginta
1462 926 1473 947 ‚

85 961 161 1006 ubi
182 971 227 1006 et
253 981 274 1004 α
294 964 388 1008 Vox
405 972 509 1008 tunc
526 963 674 1008 audita
693 972 758 1008 est
774 998 785 1019 ,
810 963 958 1009 dicens
977 963 1032 1008 ad
1050 979 1151 1008 eum
1173 982 1182 1009 :
1204 963 1339 1008 Filius
1353 978 1476 1008 meus

88 1051 108 1074 »
123 1048 166 1078 es
175 1042 240 1089 tu,
259 1049 341 1093 ego
355 1034 487 1079 hodie
502 1035 633 1094 genui
643 1038 724 1079 te2.
744 1054 763 1076 »
779 1035 909 1079 Vides
923 1051 1025 1095 ergo
1038 1035 1084 1080 id
1095 1035 1216 1096 quod
1227 1045 1327 1080 ante
1340 1050 1476 1080 annos

82 1104 259 1163 triginta
275 1138 287 1159 ‚
320 1113 370 1148 ut
392 1104 495 1148 huic
516 1105 715 1159 videtur,
740 1104 795 1148 de
817 1106 953 1151 Maria
976 1114 1126 1150 natum
1151 1115 1241 1160 est,
1267 1121 1358 1150 non
1386 1120 1475 1149 esse

82 1174 229 1234 ipsum
251 1173 413 1218 Filium
429 1173 522 1230 Dei,
537 1174 613 1219 sed
630 1174 676 1219 id
692 1174 814 1235 quod
831 1176 886 1219 de
907 1176 1120 1235 baptismo
1142 1185 1291 1235 postea
1309 1175 1475 1220 factum

82 1244 217 1290 estad
229 1244 485 1300 Iordanem,
500 1246 546 1290 id
561 1255 641 1301 est,
663 1247 883 1291 hominem
903 1262 1084 1302 novum,
1106 1257 1314 1307 tanquam
1331 1248 1377 1291 in
1395 1262 1474 1292 no-

84 1315 148 1360 bis
170 1332 272 1361 cum
288 1317 506 1362 credimus
527 1317 580 1361 ad
604 1321 739 1362 Deum
756 1332 807 1360 ex
821 1316 1070 1375 gentilitatis
1087 1333 1231 1362 errore
1249 1318 1445 1362 conversi
1462 1336 1471 1362 ε

81 1387 204 1447 quod
225 1387 366 1448 ipsum
387 1397 533 1433 tamen
557 1388 702 1433 nescio
720 1397 869 1432 utrum
891 1388 990 1432 satis
1007 1403 1108 1433 cum
1130 1403 1179 1432 ea
1201 1387 1288 1432 fide
1315 1387 1472 1444 faciat,

81 1473 214 1518 quam
235 1474 312 1503 vos
334 1459 604 1504 Catholicam
622 1458 854 1503 nominatis
874 1477 883 1503 :
904 1459 979 1502 sed
997 1458 1172 1503 interim
1189 1458 1248 1503 sic
1265 1460 1474 1504 Matthaeo

83 1527 256 1573 videtur
271 1564 282 1584 ‚
307 1530 343 1573 si
363 1539 468 1574 sunt
485 1531 618 1590 ipsius
641 1531 750 1575 haec.
776 1532 927 1590 Neque
950 1530 1066 1574 enim
1094 1546 1279 1591 usquam
1303 1530 1348 1574 in
1371 1546 1473 1590 par-

83 1600 363 1645 turitionibus
377 1601 528 1646 Mariae
549 1601 717 1646 dictum
739 1600 898 1659 legitur
920 1599 1030 1644 illud
1051 1620 1059 1645 ε
1085 1620 1106 1643 «
1128 1601 1265 1646 Filius
1282 1617 1406 1646 meus
1430 1617 1474 1646 es

87 1689 108 1713 »
134 1680 198 1726 tu,
222 1687 304 1730 ego
325 1671 457 1716 hodie
476 1673 606 1730 genui
627 1681 670 1716 te
688 1691 697 1716 :
720 1690 738 1712 »
764 1680 840 1716 aut
861 1691 870 1716 :
897 1690 916 1713 «
940 1672 1020 1716 Hic
1038 1681 1101 1716 est
1116 1672 1251 1717 Filius
1270 1688 1391 1717 meus
1404 1672 1473 1718 di—

87 1759 108 1782 »
132 1741 389 1787 lectissimus
405 1776 417 1797 ,
450 1742 498 1786 in
525 1758 614 1801 quo
639 1742 751 1786 bene
772 1740 1046 1800 complacui3
1069 1761 1078 1787 :
1102 1761 1121 1783 »
1148 1743 1224 1787 sed
1251 1744 1296 1787 in
1325 1744 1475 1802 expia-

85 1811 203 1857 tione
232 1813 324 1872 ejus
351 1812 471 1872 apud
502 1813 755 1857 Jordanem.
787 1815 915 1865 Quod
947 1814 981 1856 si
1012 1822 1055 1857 et
1083 1822 1132 1857 tu
1165 1814 1314 1858 credas
1342 1814 1402 1858 ita
1424 1823 1475 1858 ut

84 1882 293 1942 scriptum
309 1892 396 1937 est,
421 1883 502 1927 eris
513 1884 600 1944 jam
621 1882 798 1943 quidem
813 1884 1104 1928 Matthaeanus
1119 1918 1130 1938 ‚
1153 1884 1211 1928 sic
1233 1885 1348 1928 enim
1367 1885 1474 1929 mihi

83 1952 320 1998 dicendum
338 1963 402 1998 est
417 1988 429 2009 ,
463 1953 712 1999 Catholicus
729 1968 831 1997 vero
853 1968 1146 2013 nequaquam.
1170 1957 1280 2000 Nam
1297 1954 1478 2000 catholi-

85 2040 180 2070 cam
200 2024 334 2069 fidem
354 2026 554 2071 novimus
578 2044 587 2070 :
614 2041 713 2085 quae
740 2034 862 2069 tanto
891 2025 1022 2085 longe
1048 2025 1171 2070 abest
1192 2027 1248 2070 ab
1271 2027 1352 2071 hac
1374 2043 1477 2086 pro-

85 2095 266 2141 fessione
290 2097 515 2152 Matthaei,
541 2106 707 2157 quanto
730 2096 884 2156 procul
901 2106 963 2141 est
980 2106 1023 2141 et
1045 2112 1068 2140 a
1085 2113 1204 2142 vero.
1232 2098 1274 2142 Si
1297 2098 1477 2158 quidem

86 2167 337 2225 symbolum
361 2177 553 2212 vestrum
575 2168 635 2212 ita
656 2183 700 2212 se
726 2168 884 2212 habeat
903 2202 914 2223 ,
956 2177 1004 2212 ut
1035 2168 1221 2212 credatis
1250 2170 1293 2213 in
1328 2171 1477 2214 Jesum

86 2239 308 2285 Christum
328 2238 486 2283 Filium
505 2239 583 2283 Dei
601 2275 612 2293 ,
637 2241 712 2300 qui
730 2240 784 2284 sit
802 2249 929 2284 natus
947 2255 998 2283 ex
1014 2240 1177 2298 virgine
1194 2240 1332 2285 Maria
1352 2259 1361 2286 ε
1386 2256 1479 2286 ves-

87 2318 202 2354 trum
226 2319 290 2354 est
311 2324 414 2368 ergo
430 2344 440 2363 ,
466 2308 520 2353 de
537 2309 673 2354 Maria
691 2310 885 2369 accipere
903 2309 1064 2354 Filium
1079 2310 1183 2364 Dei,
1209 2311 1407 2355 Matthaei
1424 2311 1479 2355 ab

88 2383 112 2425 J
117 2380 280 2426 ordane
295 2415 308 2436 ,
327 2388 523 2425 nostrum
539 2395 591 2424 ex
604 2383 694 2425 Deo
711 2399 720 2425 ε
742 2396 790 2425 ac
802 2396 878 2441 per
891 2381 974 2426 hoc
988 2390 1075 2426 tam
1091 2381 1214 2426 vobis
1226 2383 1477 2438 Matthaeus,

88 2452 122 2496 si
147 2452 242 2496 haec
267 2451 359 2512 ejus
384 2466 464 2512 pro
490 2460 610 2497 certo
634 2461 764 2509 sunt,
790 2452 1031 2498 contrarius
1055 2461 1119 2497 est
1145 2453 1190 2498 in
1213 2453 1479 2514 professione

137 2542 147 2560 ¹
171 2536 288 2570 Matth.
304 2546 354 2580 m,
377 2536 481 2571 16.—
497 2543 510 2561 ²
530 2537 609 2571 Luc.
626 2547 676 2579 m,
694 2537 751 2572 23.
765 2534 835 2562 -3
855 2536 937 2571 Psal.
957 2547 1011 2580 ιι,
1030 2547 1048 2580 7
1067 2541 1102 2572 et
1117 2537 1240 2572 Matth.
1259 2549 1309 2582 m,
1332 2549 1384 2581 ¹7·
