1803 3250
409 287 572 319 comm
605 290 839 320 smmozmm
873 290 1144 323 mumolum.
1388 284 1471 325 503

87 355 179 414 ipse
199 363 399 400 creatura
417 356 500 412 sit,
528 358 662 415 gratia
685 356 822 412 filius,
844 373 933 403 non
956 362 1145 405 natura?
1166 362 1280 407 Ecce
1299 363 1378 423 qui
1398 378 1476 408 nos

87 426 209 485 quasi
232 424 404 471 macula
435 427 537 471 novi
565 427 755 472 nominis
773 438 932 474 vocant
956 432 1273 478 Homousianos
1289 467 1301 489 ‚
1335 448 1415 480 nec
1436 449 1480 479 se

87 495 218 554 ipsos,
243 510 345 540 cum
367 497 449 541 ista
470 498 679 553 sentiunt,
704 498 934 543 intuentur
955 500 1143 546 insanos,

146 565 277 619 Quod
299 574 444 610 autem
463 576 564 612 ante
580 567 726 613 omnia
744 569 901 614 saecula
917 579 1070 616 natum
1085 571 1280 616 fatentur
1297 572 1476 629 Filium,

86 635 311 696 quomodo
332 650 422 680 non
442 637 523 680 sibi
543 638 623 696 ipsi
644 638 849 682 contrarii
873 649 990 696 sunt,
1017 659 1037 683 «
1055 657 1157 686 eum
1172 651 1324 687 natum
1337 642 1479 688 dicere

87 715 187 751 ante
209 706 355 750 omnia
377 706 551 762 saecula,
571 725 592 750 )›
618 709 742 768 cujus
764 708 980 753 nativitati
1006 720 1279 770 anteponunt
1313 711 1479 773 aliquid

86 777 320 837 temporis,
344 779 470 837 quasi
498 793 589 823 non
627 787 702 823 aut
733 779 891 824 saecula
929 789 1004 825 aut
1040 781 1300 827 saeculorum
1336 793 1481 843 partes

86 862 381 909 quaecumque
403 849 488 894 sint
509 852 738 909 tempora?

146 917 277 971 Quod
297 933 400 964 vero
416 919 522 964 dicit
542 920 798 980 Apostolus,
822 921 954 965 etiam
974 921 1020 965 in
1041 920 1193 966 futuro
1215 922 1377 967 saeculo
1396 926 1479 968 Pa—

88 989 144 1034 tri
165 988 327 1034 Filium
340 989 588 1050 subjeetum
603 992 820 1048 futurum,
841 991 919 1036 ubi
936 992 1019 1037 ait:
1040 1010 1059 1034 «
1073 996 1195 1038 Tunc
1216 1003 1260 1038 et
1280 994 1370 1054 ipse
1381 995 1481 1039 sub-

87 1078 109 1103 »
128 1061 270 1120 jectus
292 1061 373 1106 erit
394 1061 459 1116 ei,
486 1063 563 1122 qui
586 1062 649 1106 illi
678 1063 865 1123 subjecit
886 1063 1059 1108 omnia¹
1086 1083 1095 1109 ε
1117 1082 1136 1105 »
1162 1064 1271 1125 quid
1291 1065 1476 1123 mirum,

83 1130 444 1192 quandoquidem
470 1131 545 1177 illa
574 1133 619 1176 in
648 1132 760 1178 Filio
788 1133 928 1179 forma
950 1135 1142 1179 humana
1165 1150 1368 1180 mansura
1389 1145 1477 1191 est,

85 1217 174 1263 qua
193 1216 362 1261 semper
382 1204 524 1262 major
544 1212 608 1247 est
630 1206 790 1248 Pater?
811 1206 1018 1258 Quamvis
1036 1220 1126 1250 non
1143 1204 1382 1261 defuerint,
1404 1208 1482 1267 qui

87 1272 207 1317 illam
228 1282 336 1317 tunc
359 1272 458 1317 Filii
490 1275 832 1333 subjectionem,
858 1276 994 1335 ipsius
1026 1276 1232 1320 humanae
1260 1276 1415 1321 formae
1436 1277 1482 1320 in

88 1343 281 1388 divinam
311 1343 600 1388 substantiam
629 1346 1021 1390 commutationem
1044 1346 1375 1405 intelligendam
1395 1363 1482 1406 pu-

88 1415 307 1470 taverint,
344 1423 556 1474 tanquam
587 1415 672 1459 hoc
709 1416 868 1476 cuique
904 1417 965 1460 rei
988 1417 1258 1476 subjiciatur,
1285 1417 1408 1477 quod
1439 1419 1484 1462 in

95 1500 191 1530 eam
214 1485 398 1529 vertitur
415 1493 458 1529 et
479 1494 691 1529 mutatur.
716 1487 800 1530 Sed
814 1501 892 1531 nos
914 1486 1022 1546 quid
1044 1487 1146 1530 hinc
1163 1488 1399 1532 sentiamus
1416 1503 1485 1532 os-

87 1555 325 1612 tendimus,
350 1556 487 1613 magis
510 1555 610 1600 ideo
632 1555 785 1600 dixisse
808 1555 1069 1616 Apostolum
1091 1558 1221 1600 etiam
1244 1566 1350 1601 tunc
1367 1558 1483 1602 Patri

89 1626 249 1672 Filium
272 1626 519 1686 subjectum
535 1625 754 1681 futurum,
776 1642 832 1670 ne
849 1626 944 1686 quis
959 1626 1004 1669 in
1022 1641 1072 1670 eo
1095 1636 1269 1686 putaret
1284 1628 1484 1686 spiritum

89 1706 134 1742 et
168 1712 325 1756 corpus
360 1697 605 1741 humanum
641 1697 784 1757 aliqua
818 1697 1099 1742 conversione
1129 1697 1372 1757 periturum
1398 1717 1408 1743 ;
1436 1709 1486 1743 ut

90 1769 145 1813 sit
173 1771 289 1813 Deus
310 1768 480 1822 omnia,
505 1782 596 1811 non
621 1776 793 1812 tantum
816 1768 861 1811 in
882 1767 998 1812 illius
1020 1768 1149 1812 unius
1172 1768 1313 1813 forma
1337 1769 1484 1814 homi-

91 1839 170 1894 nis,
196 1837 272 1884 sed
291 1839 338 1882 in
360 1837 583 1893 omnibus,
609 1838 653 1882 id
676 1848 755 1894 est,
775 1848 825 1882 ut
849 1839 904 1883 ad
923 1838 1173 1883 habendam
1193 1841 1344 1895 vitam,
1364 1849 1408 1884 et
1424 1855 1485 1885 sa-

91 1908 291 1954 tiandum
312 1908 359 1952 in
375 1908 503 1952 bonis
526 1906 790 1953 desiderium
807 1917 1022 1964 nostrum,
1043 1917 1199 1953 natura
1220 1908 1368 1954 divina
1389 1909 1485 1954 suf-

92 1980 222 2024 ficiat.
245 1981 369 2023 Tunc
389 1977 506 2022 enim
522 1980 636 2022 Deus
651 1979 797 2023 omnia
815 1978 896 2023 erit
910 1978 956 2022 in
971 1979 1192 2034 omnibus,
1213 1995 1313 2023 cum
1329 1988 1486 2038 praeter

93 2049 237 2109 ipsum
282 2048 392 2092 nihil
435 2049 614 2093 omnino
650 2049 814 2092 habere
853 2047 967 2093 velle
1001 2049 1278 2107 coeperimus.
1326 2050 1483 2093 Omnia

93 2120 258 2180 quippe
272 2119 363 2178 ipse
376 2118 501 2163 nobis
515 2119 614 2174 erit,
638 2119 816 2179 quando
828 2118 922 2177 ipso
941 2118 1185 2161 sufficiente
1199 2118 1309 2162 nihil
1327 2117 1482 2163 deerit.

154 2193 331 2235 Jussum
357 2204 461 2235 vero
483 2189 712 2233 obaudisse
735 2189 891 2233 Filium
911 2197 1145 2248 antequam
1166 2189 1379 2248 acciperet
1396 2204 1489 2234 car-

95 2277 218 2317 nem,
255 2259 375 2305 unde
408 2260 478 2304 isti
515 2259 760 2304 existiment
796 2259 955 2303 nescio.
982 2261 1051 2303 An
1088 2259 1282 2318 accipere
1312 2274 1488 2304 carnem

89 2334 232 2394 jussus
249 2339 329 2386 est,
354 2338 404 2374 ut
427 2330 509 2373 hoc
526 2329 727 2374 videatur
749 2329 899 2374 fecisse
919 2331 1064 2389 jussus
1083 2365 1093 2387 ,
1118 2329 1240 2389 quod
1256 2329 1361 2374 fecit
1382 2330 1487 2374 mis-

97 2404 199 2448 sus?
221 2405 386 2446 Iterum
409 2414 512 2459 ergo
534 2400 588 2444 ad
612 2400 685 2445 illa
708 2400 903 2456 redeant,
929 2415 1028 2460 quae
1050 2401 1246 2459 superius
1267 2400 1486 2461 disputata

98 2481 223 2528 sunt,
247 2481 290 2516 et
309 2479 505 2531 quaerant
530 2478 661 2531 atque
677 2472 918 2526 inveniant,
946 2472 979 2514 si
997 2480 1195 2529 possunt,
1215 2474 1343 2516 Pater
1355 2472 1485 2516 unico

30 2554 34 2558 ‘
99 2542 245 2587 Verbo
266 2557 355 2601 quo
377 2540 461 2585 alio
477 2541 652 2600 jusserit
672 2542 829 2599 verbo,
855 2550 898 2585 et
919 2549 1068 2584 utrum
1089 2539 1275 2599 dignum
1289 2540 1422 2586 fuerit
1435 2551 1485 2585 ut

148 2633 157 2649 ¹
182 2638 194 2659 1
217 2628 292 2660 Cor.
309 2636 366 2665 xv,
389 2625 442 2658 28.
