1803 3250
414 214 575 246 CONTRA
609 214 824 252 FAUSTUM,
861 217 943 242 Lm.
982 217 1107 242 xxiii.
1380 204 1456 239 113

71 301 123 330 ex
145 284 296 330 eadem
314 284 504 329 nascitur
523 301 532 328 ι
551 283 629 326 nisi
647 283 735 341 ejus
753 281 866 324 hanc
886 281 1134 339 genitricem
1159 279 1216 323 sic
1234 279 1461 323 admoveas

72 357 232 416 Joseph
250 391 261 411 ,
286 366 335 400 ut
357 358 449 416 ejus
467 362 542 398 aut
564 353 651 398 filia
672 351 880 412 probetur
897 361 973 395 aut
989 353 1163 411 conjux.
1187 370 1206 392 »

131 429 185 470 V.
219 426 489 485 Augustinus
522 422 745 482 respondit
777 441 785 466 ε
822 421 950 465 Fides
978 422 1188 465 catholica
1229 421 1467 479 eademque

71 497 305 558 apostolica
326 506 414 552 est,
449 496 685 541 Dominum
714 503 913 538 nostrum
936 502 978 536 et
1011 492 1278 537 Salvatorem
1320 496 1466 536 Jesum

71 570 295 617 Christum
313 604 323 624 ,
359 577 402 612 et
432 567 594 612 Filium
620 566 699 611 Dei
722 581 811 610 esse
837 564 1079 610 seeundum
1103 564 1374 608 divinitatem
1393 600 1403 620 ,
1430 573 1472 608 et

73 641 212 685 filium
247 638 385 685 David
408 637 649 683 secundum
683 653 859 681 carnem
882 656 890 680 :
917 636 1037 695 quod
1066 636 1125 679 ita
1155 636 1391 694 probamus
1421 652 1470 679 ex

71 709 343 770 Evangelicis
368 718 410 753 et
433 708 692 769 Apostolicis
715 707 895 762 litteris,
921 717 970 750 ut
991 721 1120 750 nemo
1143 707 1278 765 possit
1300 716 1473 750 contra-

73 781 216 826 dicere
234 780 570 841 probationibus
592 780 748 824 nostris
762 815 772 834 ,
800 779 880 823 nisi
904 779 979 839 qui
1002 778 1102 837 ipsis
1124 777 1278 822 litteris
1302 787 1453 822 eontra

73 851 180 897 dicit
200 871 209 896 :
231 867 320 896 non
349 852 460 896 sicut
482 851 565 895 sibi
586 854 772 895 Faustus
796 849 875 894 iste
900 849 1148 909 proposuit,
1175 850 1319 893 nescio
1342 864 1471 908 quem

74 938 212 983 pauca
232 923 366 968 verba
389 922 545 966 dixisse
563 957 573 977 ,
611 932 655 965 et
676 930 827 966 contra
849 920 1044 980 ejusdem
1069 921 1218 964 Fausti
1238 919 1478 979 versipellis

76 995 251 1039 astutias
268 993 390 1038 nulla
414 1002 560 1053 postea
582 993 830 1038 testimonia
851 991 1096 1051 protulisse.
1120 992 1251 1044 Quod
1277 1007 1355 1050 ego
1378 1007 1479 1036 cum

76 1064 220 1110 fecero
237 1100 248 1120 ,
269 1063 377 1108 nihil
392 1064 430 1107 ei
446 1064 568 1123 quod
583 1062 847 1122 respondeat
865 1064 1109 1106 remanebit
1126 1097 1137 1117 ,
1163 1063 1245 1106 nisi
1262 1063 1373 1107 illud
1390 1079 1481 1123 quo

76 1136 162 1181 vim
185 1133 548 1179 manifestissimae
568 1133 762 1177 veritatis
782 1133 828 1176 in
853 1133 1085 1191 Scripturis
1106 1135 1264 1177 sanctis
1283 1149 1480 1193 expresse

76 1205 261 1251 illudere
283 1214 414 1265 atque
436 1205 596 1249 evitare
620 1213 804 1248 conatur
823 1238 833 1259 ,
858 1212 907 1247 ut
926 1202 1034 1248 falsa
1057 1203 1129 1248 illa
1148 1214 1190 1248 et
1208 1204 1366 1249 divinis
1390 1208 1478 1251 Co-

77 1276 249 1321 dicibus
283 1275 472 1319 immissa
506 1275 782 1334 respondeat.
822 1278 958 1327 Quam
996 1273 1262 1318 dementiam
1284 1310 1295 1329 ,
1337 1274 1476 1320 furio-

79 1363 258 1409 samque
279 1346 666 1407 praesumptionem
685 1355 728 1390 et
744 1345 988 1400 audaciam,
1001 1345 1089 1405 jam
1115 1347 1313 1405 superius
1331 1347 1375 1390 in
1394 1348 1478 1391 hoc

81 1434 211 1479 opere
229 1453 240 1474 ,
266 1427 484 1478 quantum
497 1418 697 1462 sufficere
714 1416 854 1461 visum
873 1425 962 1469 est,
990 1415 1176 1461 refutavi
1199 1435 1206 1461 :
1230 1433 1310 1463 nec
1328 1418 1479 1462 eadem

81 1499 275 1550 repetere
307 1497 506 1549 oportet,
543 1496 593 1531 ut
620 1486 802 1532 modum
830 1487 1038 1531 sermonis
1071 1488 1199 1532 etiam
1223 1489 1479 1546 cogitemus.

81 1560 200 1615 Quid
221 1561 356 1620 igitur
385 1575 494 1618 opus
516 1568 580 1603 est
603 1558 794 1618 dispersa
817 1574 894 1618 per
918 1559 1159 1617 Scripturas
1184 1575 1334 1604 omues
1358 1577 1481 1620 quae—

81 1647 176 1676 rere
198 1640 330 1691 atque
351 1630 554 1688 colligere
576 1630 822 1674 testimonia
840 1665 850 1683 ,
877 1630 1037 1688 quibus
1061 1640 1211 1674 contra
1235 1631 1365 1675 istum
1385 1648 1481 1691 pro-

83 1703 236 1747 bemus
248 1737 258 1757 ,
283 1701 329 1745 in
348 1701 467 1744 libris
482 1700 681 1744 maximae
699 1700 949 1759 divinaeque
965 1701 1256 1757 auctoritatis,
1277 1702 1482 1746 eumdem

83 1772 168 1818 dici
201 1771 362 1817 Filium
391 1771 470 1815 Dei
503 1771 781 1829 unigenitum
815 1786 984 1829 semper
1007 1775 1144 1815 Deum
1169 1772 1285 1831 apud
1311 1776 1449 1818 Deum
1467 1809 1478 1828 ‚

84 1844 161 1904 qui
193 1842 354 1888 dicitur
381 1842 512 1886 etiam
542 1841 656 1885 filius
687 1841 826 1885 David
849 1850 1027 1900 propter
1049 1851 1270 1902 acceptam
1295 1842 1481 1888 formam

84 1914 195 1960 servi
216 1932 267 1957 <x
286 1912 451 1972 virgine
470 1912 607 1958 Maria
625 1913 808 1971 conjuge
827 1912 1007 1971 Joseph?
1023 1914 1149 1957 Nunc
1172 1913 1363 1969 interim,
1382 1915 1482 1974 quia

85 1984 141 2030 de
162 1984 372 2030 Matthaeo
393 1982 534 2029 voluit
557 1982 778 2041 disputare
794 2017 804 2037 ,
831 1997 911 2026 nec
934 1998 957 2025 a
982 1998 1052 2025 me
1076 1992 1192 2027 totus
1215 1985 1413 2029 Matthaei
1433 1985 1482 2028 li-

86 2055 165 2100 ber
182 2055 286 2099 huic
307 2054 496 2098 sermoni
520 2053 650 2097 inseri
672 2061 815 2112 potest
835 2087 845 2107 ,
874 2052 989 2110 legat
1011 2053 1088 2114 qui
1110 2053 1324 2111 voluerit,
1349 2064 1392 2099 et
1413 2056 1481 2099 vi-

87 2127 189 2174 deat
210 2123 587 2187 quemadmodum
608 2125 842 2170 Matthaeus
865 2140 965 2168 eum
983 2159 993 2179 ,
1020 2140 1152 2184 quem
1174 2135 1373 2184 parentes
1391 2127 1480 2187 ejus

88 2205 367 2242 enumeratus
393 2194 500 2240 dicit
528 2194 690 2239 Filium
718 2194 882 2249 David,
913 2195 1131 2239 narrando
1153 2212 1292 2256 usque
1315 2197 1368 2241 ad
1393 2212 1482 2256 pas-

89 2268 254 2313 sionem
272 2266 721 2325 resurrectionemque
745 2265 982 2325 perducat,
1004 2280 1084 2310 nec
1102 2265 1235 2310 alium
1259 2283 1391 2327 quam
1413 2269 1482 2327 ip-

90 2354 188 2385 sum
208 2337 325 2383 dicat
345 2352 370 2381 a
389 2336 558 2396 virgine
580 2336 716 2382 Maria
733 2335 788 2380 de
808 2336 971 2395 Spiritu
993 2346 1141 2382 sancto
1159 2348 1422 2398 conceptum
1441 2348 1484 2383 et

92 2419 259 2455 natum.
299 2408 383 2454 Cui
416 2409 475 2452 rei
510 2406 690 2452 adhibet
726 2417 771 2451 et
806 2408 1104 2451 testimonium
1135 2408 1190 2452 de
1234 2411 1450 2469 Propheta
1472 2429 1482 2454 ε

97 2499 118 2523 «
141 2483 254 2524 Ecce
275 2479 398 2538 virgo
423 2478 602 2538 accipiet
623 2477 669 2520 in
692 2486 816 2522 utero
836 2512 845 2531 ,
874 2488 916 2521 et
938 2478 1073 2537 pariet
1097 2478 1234 2522 filium
1254 2515 1264 2534 ‚
1292 2489 1334 2524 ct
1356 2496 1479 2524 vocae

100 2570 121 2594 »
147 2551 260 2596 bunt
281 2565 443 2595 nomen
463 2550 553 2609 ejus
582 2547 859 2603 Emmanuel,
887 2548 1005 2607 quod
1029 2560 1089 2593 est
1122 2550 1452 2610 interpretati-m
1475 2586 1483 2603 ,

234 2634 418 2663 cxxxvi.
1274 2626 1297 2660 ’ω’
