<?xml version="1.0" encoding="UTF-8"?>
<!DOCTYPE html PUBLIC "-//W3C//DTD XHTML 1.0 Transitional//EN"
    "http://www.w3.org/TR/xhtml1/DTD/xhtml1-transitional.dtd">
<html xmlns="http://www.w3.org/1999/xhtml" xml:lang="en" lang="en">
 <head>
  <title>
</title>
<meta http-equiv="Content-Type" content="text/html;charset=utf-8" />
  <meta name='ocr-system' content='tesseract 3.04.00' />
  <meta name='ocr-capabilities' content='ocr_page ocr_carea ocr_par ocr_line ocrx_word'/>
</head>
<body>
  <div class='ocr_page' id='page_1' title='image "./operaomniaaccura29auguuoft/operaomniaaccura29auguuoft_0354.png"; bbox 0 0 1803 3250; ppageno 0'>
   <div class='ocr_carea' id='block_1_1' title="bbox 308 223 1240 264">
    <p class='ocr_par' dir='ltr' id='par_1_1' title="bbox 308 223 1240 264">
     <span class='ocr_line' id='line_1_1' title="bbox 308 223 1240 264; baseline 0 -3"><span class='ocrx_word' id='word_1_1' title='bbox 308 223 387 262; x_wconf 70' lang='lat'>:34⁴</span> <span class='ocrx_word' id='word_1_2' title='bbox 733 235 762 263; x_wconf 84' lang='lat' dir='ltr'>s.</span> <span class='ocrx_word' id='word_1_3' title='bbox 803 238 1026 264; x_wconf 62' lang='lat' dir='ltr'>Auousvmn</span> <span class='ocrx_word' id='word_1_4' title='bbox 1065 237 1240 264; x_wconf 60' lang='lat' dir='ltr'>Episcopi</span> 
     </span>
    </p>
   </div>
   <div class='ocr_carea' id='block_1_2' title="bbox 307 302 1716 2645">
    <p class='ocr_par' dir='ltr' id='par_1_2' title="bbox 307 302 1716 2645">
     <span class='ocr_line' id='line_1_2' title="bbox 310 302 1700 363; baseline 0.004 -21"><span class='ocrx_word' id='word_1_5' title='bbox 310 321 329 342; x_wconf 68' lang='grc' dir='ltr'>ι»</span> <span class='ocrx_word' id='word_1_6' title='bbox 352 302 558 345; x_wconf 86' lang='lat' dir='ltr'>Domino¹</span> <span class='ocrx_word' id='word_1_7' title='bbox 576 321 586 357; x_wconf 78' lang='lat'><em>3</em></span> <span class='ocrx_word' id='word_1_8' title='bbox 603 320 622 341; x_wconf 73' lang='lat' dir='ltr'>n</span> <span class='ocrx_word' id='word_1_9' title='bbox 639 304 740 362; x_wconf 86' lang='lat' dir='ltr'>quia</span> <span class='ocrx_word' id='word_1_10' title='bbox 759 304 960 363; x_wconf 84' lang='lat' dir='ltr'>spiritalis</span> <span class='ocrx_word' id='word_1_11' title='bbox 982 303 1053 347; x_wconf 73' lang='lat' dir='ltr'>lux</span> <span class='ocrx_word' id='word_1_12' title='bbox 1069 305 1225 347; x_wconf 85' lang='lat' dir='ltr'>mentis</span> <span class='ocrx_word' id='word_1_13' title='bbox 1243 313 1305 347; x_wconf 83' lang='lat' dir='ltr'>est</span> <span class='ocrx_word' id='word_1_14' title='bbox 1320 304 1415 357; x_wconf 83' lang='lat' dir='ltr'>ista,</span> <span class='ocrx_word' id='word_1_15' title='bbox 1435 318 1521 348; x_wconf 91' lang='lat' dir='ltr'>non</span> <span class='ocrx_word' id='word_1_16' title='bbox 1535 305 1700 348; x_wconf 81' lang='lat' dir='ltr'>carnis:</span> 
     </span>
     <span class='ocr_line' id='line_1_3' title="bbox 308 372 1701 435; baseline 0.001 -18"><span class='ocrx_word' id='word_1_17' title='bbox 308 372 435 417; x_wconf 84' lang='lat' dir='ltr'>aliam</span> <span class='ocrx_word' id='word_1_18' title='bbox 458 386 561 416; x_wconf 87' lang='lat' dir='ltr'>vero</span> <span class='ocrx_word' id='word_1_19' title='bbox 584 372 700 417; x_wconf 85' lang='lat' dir='ltr'>illam</span> <span class='ocrx_word' id='word_1_20' title='bbox 724 372 779 417; x_wconf 91' lang='lat' dir='ltr'>de</span> <span class='ocrx_word' id='word_1_21' title='bbox 802 391 886 435; x_wconf 88' lang='lat' dir='ltr'>qua</span> <span class='ocrx_word' id='word_1_22' title='bbox 910 375 1118 434; x_wconf 54' lang='lat' dir='ltr'>scriptum</span> <span class='ocrx_word' id='word_1_23' title='bbox 1138 383 1229 419; x_wconf 81' lang='lat' dir='ltr'>est:</span> <span class='ocrx_word' id='word_1_24' title='bbox 1256 393 1275 416; x_wconf 86' lang='lat'>«</span> <span class='ocrx_word' id='word_1_25' title='bbox 1296 375 1409 418; x_wconf 82' lang='lat' dir='ltr'>Dixit</span> <span class='ocrx_word' id='word_1_26' title='bbox 1431 377 1545 418; x_wconf 85' lang='lat' dir='ltr'>Deus</span> <span class='ocrx_word' id='word_1_27' title='bbox 1571 394 1581 419; x_wconf 90' lang='lat'>:</span> <span class='ocrx_word' id='word_1_28' title='bbox 1602 375 1701 418; x_wconf 78' lang='lat' dir='ltr'>-Fiat</span> 
     </span>
     <span class='ocr_line' id='line_1_4' title="bbox 311 442 1706 507; baseline 0.003 -22"><span class='ocrx_word' id='word_1_29' title='bbox 311 463 331 485; x_wconf 69' lang='lat' dir='ltr'>n</span> <span class='ocrx_word' id='word_1_30' title='bbox 358 443 447 496; x_wconf 79' lang='lat' dir='ltr'>lux,</span> <span class='ocrx_word' id='word_1_31' title='bbox 475 452 518 487; x_wconf 92' lang='lat' dir='ltr'>et</span> <span class='ocrx_word' id='word_1_32' title='bbox 543 442 653 488; x_wconf 80' lang='lat' dir='ltr'>saeta</span> <span class='ocrx_word' id='word_1_33' title='bbox 671 454 734 489; x_wconf 85' lang='lat' dir='ltr'>est</span> <span class='ocrx_word' id='word_1_34' title='bbox 757 444 830 490; x_wconf 80' lang='lat' dir='ltr'>lux</span> <span class='ocrx_word' id='word_1_35' title='bbox 845 450 878 501; x_wconf 79' lang='lat'>²,</span> <span class='ocrx_word' id='word_1_36' title='bbox 904 463 1003 507; x_wconf 81' lang='lat' dir='ltr'>quae</span> <span class='ocrx_word' id='word_1_37' title='bbox 1028 446 1082 490; x_wconf 87' lang='lat' dir='ltr'>ad</span> <span class='ocrx_word' id='word_1_38' title='bbox 1115 444 1264 491; x_wconf 88' lang='lat' dir='ltr'>oculos</span> <span class='ocrx_word' id='word_1_39' title='bbox 1289 445 1477 505; x_wconf 75' lang='lat' dir='ltr'>pertinet</span> <span class='ocrx_word' id='word_1_40' title='bbox 1499 460 1706 506; x_wconf 83' lang='lat' dir='ltr'>corpora·-</span> 
     </span>
     <span class='ocr_line' id='line_1_5' title="bbox 307 515 1699 578; baseline 0.002 -19"><span class='ocrx_word' id='word_1_41' title='bbox 307 515 367 559; x_wconf 80' lang='lat' dir='ltr'>les</span> <span class='ocrx_word' id='word_1_42' title='bbox 388 535 397 560; x_wconf 92' lang='lat'>:</span> <span class='ocrx_word' id='word_1_43' title='bbox 425 515 566 574; x_wconf 87' lang='lat' dir='ltr'>primo</span> <span class='ocrx_word' id='word_1_44' title='bbox 587 517 867 562; x_wconf 84' lang='lat' dir='ltr'>confitebitur</span> <span class='ocrx_word' id='word_1_45' title='bbox 891 535 912 563; x_wconf 92' lang='lat' dir='ltr'>a</span> <span class='ocrx_word' id='word_1_46' title='bbox 933 518 1030 563; x_wconf 83' lang='lat' dir='ltr'>luce</span> <span class='ocrx_word' id='word_1_47' title='bbox 1048 534 1232 572; x_wconf 89' lang='lat' dir='ltr'>summa,</span> <span class='ocrx_word' id='word_1_48' title='bbox 1249 518 1370 578; x_wconf 89' lang='lat' dir='ltr'>quod</span> <span class='ocrx_word' id='word_1_49' title='bbox 1386 527 1450 562; x_wconf 90' lang='lat' dir='ltr'>est</span> <span class='ocrx_word' id='word_1_50' title='bbox 1466 518 1554 578; x_wconf 87' lang='lat' dir='ltr'>ipse</span> <span class='ocrx_word' id='word_1_51' title='bbox 1571 521 1699 573; x_wconf 84' lang='lat' dir='ltr'>Deus,</span> 
     </span>
     <span class='ocr_line' id='line_1_6' title="bbox 307 586 1706 650; baseline 0.003 -21"><span class='ocrx_word' id='word_1_52' title='bbox 307 586 400 630; x_wconf 82' lang='lat' dir='ltr'>fieri</span> <span class='ocrx_word' id='word_1_53' title='bbox 426 588 616 646; x_wconf 86' lang='lat' dir='ltr'>potuisse</span> <span class='ocrx_word' id='word_1_54' title='bbox 638 587 1007 650; x_wconf 77' lang='lat' dir='ltr'>qualemcumque</span> <span class='ocrx_word' id='word_1_55' title='bbox 1038 590 1231 634; x_wconf 77' lang='lat' dir='ltr'>infimam</span> <span class='ocrx_word' id='word_1_56' title='bbox 1255 589 1396 634; x_wconf 82' lang='lat' dir='ltr'>lucem</span> <span class='ocrx_word' id='word_1_57' title='bbox 1412 624 1422 643; x_wconf 86' lang='lat'>,</span> <span class='ocrx_word' id='word_1_58' title='bbox 1452 587 1613 634; x_wconf 86' lang='lat' dir='ltr'>bonam</span> <span class='ocrx_word' id='word_1_59' title='bbox 1637 598 1706 633; x_wconf 88' lang='lat' dir='ltr'>ta-</span> 
     </span>
     <span class='ocr_line' id='line_1_7' title="bbox 311 659 1706 720; baseline 0.003 -19"><span class='ocrx_word' id='word_1_60' title='bbox 311 672 425 701; x_wconf 87' lang='lat' dir='ltr'><strong>men.</strong></span> <span class='ocrx_word' id='word_1_61' title='bbox 456 659 636 713; x_wconf 72' lang='lat' dir='ltr'>Deinde,</span> <span class='ocrx_word' id='word_1_62' title='bbox 664 660 783 703; x_wconf 86' lang='lat' dir='ltr'>unde</span> <span class='ocrx_word' id='word_1_63' title='bbox 805 662 884 705; x_wconf 89' lang='lat' dir='ltr'>scit</span> <span class='ocrx_word' id='word_1_64' title='bbox 904 662 1033 704; x_wconf 85' lang='lat' dir='ltr'>etiam</span> <span class='ocrx_word' id='word_1_65' title='bbox 1056 659 1193 720; x_wconf 85' lang='lat' dir='ltr'>qualis</span> <span class='ocrx_word' id='word_1_66' title='bbox 1230 670 1271 703; x_wconf 84' lang='lat' dir='ltr'>et.</span> <span class='ocrx_word' id='word_1_67' title='bbox 1303 670 1467 720; x_wconf 86' lang='lat' dir='ltr'>quanta</span> <span class='ocrx_word' id='word_1_68' title='bbox 1499 660 1586 704; x_wconf 84' lang='lat' dir='ltr'>sit?</span> <span class='ocrx_word' id='word_1_69' title='bbox 1608 675 1706 720; x_wconf 88' lang='lat' dir='ltr'>pos—</span> 
     </span>
     <span class='ocr_line' id='line_1_8' title="bbox 308 729 1708 791; baseline 0.001 -18"><span class='ocrx_word' id='word_1_70' title='bbox 308 739 448 774; x_wconf 83' lang='lat' dir='ltr'>tremo</span> <span class='ocrx_word' id='word_1_71' title='bbox 472 738 619 774; x_wconf 81' lang='lat' dir='ltr'>utrum</span> <span class='ocrx_word' id='word_1_72' title='bbox 650 731 877 791; x_wconf 82' lang='lat' dir='ltr'>spiritalis,</span> <span class='ocrx_word' id='word_1_73' title='bbox 912 748 966 775; x_wconf 84' lang='lat' dir='ltr'>au</span> <span class='ocrx_word' id='word_1_74' title='bbox 1000 730 1271 790; x_wconf 76' lang='lat' dir='ltr'>corporalis?</span> <span class='ocrx_word' id='word_1_75' title='bbox 1300 731 1388 776; x_wconf 90' lang='lat' dir='ltr'>Nisi</span> <span class='ocrx_word' id='word_1_76' title='bbox 1422 731 1535 775; x_wconf 89' lang='lat' dir='ltr'>forte</span> <span class='ocrx_word' id='word_1_77' title='bbox 1557 729 1708 775; x_wconf 67' lang='lat' dir='ltr'>fideles</span> 
     </span>
     <span class='ocr_line' id='line_1_9' title="bbox 310 802 1707 863; baseline 0.001 -17"><span class='ocrx_word' id='word_1_78' title='bbox 310 802 536 855; x_wconf 82' lang='lat' dir='ltr'>homines,</span> <span class='ocrx_word' id='word_1_79' title='bbox 566 804 641 862; x_wconf 89' lang='lat' dir='ltr'>qui</span> <span class='ocrx_word' id='word_1_80' title='bbox 675 802 871 862; x_wconf 85' lang='lat' dir='ltr'>quandiu</span> <span class='ocrx_word' id='word_1_81' title='bbox 902 811 1000 846; x_wconf 85' lang='lat' dir='ltr'>sunt</span> <span class='ocrx_word' id='word_1_82' title='bbox 1025 803 1068 846; x_wconf 91' lang='lat' dir='ltr'>in</span> <span class='ocrx_word' id='word_1_83' title='bbox 1101 818 1308 862; x_wconf 85' lang='lat' dir='ltr'>corpore,</span> <span class='ocrx_word' id='word_1_84' title='bbox 1334 803 1665 863; x_wconf 82' lang='lat' dir='ltr'>peregrinantur</span> <span class='ocrx_word' id='word_1_85' title='bbox 1685 818 1707 847; x_wconf 87' lang='lat' dir='ltr'>a</span> 
     </span>
     <span class='ocr_line' id='line_1_10' title="bbox 310 873 1708 933; baseline 0.001 -15"><span class='ocrx_word' id='word_1_86' title='bbox 310 874 542 927; x_wconf 83' lang='lat' dir='ltr'>Domino³,</span> <span class='ocrx_word' id='word_1_87' title='bbox 571 883 748 932; x_wconf 83' lang='lat' dir='ltr'>possunt</span> <span class='ocrx_word' id='word_1_88' title='bbox 769 875 857 933; x_wconf 85' lang='lat' dir='ltr'>jam</span> <span class='ocrx_word' id='word_1_89' title='bbox 885 874 1040 918; x_wconf 88' lang='lat' dir='ltr'>merito</span> <span class='ocrx_word' id='word_1_90' title='bbox 1064 874 1196 933; x_wconf 86' lang='lat' dir='ltr'>ipsius</span> <span class='ocrx_word' id='word_1_91' title='bbox 1220 873 1320 918; x_wconf 79' lang='lat' dir='ltr'>{idei</span> <span class='ocrx_word' id='word_1_92' title='bbox 1356 874 1426 918; x_wconf 78' lang='lat' dir='ltr'>lux</span> <span class='ocrx_word' id='word_1_93' title='bbox 1456 875 1628 929; x_wconf 87' lang='lat' dir='ltr'>vocari,</span> <span class='ocrx_word' id='word_1_94' title='bbox 1665 884 1708 919; x_wconf 93' lang='lat' dir='ltr'>et</span> 
     </span>
     <span class='ocr_line' id='line_1_11' title="bbox 311 944 1710 1006; baseline 0 -16"><span class='ocrx_word' id='word_1_95' title='bbox 311 944 465 1003; x_wconf 82' lang='lat' dir='ltr'>Angeli</span> <span class='ocrx_word' id='word_1_96' title='bbox 498 961 584 988; x_wconf 89' lang='lat' dir='ltr'>non</span> <span class='ocrx_word' id='word_1_97' title='bbox 618 954 826 1004; x_wconf 81' lang='lat' dir='ltr'>possunt,</span> <span class='ocrx_word' id='word_1_98' title='bbox 861 946 935 1006; x_wconf 92' lang='lat' dir='ltr'>qui</span> <span class='ocrx_word' id='word_1_99' title='bbox 967 961 1135 1005; x_wconf 85' lang='lat' dir='ltr'>semper</span> <span class='ocrx_word' id='word_1_100' title='bbox 1169 945 1321 990; x_wconf 89' lang='lat' dir='ltr'>vident</span> <span class='ocrx_word' id='word_1_101' title='bbox 1360 945 1510 990; x_wconf 83' lang='lat' dir='ltr'>faciem</span> <span class='ocrx_word' id='word_1_102' title='bbox 1544 946 1710 991; x_wconf 82' lang='lat' dir='ltr'>Patris?</span> 
     </span>
     <span class='ocr_line' id='line_1_12' title="bbox 312 1015 1711 1076; baseline 0 -16"><span class='ocrx_word' id='word_1_103' title='bbox 312 1015 436 1060; x_wconf 86' lang='lat' dir='ltr'>Unde</span> <span class='ocrx_word' id='word_1_104' title='bbox 458 1030 562 1074; x_wconf 85' lang='lat' dir='ltr'>ergo</span> <span class='ocrx_word' id='word_1_105' title='bbox 588 1017 689 1071; x_wconf 87' lang='lat' dir='ltr'>scit,</span> <span class='ocrx_word' id='word_1_106' title='bbox 714 1026 863 1060; x_wconf 83' lang='lat' dir='ltr'>utrum</span> <span class='ocrx_word' id='word_1_107' title='bbox 893 1015 989 1061; x_wconf 86' lang='lat' dir='ltr'>talis</span> <span class='ocrx_word' id='word_1_108' title='bbox 1014 1016 1089 1061; x_wconf 78' lang='lat' dir='ltr'>lux</span> <span class='ocrx_word' id='word_1_109' title='bbox 1114 1017 1313 1076; x_wconf 87' lang='lat' dir='ltr'>primitus</span> <span class='ocrx_word' id='word_1_110' title='bbox 1339 1015 1447 1061; x_wconf 74' lang='lat' dir='ltr'>facta</span> <span class='ocrx_word' id='word_1_111' title='bbox 1471 1018 1561 1062; x_wconf 77' lang='lat' dir='ltr'>sit?</span> <span class='ocrx_word' id='word_1_112' title='bbox 1584 1015 1711 1062; x_wconf 86' lang='lat' dir='ltr'>Unde</span> 
     </span>
     <span class='ocr_line' id='line_1_13' title="bbox 309 1087 1713 1147; baseline 0 -17"><span class='ocrx_word' id='word_1_113' title='bbox 309 1087 388 1130; x_wconf 85' lang='lat' dir='ltr'>scit</span> <span class='ocrx_word' id='word_1_114' title='bbox 404 1122 414 1140; x_wconf 91' lang='lat'>,</span> <span class='ocrx_word' id='word_1_115' title='bbox 436 1087 660 1146; x_wconf 84' lang='lat' dir='ltr'>quomodo</span> <span class='ocrx_word' id='word_1_116' title='bbox 681 1087 725 1131; x_wconf 87' lang='lat' dir='ltr'>in</span> <span class='ocrx_word' id='word_1_117' title='bbox 745 1087 815 1132; x_wconf 80' lang='lat' dir='ltr'>illa</span> <span class='ocrx_word' id='word_1_118' title='bbox 832 1087 930 1132; x_wconf 85' lang='lat' dir='ltr'>luce</span> <span class='ocrx_word' id='word_1_119' title='bbox 944 1103 1121 1147; x_wconf 88' lang='lat' dir='ltr'>vespere</span> <span class='ocrx_word' id='word_1_120' title='bbox 1139 1097 1182 1132; x_wconf 90' lang='lat' dir='ltr'>et</span> <span class='ocrx_word' id='word_1_121' title='bbox 1207 1103 1334 1131; x_wconf 87' lang='lat' dir='ltr'>mane</span> <span class='ocrx_word' id='word_1_122' title='bbox 1352 1087 1713 1147; x_wconf 78' lang='lat' dir='ltr'>possitintelligi?</span> 
     </span>
     <span class='ocr_line' id='line_1_14' title="bbox 309 1157 1709 1220; baseline 0.001 -19"><span class='ocrx_word' id='word_1_123' title='bbox 309 1157 544 1211; x_wconf 85' lang='lat' dir='ltr'>Quomodo</span> <span class='ocrx_word' id='word_1_124' title='bbox 566 1157 757 1220; x_wconf 85' lang='lat' dir='ltr'>denique</span> <span class='ocrx_word' id='word_1_125' title='bbox 780 1160 947 1203; x_wconf 78' lang='lat' dir='ltr'>senario</span> <span class='ocrx_word' id='word_1_126' title='bbox 972 1174 1156 1202; x_wconf 81' lang='lat' dir='ltr'>numero</span> <span class='ocrx_word' id='word_1_127' title='bbox 1181 1168 1440 1217; x_wconf 74' lang='lat' dir='ltr'>praesentata</span> <span class='ocrx_word' id='word_1_128' title='bbox 1462 1157 1594 1203; x_wconf 86' lang='lat' dir='ltr'>fuerit</span> <span class='ocrx_word' id='word_1_129' title='bbox 1612 1175 1709 1219; x_wconf 88' lang='lat' dir='ltr'>ope-</span> 
     </span>
     <span class='ocr_line' id='line_1_15' title="bbox 312 1228 1712 1289; baseline 0.001 -17"><span class='ocrx_word' id='word_1_130' title='bbox 312 1229 433 1273; x_wconf 82' lang='lat' dir='ltr'>ribus</span> <span class='ocrx_word' id='word_1_131' title='bbox 460 1231 560 1283; x_wconf 84' lang='lat' dir='ltr'>Dei,</span> <span class='ocrx_word' id='word_1_132' title='bbox 581 1238 625 1273; x_wconf 85' lang='lat' dir='ltr'>et</span> <span class='ocrx_word' id='word_1_133' title='bbox 641 1229 686 1273; x_wconf 90' lang='lat' dir='ltr'>in</span> <span class='ocrx_word' id='word_1_134' title='bbox 705 1245 751 1273; x_wconf 85' lang='lat' dir='ltr'>ea</span> <span class='ocrx_word' id='word_1_135' title='bbox 778 1230 958 1289; x_wconf 86' lang='lat' dir='ltr'>septima</span> <span class='ocrx_word' id='word_1_136' title='bbox 981 1230 1243 1289; x_wconf 81' lang='lat' dir='ltr'>requieverit</span> <span class='ocrx_word' id='word_1_137' title='bbox 1265 1232 1390 1282; x_wconf 82' lang='lat' dir='ltr'>Deus,</span> <span class='ocrx_word' id='word_1_138' title='bbox 1408 1228 1526 1273; x_wconf 88' lang='lat' dir='ltr'>unde</span> <span class='ocrx_word' id='word_1_139' title='bbox 1540 1230 1594 1273; x_wconf 88' lang='lat' dir='ltr'>ad</span> <span class='ocrx_word' id='word_1_140' title='bbox 1610 1230 1712 1274; x_wconf 86' lang='lat' dir='ltr'>istos</span> 
     </span>
     <span class='ocr_line' id='line_1_16' title="bbox 312 1300 1715 1362; baseline 0.001 -17"><span class='ocrx_word' id='word_1_141' title='bbox 312 1300 404 1345; x_wconf 84' lang='lat' dir='ltr'>dies</span> <span class='ocrx_word' id='word_1_142' title='bbox 424 1302 550 1345; x_wconf 90' lang='lat' dir='ltr'>nobis</span> <span class='ocrx_word' id='word_1_143' title='bbox 573 1302 819 1346; x_wconf 85' lang='lat' dir='ltr'>notissimos</span> <span class='ocrx_word' id='word_1_144' title='bbox 837 1338 846 1356; x_wconf 85' lang='lat'>,</span> <span class='ocrx_word' id='word_1_145' title='bbox 863 1302 938 1360; x_wconf 85' lang='lat' dir='ltr'>qui</span> <span class='ocrx_word' id='word_1_146' title='bbox 962 1300 1062 1345; x_wconf 89' lang='lat' dir='ltr'>solis</span> <span class='ocrx_word' id='word_1_147' title='bbox 1088 1301 1272 1345; x_wconf 80' lang='lat' dir='ltr'>circuitu</span> <span class='ocrx_word' id='word_1_148' title='bbox 1296 1300 1599 1356; x_wconf 80' lang='lat' dir='ltr'>revolvuntur,</span> <span class='ocrx_word' id='word_1_149' title='bbox 1617 1316 1715 1362; x_wconf 78' lang='lat' dir='ltr'>sep-</span> 
     </span>
     <span class='ocr_line' id='line_1_17' title="bbox 315 1371 1711 1432; baseline 0 -15"><span class='ocrx_word' id='word_1_150' title='bbox 315 1373 466 1417; x_wconf 86' lang='lat' dir='ltr'>tenarii</span> <span class='ocrx_word' id='word_1_151' title='bbox 491 1373 621 1432; x_wconf 87' lang='lat' dir='ltr'>ipsius</span> <span class='ocrx_word' id='word_1_152' title='bbox 645 1373 1040 1432; x_wconf 82' lang='lat' dir='ltr'>numeriquaedam</span> <span class='ocrx_word' id='word_1_153' title='bbox 1061 1371 1197 1416; x_wconf 87' lang='lat' dir='ltr'>forma</span> <span class='ocrx_word' id='word_1_154' title='bbox 1224 1372 1431 1416; x_wconf 83' lang='lat' dir='ltr'>translata</span> <span class='ocrx_word' id='word_1_155' title='bbox 1455 1374 1548 1416; x_wconf 78' lang='lat' dir='ltr'>est?</span> <span class='ocrx_word' id='word_1_156' title='bbox 1568 1373 1652 1418; x_wconf 85' lang='lat' dir='ltr'>Sed</span> <span class='ocrx_word' id='word_1_157' title='bbox 1669 1384 1711 1417; x_wconf 87' lang='lat' dir='ltr'>et</span> 
     </span>
     <span class='ocr_line' id='line_1_18' title="bbox 312 1442 1710 1503; baseline 0.001 -16"><span class='ocrx_word' id='word_1_158' title='bbox 312 1444 343 1488; x_wconf 90' lang='lat' dir='ltr'>si</span> <span class='ocrx_word' id='word_1_159' title='bbox 369 1443 439 1487; x_wconf 76' lang='lat' dir='ltr'>lux</span> <span class='ocrx_word' id='word_1_160' title='bbox 464 1443 575 1488; x_wconf 86' lang='lat' dir='ltr'>facta</span> <span class='ocrx_word' id='word_1_161' title='bbox 599 1454 661 1487; x_wconf 89' lang='lat' dir='ltr'>est</span> <span class='ocrx_word' id='word_1_162' title='bbox 684 1443 941 1503; x_wconf 82' lang='lat' dir='ltr'>corporalis,</span> <span class='ocrx_word' id='word_1_163' title='bbox 967 1442 1086 1486; x_wconf 88' lang='lat' dir='ltr'>unde</span> <span class='ocrx_word' id='word_1_164' title='bbox 1114 1444 1233 1486; x_wconf 86' lang='lat' dir='ltr'>novit</span> <span class='ocrx_word' id='word_1_165' title='bbox 1259 1442 1485 1503; x_wconf 88' lang='lat' dir='ltr'>quomodo</span> <span class='ocrx_word' id='word_1_166' title='bbox 1516 1458 1607 1488; x_wconf 84' lang='lat' dir='ltr'>esse</span> <span class='ocrx_word' id='word_1_167' title='bbox 1631 1459 1710 1503; x_wconf 89' lang='lat' dir='ltr'>po-</span> 
     </span>
     <span class='ocr_line' id='line_1_19' title="bbox 313 1515 1710 1576; baseline 0.001 -17"><span class='ocrx_word' id='word_1_168' title='bbox 313 1516 447 1560; x_wconf 90' lang='lat' dir='ltr'>tuerit</span> <span class='ocrx_word' id='word_1_169' title='bbox 478 1526 578 1559; x_wconf 83' lang='lat' dir='ltr'>ante</span> <span class='ocrx_word' id='word_1_170' title='bbox 613 1516 747 1559; x_wconf 87' lang='lat' dir='ltr'>solem</span> <span class='ocrx_word' id='word_1_171' title='bbox 777 1526 820 1559; x_wconf 80' lang='lat' dir='ltr'>ct</span> <span class='ocrx_word' id='word_1_172' title='bbox 859 1524 960 1559; x_wconf 83' lang='lat' dir='ltr'>ante</span> <span class='ocrx_word' id='word_1_173' title='bbox 996 1515 1351 1570; x_wconf 84' lang='lat' dir='ltr'>firmamentum,</span> <span class='ocrx_word' id='word_1_174' title='bbox 1390 1515 1512 1576; x_wconf 86' lang='lat' dir='ltr'>quod</span> <span class='ocrx_word' id='word_1_175' title='bbox 1546 1515 1710 1561; x_wconf 87' lang='lat' dir='ltr'>eoelum</span> 
     </span>
     <span class='ocr_line' id='line_1_20' title="bbox 311 1586 1712 1646; baseline 0.001 -15"><span class='ocrx_word' id='word_1_176' title='bbox 311 1596 458 1646; x_wconf 83' lang='lat' dir='ltr'>postea</span> <span class='ocrx_word' id='word_1_177' title='bbox 480 1596 782 1646; x_wconf 86' lang='lat' dir='ltr'>nuncupatum</span> <span class='ocrx_word' id='word_1_178' title='bbox 803 1595 882 1640; x_wconf 87' lang='lat' dir='ltr'>est,</span> <span class='ocrx_word' id='word_1_179' title='bbox 909 1596 1071 1630; x_wconf 83' lang='lat' dir='ltr'>remota</span> <span class='ocrx_word' id='word_1_180' title='bbox 1089 1586 1143 1630; x_wconf 91' lang='lat' dir='ltr'>ab</span> <span class='ocrx_word' id='word_1_181' title='bbox 1161 1586 1408 1645; x_wconf 78' lang='lat' dir='ltr'>aspectibus</span> <span class='ocrx_word' id='word_1_182' title='bbox 1433 1597 1712 1632; x_wconf 84' lang='lat' dir='ltr'>terrenorum</span> 
     </span>
     <span class='ocr_line' id='line_1_21' title="bbox 312 1656 1708 1716; baseline 0 -15"><span class='ocrx_word' id='word_1_183' title='bbox 312 1658 352 1701; x_wconf 90' lang='lat' dir='ltr'>in</span> <span class='ocrx_word' id='word_1_184' title='bbox 379 1657 674 1716; x_wconf 82' lang='lat' dir='ltr'>superioribus</span> <span class='ocrx_word' id='word_1_185' title='bbox 698 1657 895 1716; x_wconf 83' lang='lat' dir='ltr'>partibus</span> <span class='ocrx_word' id='word_1_186' title='bbox 920 1656 1100 1710; x_wconf 85' lang='lat' dir='ltr'>mundi,</span> <span class='ocrx_word' id='word_1_187' title='bbox 1126 1666 1176 1700; x_wconf 90' lang='lat' dir='ltr'>ut</span> <span class='ocrx_word' id='word_1_188' title='bbox 1194 1656 1310 1701; x_wconf 83' lang='lat' dir='ltr'>solus</span> <span class='ocrx_word' id='word_1_189' title='bbox 1330 1660 1442 1701; x_wconf 85' lang='lat' dir='ltr'>Deus</span> <span class='ocrx_word' id='word_1_190' title='bbox 1460 1656 1708 1702; x_wconf 83' lang='lat' dir='ltr'>interillam</span> 
     </span>
     <span class='ocr_line' id='line_1_22' title="bbox 313 1728 1709 1791; baseline 0.001 -18"><span class='ocrx_word' id='word_1_191' title='bbox 313 1730 604 1788; x_wconf 81' lang='lat' dir='ltr'>tenebrasque</span> <span class='ocrx_word' id='word_1_192' title='bbox 626 1728 876 1773; x_wconf 80' lang='lat' dir='ltr'>divideret?</span> <span class='ocrx_word' id='word_1_193' title='bbox 897 1731 1006 1773; x_wconf 91' lang='lat' dir='ltr'>Nam</span> <span class='ocrx_word' id='word_1_194' title='bbox 1030 1729 1143 1772; x_wconf 91' lang='lat' dir='ltr'>inter</span> <span class='ocrx_word' id='word_1_195' title='bbox 1165 1729 1264 1773; x_wconf 86' lang='lat' dir='ltr'>istas</span> <span class='ocrx_word' id='word_1_196' title='bbox 1287 1730 1487 1774; x_wconf 81' lang='lat' dir='ltr'>tenebras</span> <span class='ocrx_word' id='word_1_197' title='bbox 1504 1745 1605 1791; x_wconf 81' lang='lat' dir='ltr'>quoe</span> <span class='ocrx_word' id='word_1_198' title='bbox 1629 1745 1709 1774; x_wconf 86' lang='lat' dir='ltr'>no-</span> 
     </span>
     <span class='ocr_line' id='line_1_23' title="bbox 315 1799 1713 1861; baseline 0.001 -17"><span class='ocrx_word' id='word_1_199' title='bbox 315 1801 379 1844; x_wconf 89' lang='lat' dir='ltr'>bis</span> <span class='ocrx_word' id='word_1_200' title='bbox 402 1800 568 1845; x_wconf 87' lang='lat' dir='ltr'>faciunt</span> <span class='ocrx_word' id='word_1_201' title='bbox 590 1800 858 1844; x_wconf 80' lang='lat' dir='ltr'>notissimam</span> <span class='ocrx_word' id='word_1_202' title='bbox 879 1809 1071 1856; x_wconf 88' lang='lat' dir='ltr'>noctem,</span> <span class='ocrx_word' id='word_1_203' title='bbox 1096 1810 1140 1844; x_wconf 90' lang='lat' dir='ltr'>et</span> <span class='ocrx_word' id='word_1_204' title='bbox 1163 1800 1306 1844; x_wconf 83' lang='lat' dir='ltr'>lucem</span> <span class='ocrx_word' id='word_1_205' title='bbox 1333 1816 1432 1861; x_wconf 82' lang='lat' dir='ltr'>quae</span> <span class='ocrx_word' id='word_1_206' title='bbox 1456 1801 1583 1845; x_wconf 91' lang='lat' dir='ltr'>uobis</span> <span class='ocrx_word' id='word_1_207' title='bbox 1611 1799 1713 1847; x_wconf 79' lang='lat' dir='ltr'>facit</span> 
     </span>
     <span class='ocr_line' id='line_1_24' title="bbox 312 1870 1710 1929; baseline 0 -13"><span class='ocrx_word' id='word_1_208' title='bbox 312 1872 584 1916; x_wconf 87' lang='lat' dir='ltr'>notissimum</span> <span class='ocrx_word' id='word_1_209' title='bbox 607 1872 740 1927; x_wconf 84' lang='lat' dir='ltr'>diem,</span> <span class='ocrx_word' id='word_1_210' title='bbox 762 1871 993 1915; x_wconf 87' lang='lat' dir='ltr'>luminaria</span> <span class='ocrx_word' id='word_1_211' title='bbox 1013 1870 1137 1915; x_wconf 89' lang='lat' dir='ltr'>nobis</span> <span class='ocrx_word' id='word_1_212' title='bbox 1154 1871 1357 1927; x_wconf 80' lang='lat' dir='ltr'>visibilia,</span> <span class='ocrx_word' id='word_1_213' title='bbox 1378 1880 1429 1916; x_wconf 88' lang='lat' dir='ltr'>ut</span> <span class='ocrx_word' id='word_1_214' title='bbox 1445 1870 1710 1929; x_wconf 83' lang='lat' dir='ltr'>dividerent,</span> 
     </span>
     <span class='ocr_line' id='line_1_25' title="bbox 312 1941 1714 2002; baseline 0.001 -15"><span class='ocrx_word' id='word_1_215' title='bbox 312 1943 558 2002; x_wconf 88' lang='lat' dir='ltr'>imperavit.</span> <span class='ocrx_word' id='word_1_216' title='bbox 584 1943 689 1996; x_wconf 88' lang='lat' dir='ltr'>Quis</span> <span class='ocrx_word' id='word_1_217' title='bbox 708 1952 851 1986; x_wconf 85' lang='lat' dir='ltr'>autem</span> <span class='ocrx_word' id='word_1_218' title='bbox 877 1942 1015 1997; x_wconf 85' lang='lat' dir='ltr'>ferat,</span> <span class='ocrx_word' id='word_1_219' title='bbox 1049 1941 1248 2002; x_wconf 84' lang='lat' dir='ltr'>quamvis</span> <span class='ocrx_word' id='word_1_220' title='bbox 1282 1958 1369 1986; x_wconf 88' lang='lat' dir='ltr'>non</span> <span class='ocrx_word' id='word_1_221' title='bbox 1405 1942 1458 1986; x_wconf 88' lang='lat' dir='ltr'>sit</span> <span class='ocrx_word' id='word_1_222' title='bbox 1481 1943 1714 2002; x_wconf 85' lang='lat' dir='ltr'>indignan-</span> 
     </span>
     <span class='ocr_line' id='line_1_26' title="bbox 312 2012 1712 2075; baseline 0.001 -17"><span class='ocrx_word' id='word_1_223' title='bbox 312 2013 420 2057; x_wconf 91' lang='lat' dir='ltr'>dum</span> <span class='ocrx_word' id='word_1_224' title='bbox 443 2014 586 2073; x_wconf 91' lang='lat' dir='ltr'>potius</span> <span class='ocrx_word' id='word_1_225' title='bbox 607 2028 739 2074; x_wconf 86' lang='lat' dir='ltr'>quam</span> <span class='ocrx_word' id='word_1_226' title='bbox 763 2012 997 2057; x_wconf 86' lang='lat' dir='ltr'>ridendum</span> <span class='ocrx_word' id='word_1_227' title='bbox 1014 2047 1025 2067; x_wconf 93' lang='lat'>,</span> <span class='ocrx_word' id='word_1_228' title='bbox 1061 2012 1253 2057; x_wconf 84' lang='lat' dir='ltr'>indicare</span> <span class='ocrx_word' id='word_1_229' title='bbox 1276 2014 1407 2057; x_wconf 87' lang='lat' dir='ltr'>istum</span> <span class='ocrx_word' id='word_1_230' title='bbox 1440 2014 1568 2059; x_wconf 89' lang='lat' dir='ltr'>nobis</span> <span class='ocrx_word' id='word_1_231' title='bbox 1589 2016 1712 2075; x_wconf 88' lang='lat' dir='ltr'>quod</span> 
     </span>
     <span class='ocr_line' id='line_1_27' title="bbox 314 2084 1714 2147; baseline 0.001 -17"><span class='ocrx_word' id='word_1_232' title='bbox 314 2085 430 2130; x_wconf 90' lang='lat' dir='ltr'>diem</span> <span class='ocrx_word' id='word_1_233' title='bbox 462 2086 582 2130; x_wconf 84' lang='lat' dir='ltr'>horae</span> <span class='ocrx_word' id='word_1_234' title='bbox 614 2085 864 2143; x_wconf 82' lang='lat' dir='ltr'>designent,</span> <span class='ocrx_word' id='word_1_235' title='bbox 903 2085 1029 2129; x_wconf 83' lang='lat' dir='ltr'>horas</span> <span class='ocrx_word' id='word_1_236' title='bbox 1065 2093 1212 2129; x_wconf 86' lang='lat' dir='ltr'>autem</span> <span class='ocrx_word' id='word_1_237' title='bbox 1241 2084 1305 2129; x_wconf 90' lang='lat' dir='ltr'>sol</span> <span class='ocrx_word' id='word_1_238' title='bbox 1340 2085 1559 2130; x_wconf 86' lang='lat' dir='ltr'>discernat</span> <span class='ocrx_word' id='word_1_239' title='bbox 1580 2095 1714 2147; x_wconf 87' lang='lat' dir='ltr'>atque</span> 
     </span>
     <span class='ocr_line' id='line_1_28' title="bbox 312 2155 1707 2216; baseline 0.001 -15"><span class='ocrx_word' id='word_1_240' title='bbox 312 2156 605 2213; x_wconf 81' lang='lat' dir='ltr'>disterminet,</span> <span class='ocrx_word' id='word_1_241' title='bbox 638 2166 681 2201; x_wconf 90' lang='lat' dir='ltr'>et</span> <span class='ocrx_word' id='word_1_242' title='bbox 712 2156 823 2201; x_wconf 90' lang='lat' dir='ltr'>velle</span> <span class='ocrx_word' id='word_1_243' title='bbox 846 2165 895 2200; x_wconf 89' lang='lat' dir='ltr'>ut</span> <span class='ocrx_word' id='word_1_244' title='bbox 916 2155 1142 2200; x_wconf 84' lang='lat' dir='ltr'>credamus</span> <span class='ocrx_word' id='word_1_245' title='bbox 1166 2157 1286 2216; x_wconf 85' lang='lat' dir='ltr'>quod</span> <span class='ocrx_word' id='word_1_246' title='bbox 1308 2158 1480 2214; x_wconf 87' lang='lat' dir='ltr'>Moyses</span> <span class='ocrx_word' id='word_1_247' title='bbox 1501 2157 1580 2202; x_wconf 86' lang='lat' dir='ltr'>ista</span> <span class='ocrx_word' id='word_1_248' title='bbox 1607 2172 1707 2202; x_wconf 91' lang='lat' dir='ltr'>ues-</span> 
     </span>
     <span class='ocr_line' id='line_1_29' title="bbox 316 2227 1715 2288; baseline 0.001 -16"><span class='ocrx_word' id='word_1_249' title='bbox 316 2228 460 2283; x_wconf 84' lang='lat' dir='ltr'>cierit,</span> <span class='ocrx_word' id='word_1_250' title='bbox 485 2237 528 2272; x_wconf 90' lang='lat' dir='ltr'>et</span> <span class='ocrx_word' id='word_1_251' title='bbox 548 2228 647 2273; x_wconf 86' lang='lat' dir='ltr'>ideo</span> <span class='ocrx_word' id='word_1_252' title='bbox 669 2227 786 2272; x_wconf 86' lang='lat' dir='ltr'>diem</span> <span class='ocrx_word' id='word_1_253' title='bbox 804 2236 1038 2288; x_wconf 83' lang='lat' dir='ltr'>antequam</span> <span class='ocrx_word' id='word_1_254' title='bbox 1061 2227 1124 2271; x_wconf 89' lang='lat' dir='ltr'>sol</span> <span class='ocrx_word' id='word_1_255' title='bbox 1142 2227 1265 2272; x_wconf 83' lang='lat' dir='ltr'>fieret</span> <span class='ocrx_word' id='word_1_256' title='bbox 1287 2228 1609 2273; x_wconf 80' lang='lat' dir='ltr'>nominaverit?</span> <span class='ocrx_word' id='word_1_257' title='bbox 1629 2228 1715 2274; x_wconf 87' lang='lat' dir='ltr'>Sed</span> 
     </span>
     <span class='ocr_line' id='line_1_30' title="bbox 317 2298 1715 2360; baseline 0 -15"><span class='ocrx_word' id='word_1_258' title='bbox 317 2300 581 2345; x_wconf 82' lang='lat' dir='ltr'>conveniant</span> <span class='ocrx_word' id='word_1_259' title='bbox 603 2300 802 2345; x_wconf 87' lang='lat' dir='ltr'>homines</span> <span class='ocrx_word' id='word_1_260' title='bbox 818 2299 872 2343; x_wconf 83' lang='lat' dir='ltr'>ad</span> <span class='ocrx_word' id='word_1_261' title='bbox 891 2298 1053 2343; x_wconf 86' lang='lat' dir='ltr'>librum</span> <span class='ocrx_word' id='word_1_262' title='bbox 1074 2299 1194 2343; x_wconf 84' lang='lat' dir='ltr'>istius</span> <span class='ocrx_word' id='word_1_263' title='bbox 1217 2298 1485 2343; x_wconf 88' lang='lat' dir='ltr'>audiendum</span> <span class='ocrx_word' id='word_1_264' title='bbox 1504 2335 1516 2354; x_wconf 87' lang='lat'>‚</span> <span class='ocrx_word' id='word_1_265' title='bbox 1546 2309 1589 2344; x_wconf 90' lang='lat' dir='ltr'>et</span> <span class='ocrx_word' id='word_1_266' title='bbox 1612 2316 1715 2360; x_wconf 85' lang='lat' dir='ltr'>pro-</span> 
     </span>
     <span class='ocr_line' id='line_1_31' title="bbox 319 2370 1714 2433; baseline 0.001 -17"><span class='ocrx_word' id='word_1_267' title='bbox 319 2381 508 2433; x_wconf 85' lang='lat' dir='ltr'>ponatur</span> <span class='ocrx_word' id='word_1_268' title='bbox 550 2373 609 2417; x_wconf 89' lang='lat' dir='ltr'>eis</span> <span class='ocrx_word' id='word_1_269' title='bbox 648 2372 755 2433; x_wconf 83' lang='lat' dir='ltr'>quid</span> <span class='ocrx_word' id='word_1_270' title='bbox 788 2373 841 2417; x_wconf 91' lang='lat' dir='ltr'>sit</span> <span class='ocrx_word' id='word_1_271' title='bbox 875 2370 1148 2427; x_wconf 80' lang='lat' dir='ltr'>credibilius,</span> <span class='ocrx_word' id='word_1_272' title='bbox 1189 2380 1339 2415; x_wconf 90' lang='lat' dir='ltr'>utrum</span> <span class='ocrx_word' id='word_1_273' title='bbox 1376 2371 1508 2416; x_wconf 88' lang='lat' dir='ltr'>istum</span> <span class='ocrx_word' id='word_1_274' title='bbox 1547 2373 1714 2417; x_wconf 87' lang='lat' dir='ltr'>nescire</span> 
     </span>
     <span class='ocr_line' id='line_1_32' title="bbox 319 2434 1716 2506; baseline 0.001 -18"><span class='ocrx_word' id='word_1_275' title='bbox 319 2443 557 2505; x_wconf 83' lang='lat' dir='ltr'>quamdam</span> <span class='ocrx_word' id='word_1_276' title='bbox 570 2444 710 2489; x_wconf 91' lang='lat' dir='ltr'>lucem</span> <span class='ocrx_word' id='word_1_277' title='bbox 727 2453 770 2490; x_wconf 90' lang='lat' dir='ltr'>et</span> <span class='ocrx_word' id='word_1_278' title='bbox 786 2434 1020 2506; x_wconf 83' lang='lat' dir='ltr'>quemdam</span> <span class='ocrx_word' id='word_1_279' title='bbox 1043 2442 1175 2499; x_wconf 88' lang='lat' dir='ltr'>diem,</span> <span class='ocrx_word' id='word_1_280' title='bbox 1196 2458 1327 2504; x_wconf 90' lang='lat' dir='ltr'>quem</span> <span class='ocrx_word' id='word_1_281' title='bbox 1346 2443 1509 2488; x_wconf 86' lang='lat' dir='ltr'>sciebat</span> <span class='ocrx_word' id='word_1_282' title='bbox 1522 2446 1716 2502; x_wconf 68' lang='lat' dir='ltr'>Moyses,</span> 
     </span>
     <span class='ocr_line' id='line_1_33' title="bbox 324 2508 1712 2577; baseline 0.001 -16"><span class='ocrx_word' id='word_1_283' title='bbox 324 2532 380 2562; x_wconf 89' lang='lat' dir='ltr'>an</span> <span class='ocrx_word' id='word_1_284' title='bbox 407 2520 589 2575; x_wconf 81' lang='lat' dir='ltr'>Moysen</span> <span class='ocrx_word' id='word_1_285' title='bbox 630 2518 812 2562; x_wconf 85' lang='lat' dir='ltr'>nescisse</span> <span class='ocrx_word' id='word_1_286' title='bbox 845 2508 972 2562; x_wconf 83' lang='lat' dir='ltr'>istam</span> <span class='ocrx_word' id='word_1_287' title='bbox 1005 2516 1148 2561; x_wconf 90' lang='lat' dir='ltr'>lucem</span> <span class='ocrx_word' id='word_1_288' title='bbox 1185 2531 1235 2560; x_wconf 88' lang='lat' dir='ltr'>ae</span> <span class='ocrx_word' id='word_1_289' title='bbox 1269 2515 1414 2572; x_wconf 80' lang='lat' dir='ltr'>diem,</span> <span class='ocrx_word' id='word_1_290' title='bbox 1454 2531 1584 2577; x_wconf 89' lang='lat' dir='ltr'>quem</span> <span class='ocrx_word' id='word_1_291' title='bbox 1621 2531 1712 2563; x_wconf 87' lang='lat' dir='ltr'>non</span> 
     </span>
     <span class='ocr_line' id='line_1_34' title="bbox 375 2602 1509 2645; baseline 0.003 -10"><span class='ocrx_word' id='word_1_292' title='bbox 375 2612 378 2624; x_wconf 70' lang='grc'><em>’</em></span> <span class='ocrx_word' id='word_1_293' title='bbox 404 2603 516 2645; x_wconf 62' lang='grc' dir='ltr'>Ερὴοε.</span> <span class='ocrx_word' id='word_1_294' title='bbox 536 2615 568 2636; x_wconf 86' lang='lat' dir='ltr'>v.</span> <span class='ocrx_word' id='word_1_295' title='bbox 598 2604 627 2636; x_wconf 88' lang='grc'>8.</span> <span class='ocrx_word' id='word_1_296' title='bbox 646 2622 685 2628; x_wconf 73' lang='lat'>—-</span> <span class='ocrx_word' id='word_1_297' title='bbox 702 2612 714 2626; x_wconf 92' lang='lat'>²</span> <span class='ocrx_word' id='word_1_298' title='bbox 733 2606 811 2638; x_wconf 70' lang='lat' dir='ltr'>Gen,</span> <span class='ocrx_word' id='word_1_299' title='bbox 835 2618 857 2640; x_wconf 78' lang='grc' dir='ltr'>ι,</span> <span class='ocrx_word' id='word_1_300' title='bbox 878 2605 909 2635; x_wconf 73' lang='grc'>3.</span> <span class='ocrx_word' id='word_1_301' title='bbox 926 2622 967 2629; x_wconf 85' lang='lat'>·—-</span> <span class='ocrx_word' id='word_1_302' title='bbox 985 2603 998 2627; x_wconf 72' lang='lat'>3</span> <span class='ocrx_word' id='word_1_303' title='bbox 1019 2614 1037 2638; x_wconf 80' lang='lat'><strong>2</strong></span> <span class='ocrx_word' id='word_1_304' title='bbox 1055 2607 1127 2637; x_wconf 80' lang='lat' dir='ltr'>Cor.</span> <span class='ocrx_word' id='word_1_305' title='bbox 1147 2616 1178 2637; x_wconf 84' lang='lat' dir='ltr'>v.</span> <span class='ocrx_word' id='word_1_306' title='bbox 1193 2602 1394 2638; x_wconf 69' lang='lat' dir='ltr'>-4Matth.</span> <span class='ocrx_word' id='word_1_307' title='bbox 1412 2615 1436 2645; x_wconf 79' lang='grc' dir='ltr'>ι,</span> <span class='ocrx_word' id='word_1_308' title='bbox 1461 2614 1509 2635; x_wconf 79' lang='lat'>10-</span> 
     </span>
    </p>
   </div>
  </div>
 </body>
</html>
