1803 3250
329 191 380 229 10
759 200 791 227 ι.
828 198 1060 230 aueum-nu
1092 199 1271 228 nuscum

327 267 471 310 Isaias.
496 263 668 309 Talibus
685 276 786 320 ergo
803 271 866 306 est
884 263 1189 308 inaccessibilis
1206 263 1279 308 illa
1300 262 1471 310 lucifica
1487 264 1587 322 lux,
1611 282 1712 327 quae

327 351 415 380 non
435 334 574 379 solum
599 332 714 378 illam
733 331 966 392 spiritalem
988 331 1127 377 lucem
1148 334 1192 378 in
1210 344 1458 380 sanctorum
1475 338 1710 393 mentibus,

320 406 398 451 sed
432 406 561 449 etiam
595 405 717 450 istam
749 403 1018 464 corporalem
1048 404 1154 449 fecit
1178 425 1188 451 ι
1214 421 1302 451 non
1325 406 1379 451 ad
1401 422 1532 467 quam
1564 409 1714 468 prohi-

322 478 420 522 beat
441 475 647 521 accedere
671 475 805 521 malos
826 511 837 532 ‚
863 476 937 521 sed
960 491 1090 536 quam
1115 475 1219 521 facit
1240 477 1341 522 oriri
1359 493 1488 538 super
1511 480 1650 525 bonos
1670 490 1712 526 et

320 547 457 592 malos
472 550 502 592 ¹.

380 620 435 663 X.
473 620 585 664 Cum
620 633 722 677 ergo
745 628 885 663 essent
913 618 1107 664 tenebrae
1137 634 1267 679 super
1290 620 1491 678 abyssum
1510 656 1520 676 ,
1546 619 1618 665 ille
1637 622 1715 682 qui

321 699 415 735 erat
447 689 542 745 lux,
580 690 687 735 dixit
711 710 718 735 :
745 710 762 730 «
796 690 891 734 Fiat
925 691 999 735 lux
1016 692 1048 733 ².
1079 709 1100 732 »
1135 694 1243 744 Quae
1265 690 1339 737 lux
1361 691 1504 736 lucem
1533 692 1710 749 fecerit,

321 761 598 808 manifestum
638 772 717 818 est,
756 762 986 808 manifeste
1019 764 1136 808 enim
1173 764 1363 823 positum
1403 774 1465 808 est
1496 784 1504 810 ε
1537 783 1556 806 «
1598 765 1714 809 Dixit

323 853 343 875 »
372 837 484 879 Deus
503 854 511 880 :
537 853 557 875 »
580 850 709 895 quam
730 844 875 880 tamen
892 835 1034 879 lucem
1051 834 1200 880 fecerit
1217 871 1227 891 ‚
1249 852 1335 881 non
1354 835 1412 880 ita
1431 835 1711 881 manifestum

320 916 397 951 est.
425 908 578 950 Utrum
601 907 714 950 enim
735 905 851 950 illam
867 942 877 959 ‚
904 923 1004 967 quae
1022 908 1066 951 in
1085 907 1306 952 mentibus
1328 908 1594 966 Angelorum
1617 917 1679 952 est
1695 943 1707 964 ‚

320 976 364 1022 id
387 987 447 1020 est
470 1013 481 1029 ‚
508 978 621 1036 ipsos
647 986 751 1021 tunc
769 978 944 1036 spiritus
962 978 1191 1022 rationales
1212 981 1321 1022 Deus
1341 977 1489 1022 fecerit
1506 1015 1516 1032 ‚
1544 995 1599 1022 an
1621 995 1715 1024 cor-

318 1047 509 1107 poralem
533 1049 766 1107 quamdam
793 1048 935 1092 lucem
955 1085 965 1103 ‚
994 1059 1203 1093 remotam
1227 1050 1357 1093 etiam
1384 1049 1439 1093 ab
1465 1050 1714 1109 aspectibus

318 1120 474 1163 nostris
507 1120 549 1164 in
577 1118 835 1164 sublimibus
860 1121 987 1179 hujus
1013 1120 1165 1164 mundi
1197 1119 1326 1175 locis,
1363 1120 1476 1164 inter
1497 1121 1714 1166 studiosos

318 1190 563 1235 divinarum
599 1191 918 1249 Scripturarum
955 1192 1229 1235 concorditer
1258 1191 1519 1252 disputatur.
1547 1195 1713 1246 Quarto

317 1262 433 1306 enim
458 1262 528 1307 die
552 1262 654 1307 fecit
676 1264 753 1307 ista
785 1263 1017 1322 conspicua
1041 1262 1143 1307 coeli
1165 1263 1411 1308 luminaria.
1439 1268 1544 1317 Quae
1567 1281 1714 1309 rursus

317 1343 467 1379 utrum
490 1334 619 1378 simul
641 1350 740 1378 cum
765 1350 842 1379 sua
857 1335 956 1379 luce
979 1333 1090 1379 facta
1105 1335 1217 1389 sint,
1245 1351 1299 1379 an
1316 1351 1366 1379 ex
1385 1334 1459 1380 illa
1475 1371 1486 1391 ,
1507 1337 1711 1396 quaejam

319 1403 431 1450 sacta
456 1415 574 1461 erat,
601 1405 793 1465 quodam
824 1405 956 1450 modo
978 1421 1155 1450 accensa
1180 1406 1265 1450 sint
1286 1442 1297 1461 ,
1333 1406 1528 1451 similiter
1549 1408 1714 1467 quaeri-

319 1486 407 1522 tur.
444 1477 665 1531 Quaelibet
686 1493 789 1522 sane
810 1477 884 1522 lux
908 1477 1021 1523 facta
1045 1479 1122 1534 sit,
1156 1477 1335 1539 quando
1357 1494 1459 1523 cum
1483 1489 1627 1524 essent
1649 1489 1715 1524 te-

318 1549 467 1594 nebrae
490 1565 620 1609 super
641 1549 845 1608 abyssum
865 1569 874 1595 ε
900 1570 918 1592 «
940 1550 1056 1594 Dixit
1074 1553 1188 1594 Deus
1208 1570 1215 1595 :
1235 1550 1330 1594 Fiat
1349 1550 1423 1595 lux
1446 1570 1455 1596 ε
1479 1569 1499 1592 u
1525 1561 1714 1596 creatam

316 1630 463 1666 tamen
497 1621 639 1666 lucem
675 1638 696 1666 a
726 1621 932 1666 creatrice
964 1621 1063 1666 luce
1094 1620 1252 1666 factam
1283 1637 1373 1666 esse
1397 1637 1486 1667 non
1510 1622 1711 1679 dubitat,

317 1691 514 1752 quisquis
536 1702 704 1737 sanctas
725 1692 889 1737 litteras
913 1692 983 1753 pie
1014 1691 1202 1751 legendo
1224 1693 1273 1738 fit
1295 1691 1451 1751 dignus
1475 1694 1552 1754 qui
1581 1693 1714 1739 intel-

314 1762 436 1822 ligat.

374 1835 455 1878 XI.
492 1836 580 1880 Nec
612 1833 712 1879 ideo
744 1833 967 1894 putandus
1001 1844 1063 1879 est
1097 1837 1237 1890 Deus,
1277 1844 1513 1895 antequam
1549 1834 1715 1881 faceret

317 1906 457 1952 lucem
478 1942 489 1960 ‚
518 1907 562 1950 in
601 1907 792 1950 tenebris
822 1907 1063 1962 habitasse,
1085 1908 1186 1967 quia
1227 1907 1410 1968 Spiritus
1444 1908 1520 1952 Dei
1558 1923 1713 1968 super-

319 1977 539 2023 ferebatur
566 1994 697 2039 super
724 1980 908 2040 aquas³‚
938 1995 1038 2024 cum
1070 1979 1330 2039 praedictum
1362 1978 1514 2024 fuisset
1541 1999 1551 2025 ι
1581 1999 1600 2022 «
1629 1983 1713 2025 Te-

321 2069 340 2094 n
368 2050 516 2096 nebrae
551 2059 675 2095 erant
706 2066 836 2110 super
872 2050 1094 2109 abyssum.
1129 2070 1148 2091 »
1195 2052 1387 2108 Abyssus
1424 2067 1617 2112 namque
1648 2062 1713 2098 est

317 2137 530 2182 aquarum
553 2122 864 2168 inaestimabilis
887 2123 1175 2182 profunditas
1219 2123 1341 2168 Unde
1378 2132 1520 2182 potest
1550 2139 1712 2169 occur-

317 2209 410 2238 rere
432 2193 593 2239 carnali
623 2193 867 2253 prudentiae
882 2229 892 2248 ‚
919 2194 1040 2238 velut
1061 2194 1105 2238 in
1138 2195 1189 2238 iis
1211 2195 1402 2238 tenebris
1419 2230 1430 2250 ‚
1457 2211 1557 2255 quae
1587 2205 1714 2241 erant

317 2280 445 2324 super
469 2265 670 2322 abyssum
689 2300 699 2320 ,
726 2265 988 2312 habitaverit
1014 2266 1197 2326 Spiritus
1222 2266 1299 2310 Dei
1316 2301 1327 2320 ‚
1353 2266 1407 2310 de
1431 2283 1520 2326 quo
1542 2266 1713 2312 dictum

319 2346 382 2381 est
408 2358 415 2381 ;
447 2356 466 2379 «
494 2336 734 2381 Ferebatur
758 2352 887 2396 super
908 2352 1041 2397 aquas
1059 2372 1070 2392 ‚
1097 2356 1115 2379 »
1141 2353 1231 2382 non
1262 2336 1522 2397 intelligenti
1555 2355 1713 2399 quem-

320 2408 562 2454 admodum
584 2408 659 2452 lux
687 2408 831 2454 luceat
863 2409 908 2454 in
942 2409 1131 2454 tenebris
1149 2411 1163 2435 4
1184 2445 1195 2465 ‚
1229 2419 1272 2454 et
1295 2411 1487 2455 tenebrae
1510 2426 1603 2456 eam
1625 2428 1716 2457 non

319 2479 725 2539 comprehendant,
759 2479 840 2524 nisi
863 2494 940 2540 per
963 2480 1041 2524 Dei
1062 2480 1247 2524 verbum
1270 2481 1377 2526 fiant
1398 2480 1473 2526 lux
1492 2517 1504 2538 ,
1529 2492 1572 2527 et
1593 2482 1714 2527 dica-

371 2574 376 2588 ¹
398 2565 514 2600 Matth.
533 2576 566 2606 v,
585 2564 641 2606 45.
655 2581 694 2587 -
711 2571 722 2587 ²
742 2567 822 2599 Gen.
842 2575 866 2606 ι,
887 2565 917 2598 3.
934 2581 976 2588 -
991 2562 1003 2587 3
1021 2563 1104 2598 lbid.
1125 2573 1156 2599 2.
1173 2582 1213 2589 ——
1229 2564 1244 2595 4
1262 2567 1396 2607 Joa11.1‚
1412 2565 1445 2598 5.
1475 2599 1488 2605 Ὗ
1502 2600 1511 2605 7,
