1803 3250
360 259 442 298 396
789 269 822 295 s.
859 267 1089 297 AUGUSTIM
1123 267 1304 297 muscom

360 357 377 375 »
404 335 596 393 adoptio,
622 342 664 377 et
687 333 845 392 gloria,
870 343 912 378 et
934 343 1214 389 testamenta,
1246 345 1289 380 et
1312 336 1435 395 Legis
1456 338 1708 383 constitutio
1725 375 1736 391 ,

360 427 375 445 ,ι
402 416 442 448 et
466 405 751 464 obsequium,
781 414 824 449 et
851 407 1180 465 promissiones,
1206 423 1395 467 quorum
1430 417 1571 467 patres
1589 443 1600 462 ,
1626 418 1670 453 et
1691 426 1741 453 ex

357 498 375 518 »
401 477 561 537 quibus
584 477 781 521 Christus
803 478 1044 522 secundum
1069 494 1260 532 carnem,
1278 479 1353 540 qui
1369 488 1432 524 est
1454 495 1583 539 super
1598 481 1741 524 omnia

355 567 374 589 »
405 552 514 593 Deus
540 547 792 593 benedictus
813 550 858 593 in
882 550 1053 595 saecula.
1088 552 1271 595 Amen&
1291 569 1311 591 n
1346 552 1584 595 Veritatem
1607 567 1652 595 se
1673 551 1741 596 di-

355 636 452 665 cere
474 619 632 664 clamat
655 621 885 680 Apostolus
904 622 947 665 in
963 622 1104 681 capite
1128 622 1306 681 hujusce
1329 623 1569 676 sententiae,
1595 632 1638 666 et
1659 624 1740 667 hoc

355 692 397 736 in
421 692 593 737 Christo
615 693 686 753 qui
710 701 774 736 est
796 692 884 752 ipsa
907 693 1086 747 veritas,
1121 702 1392 737 contestante
1412 694 1491 738 sibi
1515 695 1738 739 conscien-

352 763 409 807 tia
430 778 506 807 sua
528 763 573 807 in
599 764 761 823 Spiritu
774 773 939 818 sancto,
956 778 1140 823 eamque
1157 765 1416 808 sententiam
1433 780 1510 824 per
1532 769 1737 809 «Amen»

353 833 578 880 concludit
607 834 652 877 in
675 835 790 879 fine:
816 843 859 877 et
877 833 983 878 dicit
1005 834 1085 878 iste
1115 854 1122 878 :
1154 836 1253 879 Non
1282 845 1385 880 sunt
1413 851 1511 880 vera
1538 852 1637 896 quae
1670 837 1741 881 hic

353 906 582 967 Apostolus
600 905 820 965 loquitur,
845 904 957 950 fallit
979 907 1173 950 infirmos
1190 942 1201 962 ,
1227 907 1327 967 quia
1352 923 1439 952 non
1464 917 1644 968 possunt
1666 924 1740 953 ca-

352 993 454 1038 pere
477 979 717 1032 veritatem,
743 976 946 1036 parvulos
972 977 1238 1022 vanitatibus
1258 976 1404 1033 lactat,
1438 988 1481 1023 et
1511 980 1741 1023 esurienti·

352 1049 434 1094 bus
462 1049 558 1093 filiis
591 1048 909 1094 diabolicorum
945 1049 1272 1094 mendaciorum
1310 1051 1428 1095 virus
1460 1049 1657 1094 infundit
1695 1061 1742 1095 ut

352 1121 529 1166 nutriat.
549 1122 586 1166 Ο
600 1129 853 1181 portentum
872 1137 961 1166 non
980 1120 1119 1165 solum
1134 1138 1156 1166 a
1175 1121 1522 1167 Christianorum
1542 1123 1735 1177 auribus,

352 1193 635 1238 verumetiam
655 1209 676 1238 a
693 1193 853 1237 finibus
866 1193 1088 1237 christiani
1107 1193 1223 1238 otbis
1242 1193 1479 1238 arcendum
1499 1196 1516 1238 P
1538 1195 1742 1239 Haeccine

351 1266 544 1326 adoptio,
560 1266 654 1310 haec
667 1265 817 1324 gloria,
832 1266 926 1309 haec
940 1274 1213 1321 testamenta,
1226 1267 1318 1311 haec
1332 1266 1737 1337 Legisconstitutio,

353 1339 434 1382 hoc
447 1338 723 1398 obsequium,
737 1338 1135 1397 haepromissiones,
1153 1315 1741 1397 hipatresexquibusChris-

354 1421 421 1455 tus
435 1409 677 1455 secundum
692 1425 864 1455 carnem
873 1410 971 1470 ,qui
982 1419 1045 1454 est
1057 1425 1187 1469 super
1200 1409 1345 1454 omnia
1358 1412 1472 1453 Deus
1485 1409 1741 1454 benedictus

353 1484 394 1526 in
410 1481 583 1538 saecula,
601 1482 764 1526 fabulae
782 1490 884 1525 sunt
902 1481 1064 1524 aniles?
1087 1481 1216 1534 Quod
1233 1479 1417 1540 jubetur
1440 1481 1659 1541 praecipue
1685 1490 1742 1525 te·

351 1569 476 1610 nere,
509 1553 585 1613 qui
614 1552 795 1613 jubetur
822 1551 1015 1597 devitare
1050 1550 1220 1596 fabulas
1251 1550 1386 1596 aniles
1407 1587 1419 1608 ,
1454 1551 1617 1597 fabulae
1640 1564 1740 1598 sunt

353 1625 509 1670 aniles?

411 1699 534 1741 vlu.
564 1696 647 1743 Sed
680 1695 787 1757 quid
813 1696 971 1740 mirum
994 1696 1027 1740 si
1054 1704 1174 1740 tanta
1196 1695 1421 1754 impietate
1450 1694 1606 1740 delirat
1626 1731 1637 1751 ‚
1667 1696 1742 1757 qui

353 1768 478 1827 Legis
508 1768 604 1813 vult
639 1783 729 1812 esse
764 1767 1035 1824 destructor3
1065 1767 1098 1810 si
1128 1767 1341 1826 quosdam
1365 1766 1481 1811 idem
1511 1767 1743 1827 Apostolus

352 1840 457 1885 dicit
479 1839 674 1884 volentes
693 1854 781 1884 esse
805 1839 950 1897 Legis,
974 1853 1063 1882 non
1087 1838 1400 1892 destructores,
1427 1837 1502 1882 sed
1524 1838 1739 1893 doctores,

353 1927 441 1955 non
466 1910 708 1969 intelligere
740 1925 884 1970 neque
913 1925 1013 1969 quae
1029 1908 1290 1968 loquuntur,
1326 1924 1469 1969 neque
1502 1907 1557 1952 de
1582 1909 1743 1969 quibus

354 1982 596 2026 affirmant?
611 1984 773 2026 Verum
784 1979 979 2025 nosillud
993 1980 1112 2040 quod
1126 1988 1299 2024 secutus
1311 1978 1522 2040 adjunxit,
1538 1979 1742 2025 adversus

353 2064 560 2113 utrosque
584 2063 823 2098 teneamus.
852 2053 1076 2098 Continuo
1098 2052 1262 2112 quippe
1289 2067 1344 2095 ne
1364 2052 1460 2112 quis
1483 2052 1742 2097 existimaret

353 2123 450 2168 ideo
463 2123 559 2169 illos
574 2140 662 2169 non
684 2123 928 2184 intelligere
945 2139 1044 2183 quae
1058 2121 1318 2183 loquuntur,
1343 2138 1488 2183 neque
1510 2123 1565 2167 de
1583 2124 1744 2183 quibus

354 2196 572 2240 affirmant
592 2232 602 2250 ,
642 2197 851 2257 quoniam
893 2195 999 2254 legis
1036 2193 1162 2239 malae
1198 2194 1354 2239 volunt
1391 2210 1482 2239 esse
1513 2194 1712 2239 doctores
1731 2216 1738 2239 :

358 2289 377 2309 «
406 2269 572 2313 Scimus
590 2278 752 2323 autem,
776 2268 936 2328 inquit,
959 2268 1061 2329 quia
1084 2266 1199 2312 bona
1223 2270 1311 2311 Lex
1329 2276 1407 2320 est,
1433 2267 1466 2310 si
1488 2266 1585 2327 quis
1607 2282 1653 2311 ea
1678 2267 1742 2311 le-

357 2358 377 2381 »
405 2341 553 2399 gitime
591 2344 783 2385 utatur2.
815 2358 834 2382 »
880 2342 983 2384 Haec
1018 2339 1228 2383 sententia
1267 2348 1310 2382 et
1346 2338 1443 2382 illos
1478 2338 1639 2383 refutat
1669 2341 1742 2400 qui

355 2415 467 2470 Lege
497 2423 683 2457 utuntur
718 2413 831 2457 male
852 2448 862 2467 ,
897 2422 940 2456 et
961 2428 1033 2457 eos
1056 2412 1133 2471 qui
1154 2411 1274 2455 illam
1302 2411 1539 2470 opinantur
1564 2410 1737 2455 malam.

354 2486 488 2528 Porro
512 2483 545 2528 si
568 2485 683 2528 bona
710 2493 802 2538 est,
842 2499 931 2543 qua
964 2483 1183 2527 dementia
1211 2491 1396 2542 negatur
1421 2485 1534 2526 Deus
1567 2482 1709 2526 bonus
1728 2518 1738 2534 ,

352 2555 427 2616 qui
450 2553 570 2599 dedit
586 2559 743 2614 Legem
759 2556 949 2600 bonam?
971 2559 1077 2608 Quae
1094 2563 1236 2614 potest
1249 2554 1386 2599 videri
1403 2554 1601 2598 sufficere
1614 2552 1742 2598 dam-

401 2636 407 2650 ¹
433 2630 525 2663 Rom.
545 2640 589 2671 ix,
613 2630 684 2663 1-5.
700 2645 741 2653 -
756 2636 770 2652 ²
793 2640 806 2661 ι
827 2630 908 2662 Tim.
928 2640 950 2669 1,
976 2631 1007 2661 8.
