1803 3250
323 200 373 237 22
757 204 788 231 s.
826 204 1057 233 ‚mausum
1089 205 1271 234 zmscon

323 286 406 319 tem
429 293 438 318 :
468 273 541 316 sed
559 270 720 315 carnali
742 269 907 328 populo
923 270 1129 328 congruis
1150 271 1368 316 sacrificiis
1386 272 1613 332 impositis,
1629 290 1706 334 per

319 343 527 405 quasdam
550 342 705 398 figuras
727 355 877 383 verum
900 339 1156 384 sacrificium
1180 343 1525 400 promittentem,
1550 359 1631 389 nec
1649 345 1705 389 li-

319 416 416 461 vida
441 412 784 473 perturbatione,
807 412 882 455 sed
907 410 1143 472 tranquilla
1167 413 1365 458 bonitate
1391 414 1602 460 zelantem
1618 452 1630 473 ,
1651 432 1715 461 ne·

317 486 393 529 uni
417 489 505 529 Deo
527 483 692 528 debens
710 484 853 527 anima
880 483 1146 539 castitatem,
1180 500 1257 544 per
1278 484 1438 530 multos
1460 486 1589 532 falsos
1606 503 1705 533 cor-

318 565 444 616 rupta
467 564 510 600 et
532 555 762 615 prostituta
786 556 1015 614 turpetur?
1037 556 1126 600 Nec
1152 555 1213 599 ira
1230 555 1352 601 velut
1371 557 1580 614 humana,
1609 567 1706 603 tur-—

319 627 419 672 bide
434 628 703 684 saevientem3
719 626 792 671 sed
808 626 890 670 alia
905 626 1067 681 divina,
1087 641 1234 671 severe
1245 628 1360 687 justa
1373 629 1704 687 retribuentem,

315 715 415 759 quae
437 714 525 742 non
549 707 724 757 propter
751 697 989 742 ulciscendi
1011 696 1257 752 libidinem,
1285 697 1360 743 sed
1389 708 1568 759 propter
1587 700 1709 761 judi-

315 770 443 815 candi
467 770 658 828 vigorem
681 778 800 813 certo
819 784 901 812 usu
922 768 1155 813 locutionis
1172 769 1233 812 ira
1256 770 1523 815 nominatur.
1545 773 1633 815 Nec
1649 773 1709 817 ob

314 841 425 885 levia
435 840 505 884 vel
519 839 636 884 nulla
651 840 877 885 commissa
899 840 1129 883 hominum
1148 838 1281 884 millia
1299 841 1609 900 perimentem3
1633 842 1709 888 sed

313 912 560 972 aequissimo
583 911 778 955 examine
799 926 876 970 per
898 908 1158 970 temporales
1180 910 1430 955 mortalium
1449 921 1609 957 mortes
1627 915 1708 958 uti—

313 981 481 1026 litatem
516 981 679 1025 timoris
712 981 778 1025 sui
812 981 985 1040 populis
1022 981 1337 1041 imponentem.
1375 985 1464 1027 Nec
1494 983 1586 1027 sine
1616 984 1709 1029 ullo

314 1052 489 1096 delectu
508 1067 622 1096 caeca
644 1050 902 1096 confusione
911 1053 1051 1112 justos
1074 1062 1407 1111 peccatoresque
1425 1053 1705 1111 punientem:

315 1122 390 1168 sed
406 1124 531 1183 justis
564 1122 784 1167 salubrem
817 1123 1136 1182 correptionem
1168 1132 1346 1182 propter
1368 1122 1705 1181 perfectionem,

314 1194 597 1254 peccantibus
619 1202 764 1237 autem
794 1194 988 1237 debitam
1011 1194 1284 1237 severitatem
1318 1203 1496 1253 propter
1521 1195 1708 1254 aequita-

316 1275 405 1310 tem
427 1264 779 1310 distribuentem.
807 1265 933 1310 Unde
959 1280 1036 1309 vos
1064 1274 1260 1324 apparet,
1284 1266 1544 1321 Manichaei,
1570 1268 1710 1327 suspi—

316 1337 515 1381 cionibus
551 1337 702 1381 vestris
743 1351 834 1380 esse
866 1335 1070 1395 deceptos
1093 1371 1103 1390 ,
1139 1351 1241 1380 cum
1276 1336 1388 1380 male
1425 1336 1710 1397 intelligendo

318 1409 559 1467 Scripturas
595 1417 787 1460 nostras,
823 1406 892 1451 vel
920 1406 1056 1451 malos
1091 1408 1381 1452 intellectores
1415 1409 1707 1465 experiendo,

316 1478 423 1523 falsa
453 1478 508 1522 de
537 1477 771 1523 Catholicis
799 1477 995 1535 creditis;
1021 1493 1069 1522 ac
1092 1479 1150 1523 sic
1178 1478 1326 1523 relicta
1356 1495 1458 1524 sana
1482 1478 1679 1525 doctrina
1696 1516 1707 1537 ,

311 1550 511 1594 conversi
551 1549 605 1594 ad
643 1549 867 1608 sacrilegas
905 1548 1098 1605 fabulas,
1135 1550 1411 1610 nimiumque
1444 1553 1635 1609 perversi
1668 1562 1712 1597 et

314 1620 489 1665 alienati
513 1637 534 1664 a
557 1622 761 1665 societate
794 1629 1067 1673 sanctorum,
1102 1636 1182 1664 nec
1205 1636 1256 1664 ex
1277 1623 1401 1666 Novo
1433 1624 1711 1668 Testamento

315 1692 474 1749 corrigi
502 1691 658 1746 vultis,
689 1691 810 1735 unde
835 1691 937 1734 talia
971 1688 1256 1749 proferimus,
1295 1692 1441 1751 qualia
1472 1693 1518 1736 in
1554 1695 1711 1738 Vetere

316 1762 509 1820 arguitis,
536 1761 662 1805 Unde
684 1762 760 1816 fit,
786 1771 836 1805 ut
857 1760 1062 1806 adversus
1085 1776 1184 1816 vos,
1211 1762 1322 1806 sicut
1344 1762 1549 1808 adversus
1574 1767 1711 1824 Paga-

316 1848 393 1876 nos
410 1867 420 1884 ,
448 1841 686 1891 utrumque
711 1834 1035 1876 Testamentum
1056 1830 1292 1876 defendere
1308 1833 1641 1892 compellamur.

374 1906 519 1947 XXII.
558 1903 642 1948 Sed
674 1901 803 1947 facite
836 1903 1027 1963 aliquem
1059 1918 1234 1963 prorsus
1261 1905 1492 1949 carnaliter
1516 1907 1575 1950 ita
1595 1905 1711 1950 desi-

315 1975 533 2034 pientem,
560 1984 610 2018 ut
634 1978 771 2018 Deum
793 1974 930 2028 colat,
962 1989 1051 2018 non
1072 1974 1248 2034 qualem
1270 1974 1470 2030 colimus,
1496 1977 1572 2036 qui
1595 1993 1710 2021 unus

315 2056 360 2090 et
381 2061 508 2089 verus
541 2055 633 2102 est,
663 2045 738 2089 sed
760 2044 936 2106 qualem
969 2061 1045 2089 nos
1077 2045 1219 2090 colere
1252 2045 1419 2101 dicitis,
1453 2048 1531 2107 qui
1562 2049 1712 2093 vestris

314 2114 385 2160 vel
407 2116 637 2161 calumniis
665 2115 733 2160 vel
766 2115 1086 2175 suspicionibus
1119 2116 1247 2160 fictus
1275 2126 1339 2160 est
1371 2135 1378 2157 z
1413 2133 1561 2161 nonne
1581 2119 1711 2163 etiam

316 2188 394 2232 iste
429 2186 654 2232 meliorem
680 2186 784 2232 colit
811 2203 944 2247 quam
968 2188 1075 2231 vos?
1099 2190 1257 2240 Quaeso
1278 2188 1393 2232 enim
1429 2189 1641 2234 advertite
1668 2199 1713 2235 et

316 2257 661 2318 qualescumque
681 2257 830 2303 oculos
842 2257 1004 2317 aperite
1025 2276 1034 2302 :
1056 2273 1199 2318 neque
1215 2258 1331 2302 enim
1345 2274 1454 2318 opus
1470 2268 1534 2303 est
1552 2274 1711 2318 magno

313 2332 514 2375 acumine
536 2330 716 2388 ingenii,
739 2339 789 2374 ut
801 2330 885 2374 hoc
908 2329 1028 2390 quod
1052 2328 1212 2382 dicam,
1234 2331 1417 2389 perspici
1436 2331 1568 2390 possit
1583 2351 1594 2388 3
1611 2346 1710 2376 om-

313 2416 387 2445 nes
406 2399 641 2459 prudentes
658 2399 1045 2460 imprudentesque
1060 2399 1233 2460 appello
1251 2420 1260 2445 z
1281 2400 1451 2456 audite,
1473 2401 1704 2459 advertite,

308 2470 517 2532 judicate.
545 2473 720 2523 Quanto
748 2471 866 2515 enim
889 2470 1043 2514 melius
1074 2473 1185 2513 Deus
1214 2479 1355 2514 vester
1385 2487 1435 2515 ex
1463 2472 1707 2516 aeternitate

313 2551 506 2585 versatus
524 2550 633 2584 esset
651 2541 695 2583 in
715 2540 925 2594 tenebris,
950 2555 1081 2599 quam
1105 2549 1366 2584 coaeternam
1383 2541 1520 2586 sibiet
1540 2557 1707 2600 cogna-
