1803 3250
433 222 596 252 CONTRA
631 221 847 260 musa-um,
885 223 966 249 Lm.
1003 223 1113 249 xxu.
1443 213 1467 249 9

81 305 180 334 nam
202 298 244 333 et
268 291 380 333 Deus
396 287 470 333 lux
492 296 575 342 est,
601 296 643 330 et
666 287 856 330 tenebrae
878 286 922 329 in
950 303 1001 330 eo
1022 302 1110 331 non
1138 295 1239 330 sunt
1257 284 1379 340 111131,
1410 288 1467 331 ibi

79 360 290 419 legimus¹
312 379 320 404 ε
342 369 383 404 et
399 363 511 403 Deus
533 359 608 418 qui
627 357 732 401 dixit
759 357 813 400 de
840 357 1025 400 tenebris
1042 357 1191 399 lunis—u
1209 356 1439 400 clarescere
1455 392 1465 411 ,

81 431 235 475 claruit
262 431 306 475 111
330 431 536 475 cordibus
558 429 713 473 nostris
731 464 741 483 ,
768 428 916 472 itidem
942 428 1001 471 ibi
1026 427 1234 481 huin-125⁰-
1257 447 1264 471 :
1290 428 1347 471 sie
1367 428 1470 472 etin

79 503 162 548 illis
184 502 400 547 veteribus
428 501 550 544 libris
579 520 588 545 ε
625 520 643 541 «
680 502 732 543 Et
761 500 924 544 candor
947 508 1009 542 est
1046 498 1149 541 {meza
1183 501 1382 542 retemta3
1406 534 1417 554 ,
1447 517 1466 541 »

78 574 244 618 (lictum
271 582 333 616 est
356 573 410 616 de
435 571 649 630 Sapientia
678 570 751 613 Dei
771 605 781 624 ,
808 586 907 629 quse
932 570 1081 628 utiqw
1123 569 1232 612 lacta
1264 586 1352 612 non
1376 579 1464 625 est,

77 646 177 705 quia
201 660 277 704 per
304 643 425 687 illam
454 641 565 686 facta
599 650 699 686 sunt
738 643 881 685 onmia
903 644 917 666 4
935 677 945 695 ,
973 651 1013 683 et
1048 640 1102 684 de
1123 640 1220 684 luce
1242 641 1431 700 quadam
1454 677 1465 697 ,

76 731 176 776 quae
199 714 369 758 nonnisi
399 729 474 773 pei·
496 712 613 756 illam
637 713 729 755 fieri
748 721 915 771 potest,
944 712 1024 755 hoe
1044 711 1174 756 inodo
1197 711 1259 756 ibi
1278 711 1438 756 dicitur
1457 731 1466 756 ε

81 805 100 827 «
128 787 193 828 Tu
223 784 489 828 illuminabis
522 783 746 827 lucernam
769 798 937 837 meam,
966 782 1150 827 Domine
1180 785 1294 826 Deus
1313 797 1466 838 meus,

79 874 100 897 »
124 854 394 899 illuminabis
427 853 629 899 tenebras
651 856 818 897 meas⁵.
846 872 866 894 11
898 853 1018 898 Sicut
1047 862 1090 897 et
1127 852 1182 897 ab
1212 853 1336 898 initio
1368 867 1470 898 cum

76 926 270 972 tenebrae
291 935 432 970 essent
466 940 595 984 super
625 924 829 982 abyssum
854 944 861 969 :
889 944 907 965 «
936 925 1049 968 Dixit
1072 928 1185 969 Deus
1212 943 1220 969 ε
1246 925 1344 969 Fiat
1361 923 1466 980 lux,

78 1016 98 1038 »
125 1006 167 1041 et
202 995 313 1041 facta
345 1005 405 1039 est
434 996 542 1040 lux⁶
569 1016 577 1041 :
611 1018 626 1037 »
664 1012 795 1056 quam
827 1012 916 1040 non
948 995 1117 1040 ficisset
1139 1031 1149 1051 ‚
1187 996 1265 1040 nisi
1298 995 1470 1041 lucifica

75 1068 148 1112 lux
164 1103 175 1122 ‚
202 1066 321 1127 qu'od
349 1076 412 1110 est
437 1069 565 1110 Deus.

135 1141 212 1182 IX.
243 1137 378 1182 Sicuti
414 1138 527 1181 enim
566 1141 678 1181 Deus
706 1137 785 1180 sibi
822 1138 980 1181 sufficit
1013 1136 1066 1181 ad
1093 1146 1300 1182 aeternam
1327 1138 1470 1183 beati-

76 1209 271 1255 tudinem
291 1245 301 1265 ,
339 1219 382 1253 et
421 1225 471 1253 ex
509 1210 589 1253 hac
629 1209 825 1254 abundat
863 1209 915 1253 ad
950 1209 1174 1254 faciendos
1202 1210 1378 1269 beat083
1410 1212 1470 1256 ita

74 1283 155 1326 sibi
179 1282 342 1326 sufficit
370 1281 423 1325 ad
446 1291 652 1326 aeternam
676 1282 845 1336 lucem,
872 1291 915 1325 et
935 1298 985 1325 ex
1008 1282 1088 1326 1130
1112 1282 1309 1326 abundat
1332 1283 1385 1327 ad
1405 1282 1470 1327 fa-

75 1354 252 1399 ciendos
275 1352 543 1398 illuminatos
575 1373 584 1398 2
620 1352 784 1397 nullius
817 1353 984 1396 bonum
1018 1353 1196 1412 cupiens
1217 1388 1227 1407 ,
1254 1369 1354 1397 cum
1377 1354 1469 1413 ipso

74 1424 246 1470 fruatur
268 1425 409 1470 omnis
426 1423 628 1468 voluntas
646 1425 758 1468 bona
777 1446 786 1481 3
808 1424 971 1468 nullius
990 1422 1151 1468 malum
1170 1425 1345 1481 timens,
1368 1440 1469 1470 cum

73 1496 167 1555 ipso
184 1495 408 1540 deseratur
428 1496 568 1540 omnis
587 1495 788 1541 voluntas
808 1495 919 1539 111313
939 1517 949 1553 3
974 1496 1076 1556 quia
1096 1511 1175 1540 nec
1198 1506 1329 1555 auget
1346 1512 1465 1553 eum,

73 1568 149 1627 qui
171 1568 262 1627 ejus
283 1566 400 1612 dono
418 1567 572 1611 beatus
594 1576 656 1611 est
675 1589 686 1625 3
711 1582 792 1611 nec
807 1576 940 1611 terret
957 1583 1054 1611 eum
1071 1602 1082 1622 ‚
1103 1568 1179 1628 qui
1198 1568 1289 1628 ejus
1301 1567 1468 1628 judicio

72 1638 200 1682 miser
221 1648 299 1682 est.
328 1638 474 1682 Talem
504 1641 658 1693 Deum,
685 1638 932 1691 Manichaei,
962 1654 1048 1682 non
1072 1638 1236 1694 colitis,
1262 1638 1392 1698 longe
1414 1639 1468 1684 ab

71 1708 148 1753 illo
176 1708 279 1752 facti
301 1709 398 1752 estis
419 1745 430 1763 ,
464 1708 569 1753 dum
593 1710 899 1768 phantasmata
922 1719 1063 1754 vestra
1090 1710 1341 1766 sectamini,
1368 1726 1468 1772 quae

73 1795 147 1824 cor
179 1789 369 1824 vestrum
402 1795 563 1825 vanum
596 1790 638 1824 et
670 1795 855 1838 vagum,
889 1780 1034 1824 lucem
1067 1780 1189 1824 istam
1222 1780 1468 1826 coelestium

72 1866 307 1911 corporum
340 1867 417 1911 per
451 1852 590 1896 carnis
624 1851 773 1896 oculos
809 1851 1015 1895 hauriens
1035 1886 1046 1906 ,
1080 1851 1204 1896 vobis
1235 1851 1468 1912 multiplici

73 1921 249 1967 fictione
271 1921 469 1967 dilatavit
488 1932 619 1984 atque
641 1922 838 1966 variavit.
867 1926 960 1966 Lux
983 1923 1062 1966 ista
1077 1958 1088 1977 ,
1113 1923 1310 1983 quamvis
1333 1933 1375 1968 et
1397 1924 1467 1984 ip-

72 2009 162 2037 sam
182 1997 295 2038 Deus
313 1992 461 2038 fecerit
479 2030 489 2050 ,
516 1994 647 2053 longe
669 1994 1022 2053 incomparabilis
1044 2003 1106 2039 est
1127 1996 1253 2039 etiam
1273 1994 1336 2039 illi
1353 1994 1465 2052 luci,

73 2081 205 2126 quam
228 2066 334 2110 fecit
352 2069 465 2110 Deus
482 2066 527 2111 in
550 2067 771 2111 mentibus
794 2067 965 2126 piorum
984 2102 994 2121 ,
1021 2083 1128 2127 quas
1150 2083 1171 2111 a
1195 2067 1385 2111 tenebris
1407 2067 1470 2113 lu-

74 2138 244 2192 cificat,
274 2139 384 2182 sicut
418 2138 473 2181 ab
509 2138 732 2198 impietate
762 2139 974 2200 justificat
1009 2159 1017 2184 ι
1058 2148 1223 2200 quanto
1245 2140 1380 2198 magis
1406 2139 1469 2185 illi

73 2207 360 2253 inaccessibili
379 2244 388 2263 ,
415 2225 514 2268 quae
535 2209 615 2252 ista
636 2210 779 2253 omnia
804 2208 936 2254 facit?
955 2212 1044 2255 Nec
1062 2209 1264 2254 omnibus
1285 2210 1469 2256 inacces-

74 2278 209 2324 sibilis
227 2287 291 2322 est
308 2298 315 2322 :
340 2298 359 2320 «
378 2279 497 2323 Beati
515 2279 630 2323 enim
649 2279 958 2325 mundicordes
977 2316 987 2335 ,
1009 2279 1216 2340 quoniam
1233 2281 1314 2341 ipsi
1329 2285 1469 2327 Deum

77 2367 97 2391 »
123 2348 339 2394 videbunt
354 2350 383 2392 ⁷.
410 2368 428 2390 »
452 2352 564 2393 Deus
582 2359 727 2394 autem
752 2350 827 2394 lux
848 2361 911 2395 est
930 2385 941 2406 ‚
966 2360 1009 2395 et
1030 2351 1224 2395 tenebrae
1246 2351 1292 2396 in
1311 2367 1361 2397 eo
1380 2368 1469 2398 non

74 2429 176 2465 sunt
196 2419 297 2464 ullae
311 2421 327 2447 8
349 2439 359 2465 2
380 2419 502 2480 impii
517 2437 620 2466 vero
639 2437 729 2467 non
750 2421 964 2468 videbunt
980 2422 1134 2467 lumen
1151 2425 1166 2450 ⁹
1183 2458 1194 2479 ‚
1224 2416 1337 2469 sicut
1360 2424 1469 2470 dicit

111 2531 133 2552 οἰ
160 2536 172 2557 1
192 2527 283 2557 Joan.
303 2537 326 2566 1,
347 2525 430 2557 5.-
445 2532 457 2547 ²
474 2527 575 2558 2001:
593 2537 638 2567 ιν,
653 2526 686 2558 6.
706 2525 773 2550 —3
795 2528 871 2570 Sap.
891 2538 948 2569 vn,
966 2526 1099 2559 26.--'·
1116 2530 1210 2561 Joan.
1232 2540 1254 2569 1,
1275 2527 1371 2560 3.-5
1386 2528 1466 2562 Ρ331.

76 2592 158 2623 xvn,
178 2590 232 2623 29.
250 2579 317 2603 -6
335 2583 413 2614 Gen.
432 2594 453 2621 1,
474 2580 505 2612 5.
524 2598 558 2603 -
579 2589 592 2614 7
613 2582 731 2614 Matth.
752 2595 786 2623 v,
805 2583 838 2615 8.
853 2601 893 2607 -—
910 2583 924 2606 ⁵³
946 2595 956 2616 ι
979 2586 1113 2624 .10311.1,
1135 2585 1166 2617 5.
1183 2602 1221 2609 »-
1239 2592 1254 2618 s)
1272 2586 1343 2618 lsai.
1360 2597 1390 2627 L,
1414 2595 1463 2618 10.
