1803 3250
322 148 401 188 144
752 157 784 186 s.
820 159 1050 191 mensuum
1084 163 1263 192 EPISCOPI

313 226 526 280 venienti,
559 234 602 269 et
629 224 828 270 suadenti
858 236 906 272 ut
938 229 998 272 illi
1022 230 1166 288 potius
1187 229 1294 289 quid
1323 229 1518 275 Christus
1546 231 1703 274 dixerit

312 296 551 355 feceritque
583 295 810 342 credatur:
832 314 932 342 cum
962 299 1052 359 ipse
1083 299 1303 359 apostolus
1335 299 1496 343 Paulus
1518 310 1616 360 post
1637 315 1703 344 as-

308 367 558 411 censionem
589 367 762 412 Domini
785 369 840 414 de
863 370 977 415 coelo
995 380 1174 416 vocatus
1194 374 1223 426 ¹,
1261 372 1295 416 si
1317 387 1407 416 non
1429 372 1642 416 inveniret
1658 372 1704 414 in

306 452 435 481 carne
466 437 719 496 Apostolos,
754 440 916 500 quibus
944 442 1312 487 communicando
1342 452 1384 486 et
1412 458 1513 486 cum
1543 441 1704 501 quibus

306 507 573 554 conferendo
586 511 891 569 Evangelium,
910 514 1102 572 ejusdem
1118 515 1332 559 societatis
1351 530 1440 558 esse
1457 522 1701 573 appareret,

305 579 497 627 Ecclesia
531 581 594 626 illi
629 583 809 629 omnino
839 600 927 629 non
953 585 1175 630 crederet?
1200 587 1285 632 Sed
1307 601 1407 631 cum
1431 587 1706 645 cognovisset

303 667 407 697 eum
429 653 513 698 hoc
535 654 887 711 annuntiantem,
919 657 1039 716 quod
1061 659 1191 701 etiam
1215 657 1276 701 illi
1295 657 1634 711 annuntiabant,
1661 665 1706 700 et

302 722 347 768 in
370 738 523 768 eorum
544 725 854 770 communione
877 736 1008 786 atque
1032 728 1200 770 unitate
1222 727 1459 782 viventem,
1492 725 1706 771 acceden-

304 793 421 838 tibus
441 795 570 839 etiam
595 811 670 854 per
692 811 793 839 eum
812 795 972 840 talibus
992 796 1137 853 signis,
1159 796 1305 856 qualia
1321 806 1364 841 et
1380 796 1441 841 illi
1460 797 1706 856 operaban-

303 873 395 920 tur,
416 866 490 919 ita,
507 880 607 909 eum
628 867 814 910 Domino
831 866 1185 921 commendante,
1202 868 1360 911 meruit
1379 868 1702 922 auctoritatem,

302 944 351 978 ut
369 937 501 979 verba
523 935 638 979 illius
657 936 788 980 hodie
804 937 863 980 sic
880 936 1117 981 audiantur
1135 939 1179 981 in
1199 938 1408 992 Ecclesia,
1430 948 1643 997 tanquam
1658 938 1705 981 in

300 1003 376 1048 illo
393 1005 634 1060 Christus‘2,
655 1006 767 1050 sicut
787 1007 877 1066 ipse
899 1007 1120 1051 verissime
1140 1007 1264 1062 dixit,
1285 1007 1458 1052 locutus
1480 1008 1700 1052 audiatur.

302 1079 358 1120 Et
380 1086 506 1135 putat
523 1077 791 1122 Manichaeus
809 1078 927 1122 credi
951 1079 1031 1122 sibi
1054 1079 1215 1123 debere
1233 1079 1288 1123 ab
1310 1079 1503 1124 Ecclesia
1524 1079 1701 1134 Christi,

301 1147 501 1207 loquenti
517 1157 668 1193 eontra
695 1149 955 1209 Scripturas,
982 1159 1102 1194 tanta
1123 1159 1166 1193 et
1189 1159 1276 1194 tam
1301 1150 1498 1194 ordinata
1514 1151 1705 1195 auctori-

304 1227 391 1263 tate
419 1220 608 1264 firmatas
629 1238 637 1264 :
671 1235 746 1279 per
770 1236 878 1280 quas
900 1221 938 1264 ei
961 1222 1181 1279 praecipue
1212 1219 1573 1265 commendatum
1607 1230 1699 1276 est,

302 1299 352 1334 ut
379 1290 574 1351 quisquis
602 1290 665 1335 illi
695 1292 1021 1335 annuntiaverit
1045 1291 1493 1350 praeterquamquod
1516 1292 1700 1350 accepit,

299 1362 533 1406 anathema
555 1362 652 1406 sit-⁰³.

362 1434 414 1476 V.
454 1431 539 1477 Sed
570 1433 782 1477 rationem
801 1467 812 1487 ,
847 1433 1012 1492 inquit,
1047 1432 1243 1491 profero,
1284 1448 1372 1493 qua
1405 1433 1701 1478 demonstrem

299 1503 535 1561 Scripturis
550 1501 633 1546 illis
651 1518 740 1546 non
758 1517 848 1546 esse
865 1502 1153 1546 eredendum.
1175 1501 1303 1548 Certe
1321 1519 1410 1547 non
1426 1513 1702 1561 argumenta-

298 1575 384 1618 ris?
402 1576 457 1618 Et
473 1582 618 1618 tamen
635 1574 679 1618 in
693 1574 782 1634 ipsa
795 1589 971 1634 quoque
986 1575 1366 1632 argumentatione
1384 1576 1613 1634 superaris.
1631 1574 1702 1619 Ad

301 1645 385 1689 hoc
403 1645 520 1689 enim
539 1643 751 1702 redigitur
772 1644 913 1688 omnis
935 1645 1257 1703 argumentatio
1278 1654 1352 1689 tua
1368 1679 1379 1700 ‚
1404 1653 1453 1689 ut
1475 1645 1532 1689 ad
1553 1654 1699 1689 extre-

292 1730 423 1760 ·mum
441 1714 593 1760 credat
613 1714 752 1759 anima
768 1750 780 1770 ,
805 1715 905 1760 ideo
927 1730 971 1759 se
993 1716 1039 1758 in
1057 1715 1140 1759 hoc
1163 1715 1331 1760 mundo
1355 1730 1446 1760 esse
1470 1715 1670 1760 miseram
1685 1751 1696 1771 ,

290 1786 404 1846 ‘quia
426 1786 596 1830 miseria
617 1801 694 1830 sua
713 1789 803 1830 Deo
821 1801 900 1830 suo
918 1785 1147 1840 subvenit,
1171 1801 1227 1830 ne
1244 1785 1318 1830 ille
1346 1801 1482 1844 regno
1504 1786 1700 1846 privare-

294 1865 373 1902 tur
394 1875 402 1901 :
429 1857 609 1917 ejusque
630 1865 832 1900 naturam
852 1865 984 1915 atque
1003 1856 1290 1900 substantiam
1309 1872 1448 1916 usque
1475 1857 1585 1902 adeo
1608 1872 1699 1901 esse

295 1927 580 1983 mutabilem,
613 1927 957 1987 corruptibilem,
983 1926 1232 1972 violabilem
1250 1962 1260 1982 ,
1291 1927 1667 1988 coinquinabilem
1685 1963 1696 1984 ,

297 2010 352 2046 =ut
375 2016 472 2061 pars
494 2001 585 2061 ejus
606 2000 808 2060 quaedam
834 2015 914 2044 nec
931 1999 1133 2044 mundari
1155 1999 1298 2044 valeat
1314 2035 1324 2055 ,
1348 2008 1392 2044 et
1412 2000 1468 2044 ab
1489 2000 1599 2059 ipso,
1621 2000 1697 2059 qui

290 2088 393 2117 ¹eam
417 2072 555 2117 sciens
572 2073 852 2118 innocentem
875 2071 929 2116 de
954 2072 1040 2116 suis
1062 2071 1297 2115 visceribus
1314 2107 1324 2126 ,
1352 2071 1551 2131 nihilque
1576 2070 1697 2130 apud

290 2160 344 2188 ⁴se
367 2153 619 2203 peccantem
637 2178 649 2199 ,
679 2152 812 2189 tantae
833 2143 1192 2188 contaminationi
1214 2142 1493 2202 permiscuit,
1530 2152 1697 2187 aeterno

295 2213 422 2273 ¹:globi
441 2214 654 2275 supplicio
675 2215 900 2275 puniatur.
929 2216 1015 2258 Iste
1038 2213 1136 2257 finis
1153 2222 1217 2257 est
1233 2213 1432 2258 omnium
1459 2228 1696 2271 argumen-

297 2286 519 2331 *rationum
552 2285 890 2346 fabularumque
917 2293 1157 2330 vestrarum
1189 2303 1196 2328 :
1233 2298 1420 2343 quarum
1450 2284 1620 2328 utinam
1641 2284 1696 2328 sit

297 2357 426 2411 finis,
451 2357 526 2401 sed
548 2358 592 2401 in
623 2357 754 2403 corde
789 2367 832 2402 et
864 2357 909 2400 in
942 2372 1016 2400 ore
1045 2364 1213 2409 vestro,
1250 2363 1300 2398 ut
1336 2354 1572 2414 aliquando
1604 2364 1694 2399 tam

291 2428 561 2486 gexecrandas
579 2428 868 2489 blasphemias
886 2428 1061 2473 credere
1075 2442 1124 2471 ac
1139 2425 1282 2471 dicere
1297 2426 1517 2470 desinatis.
1543 2425 1629 2471 Sed
1644 2441 1695 2470 ex

339 2536 357 2576 ξ
384 2531 457 2564 Act.
476 2543 520 2576 ix,
543 2534 631 2568 5.-
646 2540 658 2558 ²
678 2542 699 2568 2
717 2535 790 2568 Cor.
811 2532 880 2573 xiii,
906 2539 954 2565 12.
971 2548 1012 2555 —
1030 2528 1042 2553 3
1061 2528 1130 2563 Gal.
1150 2539 1173 2570 ι,
1193 2529 1224 2561 8.
