<?xml version="1.0" encoding="UTF-8"?>
<!DOCTYPE html PUBLIC "-//W3C//DTD XHTML 1.0 Transitional//EN"
    "http://www.w3.org/TR/xhtml1/DTD/xhtml1-transitional.dtd">
<html xmlns="http://www.w3.org/1999/xhtml" xml:lang="en" lang="en">
 <head>
  <title>
</title>
<meta http-equiv="Content-Type" content="text/html;charset=utf-8" />
  <meta name='ocr-system' content='tesseract 3.04.00' />
  <meta name='ocr-capabilities' content='ocr_page ocr_carea ocr_par ocr_line ocrx_word'/>
</head>
<body>
  <div class='ocr_page' id='page_1' title='image "./operaomniaaccura29auguuoft/operaomniaaccura29auguuoft_0414.png"; bbox 0 0 1803 3250; ppageno 0'>
   <div class='ocr_carea' id='block_1_1' title="bbox 338 222 1744 2576">
    <p class='ocr_par' dir='ltr' id='par_1_1' title="bbox 353 222 1298 262">
     <span class='ocr_line' id='line_1_1' title="bbox 353 222 1298 262; baseline -0.002 -2"><span class='ocrx_word' id='word_1_1' title='bbox 353 222 434 262; x_wconf 78' lang='grc'>404</span> <span class='ocrx_word' id='word_1_2' title='bbox 784 229 817 257; x_wconf 89' lang='lat' dir='ltr'>s.</span> <span class='ocrx_word' id='word_1_3' title='bbox 856 230 1086 259; x_wconf 69' lang='lat' dir='ltr'>Aucus&#39;rlm</span> <span class='ocrx_word' id='word_1_4' title='bbox 1120 231 1298 259; x_wconf 77' lang='lat' dir='ltr'>EPtSCOPI</span> 
     </span>
    </p>

    <p class='ocr_par' dir='ltr' id='par_1_2' title="bbox 338 296 1744 2576">
     <span class='ocr_line' id='line_1_2' title="bbox 352 296 1738 358; baseline -0.001 -18"><span class='ocrx_word' id='word_1_5' title='bbox 352 319 371 340; x_wconf 69' lang='grc' dir='ltr'>υ</span> <span class='ocrx_word' id='word_1_6' title='bbox 400 312 574 358; x_wconf 76' lang='lat' dir='ltr'><strong>peregre</strong></span> <span class='ocrx_word' id='word_1_7' title='bbox 598 296 817 354; x_wconf 81' lang='lat' dir='ltr'>profectus</span> <span class='ocrx_word' id='word_1_8' title='bbox 839 305 916 340; x_wconf 87' lang='lat' dir='ltr'>est.</span> <span class='ocrx_word' id='word_1_9' title='bbox 933 299 1045 342; x_wconf 90' lang='lat' dir='ltr'>Cum</span> <span class='ocrx_word' id='word_1_10' title='bbox 1068 305 1213 341; x_wconf 90' lang='lat' dir='ltr'>autem</span> <span class='ocrx_word' id='word_1_11' title='bbox 1231 306 1401 357; x_wconf 84' lang='lat' dir='ltr'>tempus</span> <span class='ocrx_word' id='word_1_12' title='bbox 1420 297 1645 342; x_wconf 83' lang='lat' dir='ltr'>fructuum</span> <span class='ocrx_word' id='word_1_13' title='bbox 1665 313 1738 356; x_wconf 90' lang='lat' dir='ltr'>ap-</span> 
     </span>
     <span class='ocr_line' id='line_1_3' title="bbox 350 366 1738 429; baseline 0.001 -18"><span class='ocrx_word' id='word_1_14' title='bbox 350 390 369 412; x_wconf 85' lang='lat'>»</span> <span class='ocrx_word' id='word_1_15' title='bbox 398 369 748 429; x_wconf 78' lang='lat' dir='ltr'>propinquasset,</span> <span class='ocrx_word' id='word_1_16' title='bbox 774 369 887 413; x_wconf 86' lang='lat' dir='ltr'>misit</span> <span class='ocrx_word' id='word_1_17' title='bbox 910 384 1053 413; x_wconf 89' lang='lat' dir='ltr'>servos</span> <span class='ocrx_word' id='word_1_18' title='bbox 1076 384 1174 413; x_wconf 87' lang='lat' dir='ltr'>suos</span> <span class='ocrx_word' id='word_1_19' title='bbox 1199 368 1254 412; x_wconf 88' lang='lat' dir='ltr'>ad</span> <span class='ocrx_word' id='word_1_20' title='bbox 1281 366 1491 428; x_wconf 77' lang='lat' dir='ltr'>agricolas</span> <span class='ocrx_word' id='word_1_21' title='bbox 1507 403 1518 422; x_wconf 91' lang='lat'>,</span> <span class='ocrx_word' id='word_1_22' title='bbox 1546 377 1596 413; x_wconf 87' lang='lat' dir='ltr'>ut</span> <span class='ocrx_word' id='word_1_23' title='bbox 1622 369 1738 412; x_wconf 88' lang='lat' dir='ltr'>acci-</span> 
     </span>
     <span class='ocr_line' id='line_1_4' title="bbox 350 439 1737 500; baseline 0.001 -17"><span class='ocrx_word' id='word_1_24' title='bbox 350 461 370 483; x_wconf 88' lang='lat'>»</span> <span class='ocrx_word' id='word_1_25' title='bbox 400 450 552 500; x_wconf 85' lang='lat' dir='ltr'>perent</span> <span class='ocrx_word' id='word_1_26' title='bbox 576 439 742 484; x_wconf 83' lang='lat' dir='ltr'>fructus</span> <span class='ocrx_word' id='word_1_27' title='bbox 765 441 871 500; x_wconf 86' lang='lat' dir='ltr'>ejus.</span> <span class='ocrx_word' id='word_1_28' title='bbox 898 443 954 485; x_wconf 88' lang='lat' dir='ltr'>Et</span> <span class='ocrx_word' id='word_1_29' title='bbox 975 440 1172 500; x_wconf 79' lang='lat' dir='ltr'>agricolae</span> <span class='ocrx_word' id='word_1_30' title='bbox 1188 441 1466 500; x_wconf 83' lang='lat' dir='ltr'>apprehensis</span> <span class='ocrx_word' id='word_1_31' title='bbox 1483 439 1614 486; x_wconf 87' lang='lat' dir='ltr'>servis</span> <span class='ocrx_word' id='word_1_32' title='bbox 1628 441 1737 500; x_wconf 87' lang='lat' dir='ltr'>ejus,</span> 
     </span>
     <span class='ocr_line' id='line_1_5' title="bbox 352 509 1741 570; baseline 0.001 -17"><span class='ocrx_word' id='word_1_33' title='bbox 352 531 369 553; x_wconf 89' lang='lat'>»</span> <span class='ocrx_word' id='word_1_34' title='bbox 398 512 530 556; x_wconf 85' lang='lat' dir='ltr'>alium</span> <span class='ocrx_word' id='word_1_35' title='bbox 553 510 830 567; x_wconf 81' lang='lat' dir='ltr'>ceciderunt,</span> <span class='ocrx_word' id='word_1_36' title='bbox 865 511 998 556; x_wconf 90' lang='lat' dir='ltr'>alium</span> <span class='ocrx_word' id='word_1_37' title='bbox 1033 512 1289 556; x_wconf 92' lang='lat' dir='ltr'>occiderunt</span> <span class='ocrx_word' id='word_1_38' title='bbox 1307 547 1317 566; x_wconf 89' lang='lat'>,</span> <span class='ocrx_word' id='word_1_39' title='bbox 1344 509 1478 556; x_wconf 88' lang='lat' dir='ltr'>alium</span> <span class='ocrx_word' id='word_1_40' title='bbox 1506 526 1609 556; x_wconf 89' lang='lat' dir='ltr'>vero</span> <span class='ocrx_word' id='word_1_41' title='bbox 1630 510 1741 570; x_wconf 87' lang='lat' dir='ltr'>lapi-</span> 
     </span>
     <span class='ocr_line' id='line_1_6' title="bbox 350 583 1741 644; baseline 0.001 -19"><span class='ocrx_word' id='word_1_42' title='bbox 350 603 370 626; x_wconf 93' lang='lat'>»</span> <span class='ocrx_word' id='word_1_43' title='bbox 397 584 628 629; x_wconf 86' lang='lat' dir='ltr'>daverunt.</span> <span class='ocrx_word' id='word_1_44' title='bbox 659 586 821 628; x_wconf 90' lang='lat' dir='ltr'>lterum</span> <span class='ocrx_word' id='word_1_45' title='bbox 846 584 961 628; x_wconf 88' lang='lat' dir='ltr'>misit</span> <span class='ocrx_word' id='word_1_46' title='bbox 979 583 1082 628; x_wconf 88' lang='lat' dir='ltr'>alios</span> <span class='ocrx_word' id='word_1_47' title='bbox 1106 599 1250 629; x_wconf 92' lang='lat' dir='ltr'>servos</span> <span class='ocrx_word' id='word_1_48' title='bbox 1273 583 1419 644; x_wconf 87' lang='lat' dir='ltr'>plures</span> <span class='ocrx_word' id='word_1_49' title='bbox 1438 583 1674 644; x_wconf 84' lang='lat' dir='ltr'>prioribus,</span> <span class='ocrx_word' id='word_1_50' title='bbox 1697 591 1741 626; x_wconf 90' lang='lat' dir='ltr'>et</span> 
     </span>
     <span class='ocr_line' id='line_1_7' title="bbox 348 654 1741 701; baseline 0.001 -5"><span class='ocrx_word' id='word_1_51' title='bbox 348 673 368 696; x_wconf 91' lang='lat'>»</span> <span class='ocrx_word' id='word_1_52' title='bbox 396 654 595 700; x_wconf 86' lang='lat' dir='ltr'>fecerunt</span> <span class='ocrx_word' id='word_1_53' title='bbox 629 654 712 700; x_wconf 89' lang='lat' dir='ltr'>illis</span> <span class='ocrx_word' id='word_1_54' title='bbox 741 654 952 700; x_wconf 86' lang='lat' dir='ltr'>similiter.</span> <span class='ocrx_word' id='word_1_55' title='bbox 991 655 1228 701; x_wconf 90' lang='lat' dir='ltr'>Novissime</span> <span class='ocrx_word' id='word_1_56' title='bbox 1266 665 1412 699; x_wconf 89' lang='lat' dir='ltr'>autem</span> <span class='ocrx_word' id='word_1_57' title='bbox 1445 654 1563 698; x_wconf 86' lang='lat' dir='ltr'>misit</span> <span class='ocrx_word' id='word_1_58' title='bbox 1592 654 1647 698; x_wconf 91' lang='lat' dir='ltr'>ad</span> <span class='ocrx_word' id='word_1_59' title='bbox 1668 668 1741 698; x_wconf 89' lang='lat' dir='ltr'>eos</span> 
     </span>
     <span class='ocr_line' id='line_1_8' title="bbox 346 724 1742 784; baseline 0 -16"><span class='ocrx_word' id='word_1_60' title='bbox 346 745 366 768; x_wconf 87' lang='lat'>»</span> <span class='ocrx_word' id='word_1_61' title='bbox 394 726 532 771; x_wconf 88' lang='lat' dir='ltr'>filium</span> <span class='ocrx_word' id='word_1_62' title='bbox 546 742 690 782; x_wconf 87' lang='lat' dir='ltr'>suum,</span> <span class='ocrx_word' id='word_1_63' title='bbox 710 726 857 771; x_wconf 90' lang='lat' dir='ltr'>dicens</span> <span class='ocrx_word' id='word_1_64' title='bbox 875 747 884 771; x_wconf 78' lang='lat'>2</span> <span class='ocrx_word' id='word_1_65' title='bbox 900 726 1181 770; x_wconf 79' lang='lat' dir='ltr'>verebuntur</span> <span class='ocrx_word' id='word_1_66' title='bbox 1195 726 1334 770; x_wconf 81' lang='lat' dir='ltr'>filium</span> <span class='ocrx_word' id='word_1_67' title='bbox 1350 741 1512 770; x_wconf 89' lang='lat' dir='ltr'>meum.</span> <span class='ocrx_word' id='word_1_68' title='bbox 1526 724 1742 784; x_wconf 78' lang='lat' dir='ltr'>Agricolae</span> 
     </span>
     <span class='ocr_line' id='line_1_9' title="bbox 349 796 1738 852; baseline 0.001 -13"><span class='ocrx_word' id='word_1_69' title='bbox 349 819 365 839; x_wconf 82' lang='lat'>»</span> <span class='ocrx_word' id='word_1_70' title='bbox 394 808 539 842; x_wconf 89' lang='lat' dir='ltr'>autem</span> <span class='ocrx_word' id='word_1_71' title='bbox 553 798 751 843; x_wconf 91' lang='lat' dir='ltr'>videntes</span> <span class='ocrx_word' id='word_1_72' title='bbox 766 798 927 852; x_wconf 85' lang='lat' dir='ltr'>filiuni,</span> <span class='ocrx_word' id='word_1_73' title='bbox 954 796 1159 841; x_wconf 82' lang='lat' dir='ltr'>dixerunt</span> <span class='ocrx_word' id='word_1_74' title='bbox 1175 797 1288 842; x_wconf 88' lang='lat' dir='ltr'>intra</span> <span class='ocrx_word' id='word_1_75' title='bbox 1311 812 1355 842; x_wconf 89' lang='lat' dir='ltr'>se</span> <span class='ocrx_word' id='word_1_76' title='bbox 1374 816 1382 842; x_wconf 78' lang='lat' dir='ltr'><strong><em>z</em></strong></span> <span class='ocrx_word' id='word_1_77' title='bbox 1406 797 1486 842; x_wconf 93' lang='lat' dir='ltr'>Hic</span> <span class='ocrx_word' id='word_1_78' title='bbox 1504 806 1569 842; x_wconf 92' lang='lat' dir='ltr'>est</span> <span class='ocrx_word' id='word_1_79' title='bbox 1584 797 1738 852; x_wconf 87' lang='lat' dir='ltr'>haeres,</span> 
     </span>
     <span class='ocr_line' id='line_1_10' title="bbox 344 868 1737 928; baseline 0 -17"><span class='ocrx_word' id='word_1_80' title='bbox 344 887 363 911; x_wconf 88' lang='lat'>»</span> <span class='ocrx_word' id='word_1_81' title='bbox 391 870 534 913; x_wconf 83' lang='lat' dir='ltr'>venite</span> <span class='ocrx_word' id='word_1_82' title='bbox 555 868 809 913; x_wconf 83' lang='lat' dir='ltr'>occidamus</span> <span class='ocrx_word' id='word_1_83' title='bbox 832 883 949 923; x_wconf 90' lang='lat' dir='ltr'>eum,</span> <span class='ocrx_word' id='word_1_84' title='bbox 976 877 1020 912; x_wconf 91' lang='lat' dir='ltr'>et</span> <span class='ocrx_word' id='word_1_85' title='bbox 1037 868 1297 913; x_wconf 84' lang='lat' dir='ltr'>habebimus</span> <span class='ocrx_word' id='word_1_86' title='bbox 1313 868 1610 914; x_wconf 81' lang='lat' dir='ltr'>haereditatem</span> <span class='ocrx_word' id='word_1_87' title='bbox 1629 869 1737 928; x_wconf 81' lang='lat' dir='ltr'>ejus.</span> 
     </span>
     <span class='ocr_line' id='line_1_11' title="bbox 341 941 1737 1000; baseline 0.001 -19"><span class='ocrx_word' id='word_1_88' title='bbox 341 959 361 982; x_wconf 88' lang='lat'>»</span> <span class='ocrx_word' id='word_1_89' title='bbox 390 943 445 985; x_wconf 92' lang='lat' dir='ltr'>Et</span> <span class='ocrx_word' id='word_1_90' title='bbox 477 941 798 999; x_wconf 87' lang='lat' dir='ltr'>apprehensum</span> <span class='ocrx_word' id='word_1_91' title='bbox 837 942 1059 1000; x_wconf 86' lang='lat' dir='ltr'>ejecerunt</span> <span class='ocrx_word' id='word_1_92' title='bbox 1093 955 1195 985; x_wconf 89' lang='lat' dir='ltr'>eum</span> <span class='ocrx_word' id='word_1_93' title='bbox 1232 941 1346 986; x_wconf 87' lang='lat' dir='ltr'>foras</span> <span class='ocrx_word' id='word_1_94' title='bbox 1383 951 1503 985; x_wconf 84' lang='lat' dir='ltr'>extra</span> <span class='ocrx_word' id='word_1_95' title='bbox 1537 941 1737 994; x_wconf 84' lang='lat' dir='ltr'>vineam,</span> 
     </span>
     <span class='ocr_line' id='line_1_12' title="bbox 343 1010 1741 1072; baseline 0.001 -20"><span class='ocrx_word' id='word_1_96' title='bbox 343 1030 363 1052; x_wconf 87' lang='lat'>»</span> <span class='ocrx_word' id='word_1_97' title='bbox 389 1021 432 1056; x_wconf 89' lang='lat' dir='ltr'>et</span> <span class='ocrx_word' id='word_1_98' title='bbox 452 1010 722 1056; x_wconf 88' lang='lat' dir='ltr'>occiderunt.</span> <span class='ocrx_word' id='word_1_99' title='bbox 750 1014 862 1057; x_wconf 90' lang='lat' dir='ltr'>Cum</span> <span class='ocrx_word' id='word_1_100' title='bbox 887 1027 989 1071; x_wconf 87' lang='lat' dir='ltr'>ergo</span> <span class='ocrx_word' id='word_1_101' title='bbox 1011 1014 1178 1057; x_wconf 84' lang='lat' dir='ltr'>venerit</span> <span class='ocrx_word' id='word_1_102' title='bbox 1208 1013 1419 1058; x_wconf 89' lang='lat' dir='ltr'>Dominus</span> <span class='ocrx_word' id='word_1_103' title='bbox 1441 1013 1580 1057; x_wconf 83' lang='lat' dir='ltr'>vineae</span> <span class='ocrx_word' id='word_1_104' title='bbox 1597 1047 1607 1066; x_wconf 97' lang='lat'>,</span> <span class='ocrx_word' id='word_1_105' title='bbox 1633 1011 1741 1072; x_wconf 89' lang='lat' dir='ltr'>quid</span> 
     </span>
     <span class='ocr_line' id='line_1_13' title="bbox 343 1082 1741 1144; baseline 0.001 -20"><span class='ocrx_word' id='word_1_106' title='bbox 343 1103 360 1124; x_wconf 57' lang='grc' dir='ltr'>ν)</span> <span class='ocrx_word' id='word_1_107' title='bbox 390 1082 518 1128; x_wconf 84' lang='lat' dir='ltr'>faciet</span> <span class='ocrx_word' id='word_1_108' title='bbox 539 1084 734 1142; x_wconf 83' lang='lat' dir='ltr'>agricolis</span> <span class='ocrx_word' id='word_1_109' title='bbox 756 1083 866 1128; x_wconf 73' lang='lat' dir='ltr'>illis?</span> <span class='ocrx_word' id='word_1_110' title='bbox 889 1084 1027 1128; x_wconf 87' lang='lat' dir='ltr'>Aiunt</span> <span class='ocrx_word' id='word_1_111' title='bbox 1043 1083 1105 1127; x_wconf 88' lang='lat' dir='ltr'>illi</span> <span class='ocrx_word' id='word_1_112' title='bbox 1126 1103 1134 1128; x_wconf 73' lang='grc' dir='ltr'>ς</span> <span class='ocrx_word' id='word_1_113' title='bbox 1162 1084 1298 1130; x_wconf 90' lang='lat' dir='ltr'>Malos</span> <span class='ocrx_word' id='word_1_114' title='bbox 1331 1085 1444 1128; x_wconf 86' lang='lat' dir='ltr'>male</span> <span class='ocrx_word' id='word_1_115' title='bbox 1472 1082 1629 1144; x_wconf 89' lang='lat' dir='ltr'>perdet</span> <span class='ocrx_word' id='word_1_116' title='bbox 1649 1117 1661 1138; x_wconf 91' lang='lat'>,</span> <span class='ocrx_word' id='word_1_117' title='bbox 1696 1090 1741 1126; x_wconf 87' lang='lat' dir='ltr'>et</span> 
     </span>
     <span class='ocr_line' id='line_1_14' title="bbox 342 1153 1740 1217; baseline 0.001 -20"><span class='ocrx_word' id='word_1_118' title='bbox 342 1173 360 1196; x_wconf 91' lang='lat'>»</span> <span class='ocrx_word' id='word_1_119' title='bbox 384 1155 555 1200; x_wconf 88' lang='lat' dir='ltr'>vineam</span> <span class='ocrx_word' id='word_1_120' title='bbox 573 1171 695 1200; x_wconf 90' lang='lat' dir='ltr'>suam</span> <span class='ocrx_word' id='word_1_121' title='bbox 719 1154 879 1200; x_wconf 75' lang='lat' dir='ltr'>locabit</span> <span class='ocrx_word' id='word_1_122' title='bbox 897 1154 989 1200; x_wconf 90' lang='lat' dir='ltr'>aliis</span> <span class='ocrx_word' id='word_1_123' title='bbox 1012 1155 1209 1215; x_wconf 85' lang='lat' dir='ltr'>agricolis</span> <span class='ocrx_word' id='word_1_124' title='bbox 1225 1192 1236 1212; x_wconf 88' lang='lat'>,</span> <span class='ocrx_word' id='word_1_125' title='bbox 1263 1157 1337 1217; x_wconf 91' lang='lat' dir='ltr'>qui</span> <span class='ocrx_word' id='word_1_126' title='bbox 1360 1155 1546 1200; x_wconf 81' lang='lat' dir='ltr'>reddant</span> <span class='ocrx_word' id='word_1_127' title='bbox 1564 1156 1603 1199; x_wconf 92' lang='lat' dir='ltr'>ei</span> <span class='ocrx_word' id='word_1_128' title='bbox 1618 1153 1740 1199; x_wconf 82' lang='lat' dir='ltr'>fruc-</span> 
     </span>
     <span class='ocr_line' id='line_1_15' title="bbox 344 1225 1742 1288; baseline 0.001 -19"><span class='ocrx_word' id='word_1_129' title='bbox 344 1246 363 1269; x_wconf 90' lang='lat'>»</span> <span class='ocrx_word' id='word_1_130' title='bbox 392 1236 459 1271; x_wconf 86' lang='lat' dir='ltr'>tus</span> <span class='ocrx_word' id='word_1_131' title='bbox 483 1227 754 1287; x_wconf 83' lang='lat' dir='ltr'>temporibus</span> <span class='ocrx_word' id='word_1_132' title='bbox 777 1228 879 1272; x_wconf 88' lang='lat' dir='ltr'>suis.</span> <span class='ocrx_word' id='word_1_133' title='bbox 909 1228 1020 1273; x_wconf 85' lang='lat' dir='ltr'>Dicit</span> <span class='ocrx_word' id='word_1_134' title='bbox 1042 1228 1126 1272; x_wconf 87' lang='lat' dir='ltr'>illis</span> <span class='ocrx_word' id='word_1_135' title='bbox 1148 1231 1298 1273; x_wconf 89' lang='lat' dir='ltr'>Jesus:</span> <span class='ocrx_word' id='word_1_136' title='bbox 1322 1231 1557 1288; x_wconf 84' lang='lat' dir='ltr'>Nunquam</span> <span class='ocrx_word' id='word_1_137' title='bbox 1578 1225 1742 1286; x_wconf 84' lang='lat' dir='ltr'>legistis</span> 
     </span>
     <span class='ocr_line' id='line_1_16' title="bbox 342 1299 1742 1360; baseline 0.001 -20"><span class='ocrx_word' id='word_1_138' title='bbox 342 1316 363 1341; x_wconf 86' lang='lat'>»</span> <span class='ocrx_word' id='word_1_139' title='bbox 388 1299 434 1342; x_wconf 91' lang='lat' dir='ltr'>in</span> <span class='ocrx_word' id='word_1_140' title='bbox 461 1299 721 1359; x_wconf 87' lang='lat' dir='ltr'>Scripturis:</span> <span class='ocrx_word' id='word_1_141' title='bbox 748 1300 958 1359; x_wconf 83' lang='lat' dir='ltr'>Lapidem</span> <span class='ocrx_word' id='word_1_142' title='bbox 983 1315 1115 1360; x_wconf 87' lang='lat' dir='ltr'>quem</span> <span class='ocrx_word' id='word_1_143' title='bbox 1145 1301 1492 1359; x_wconf 88' lang='lat' dir='ltr'>reprobaverunt</span> <span class='ocrx_word' id='word_1_144' title='bbox 1519 1299 1742 1343; x_wconf 81' lang='lat' dir='ltr'>aedifican-</span> 
     </span>
     <span class='ocr_line' id='line_1_17' title="bbox 340 1368 1741 1431; baseline 0.001 -19"><span class='ocrx_word' id='word_1_145' title='bbox 340 1390 359 1412; x_wconf 91' lang='lat'>»</span> <span class='ocrx_word' id='word_1_146' title='bbox 387 1380 449 1415; x_wconf 88' lang='lat' dir='ltr'>tes</span> <span class='ocrx_word' id='word_1_147' title='bbox 467 1406 477 1425; x_wconf 93' lang='lat'>,</span> <span class='ocrx_word' id='word_1_148' title='bbox 505 1371 576 1415; x_wconf 93' lang='lat' dir='ltr'>hic</span> <span class='ocrx_word' id='word_1_149' title='bbox 598 1371 738 1416; x_wconf 89' lang='lat' dir='ltr'>factus</span> <span class='ocrx_word' id='word_1_150' title='bbox 765 1380 827 1415; x_wconf 88' lang='lat' dir='ltr'>est</span> <span class='ocrx_word' id='word_1_151' title='bbox 848 1371 894 1414; x_wconf 92' lang='lat' dir='ltr'>in</span> <span class='ocrx_word' id='word_1_152' title='bbox 926 1380 1057 1431; x_wconf 89' lang='lat' dir='ltr'>caput</span> <span class='ocrx_word' id='word_1_153' title='bbox 1084 1370 1233 1430; x_wconf 85' lang='lat' dir='ltr'>anguli</span> <span class='ocrx_word' id='word_1_154' title='bbox 1250 1374 1262 1398; x_wconf 92' lang='lat'><strong>¹</strong></span> <span class='ocrx_word' id='word_1_155' title='bbox 1287 1391 1296 1416; x_wconf 72' lang='grc' dir='ltr'>ι</span> <span class='ocrx_word' id='word_1_156' title='bbox 1320 1388 1341 1415; x_wconf 91' lang='lat' dir='ltr'>a</span> <span class='ocrx_word' id='word_1_157' title='bbox 1368 1372 1554 1416; x_wconf 90' lang='lat' dir='ltr'>Domino</span> <span class='ocrx_word' id='word_1_158' title='bbox 1577 1368 1741 1414; x_wconf 87' lang='lat' dir='ltr'>factum</span> 
     </span>
     <span class='ocr_line' id='line_1_18' title="bbox 341 1441 1743 1498; baseline 0.003 -15"><span class='ocrx_word' id='word_1_159' title='bbox 341 1461 361 1484; x_wconf 94' lang='lat'>»</span> <span class='ocrx_word' id='word_1_160' title='bbox 390 1452 452 1487; x_wconf 91' lang='lat' dir='ltr'>est</span> <span class='ocrx_word' id='word_1_161' title='bbox 470 1442 605 1498; x_wconf 90' lang='lat' dir='ltr'>istud,</span> <span class='ocrx_word' id='word_1_162' title='bbox 629 1453 674 1487; x_wconf 91' lang='lat' dir='ltr'>et</span> <span class='ocrx_word' id='word_1_163' title='bbox 695 1452 758 1487; x_wconf 89' lang='lat' dir='ltr'>est</span> <span class='ocrx_word' id='word_1_164' title='bbox 776 1442 973 1487; x_wconf 87' lang='lat' dir='ltr'>mirabile</span> <span class='ocrx_word' id='word_1_165' title='bbox 994 1444 1039 1487; x_wconf 87' lang='lat' dir='ltr'>in</span> <span class='ocrx_word' id='word_1_166' title='bbox 1055 1442 1192 1487; x_wconf 87' lang='lat' dir='ltr'>oculis</span> <span class='ocrx_word' id='word_1_167' title='bbox 1215 1443 1402 1488; x_wconf 75' lang='lat' dir='ltr'>nostris?</span> <span class='ocrx_word' id='word_1_168' title='bbox 1426 1441 1530 1486; x_wconf 90' lang='lat' dir='ltr'>Ideo</span> <span class='ocrx_word' id='word_1_169' title='bbox 1552 1441 1651 1487; x_wconf 90' lang='lat' dir='ltr'>dico</span> <span class='ocrx_word' id='word_1_170' title='bbox 1665 1457 1743 1487; x_wconf 90' lang='lat' dir='ltr'>vo-</span> 
     </span>
     <span class='ocr_line' id='line_1_19' title="bbox 342 1513 1743 1575; baseline 0.001 -20"><span class='ocrx_word' id='word_1_171' title='bbox 342 1533 360 1555; x_wconf 88' lang='lat'>»</span> <span class='ocrx_word' id='word_1_172' title='bbox 386 1514 476 1569; x_wconf 89' lang='lat' dir='ltr'>bis,</span> <span class='ocrx_word' id='word_1_173' title='bbox 513 1515 617 1575; x_wconf 88' lang='lat' dir='ltr'>quia</span> <span class='ocrx_word' id='word_1_174' title='bbox 654 1513 879 1559; x_wconf 86' lang='lat' dir='ltr'>auferetur</span> <span class='ocrx_word' id='word_1_175' title='bbox 916 1531 939 1558; x_wconf 90' lang='lat' dir='ltr'>a</span> <span class='ocrx_word' id='word_1_176' title='bbox 973 1514 1097 1559; x_wconf 89' lang='lat' dir='ltr'>vobis</span> <span class='ocrx_word' id='word_1_177' title='bbox 1132 1530 1317 1574; x_wconf 90' lang='lat' dir='ltr'>regnum</span> <span class='ocrx_word' id='word_1_178' title='bbox 1353 1515 1451 1569; x_wconf 87' lang='lat' dir='ltr'>Dei,</span> <span class='ocrx_word' id='word_1_179' title='bbox 1489 1523 1532 1558; x_wconf 87' lang='lat' dir='ltr'>et</span> <span class='ocrx_word' id='word_1_180' title='bbox 1564 1513 1743 1559; x_wconf 85' lang='lat' dir='ltr'>dabitur</span> 
     </span>
     <span class='ocr_line' id='line_1_20' title="bbox 342 1584 1744 1646; baseline 0.002 -19"><span class='ocrx_word' id='word_1_181' title='bbox 342 1605 361 1627; x_wconf 87' lang='lat'>»</span> <span class='ocrx_word' id='word_1_182' title='bbox 389 1586 508 1644; x_wconf 91' lang='lat' dir='ltr'>genti</span> <span class='ocrx_word' id='word_1_183' title='bbox 530 1584 708 1630; x_wconf 85' lang='lat' dir='ltr'>facienti</span> <span class='ocrx_word' id='word_1_184' title='bbox 736 1585 905 1631; x_wconf 89' lang='lat' dir='ltr'>fructus</span> <span class='ocrx_word' id='word_1_185' title='bbox 929 1586 1050 1646; x_wconf 85' lang='lat' dir='ltr'>ejus²</span> <span class='ocrx_word' id='word_1_186' title='bbox 1068 1603 1107 1630; x_wconf 86' lang='lat'>».</span> <span class='ocrx_word' id='word_1_187' title='bbox 1135 1585 1252 1640; x_wconf 90' lang='lat' dir='ltr'>Quid</span> <span class='ocrx_word' id='word_1_188' title='bbox 1275 1587 1359 1632; x_wconf 94' lang='lat' dir='ltr'>hoc</span> <span class='ocrx_word' id='word_1_189' title='bbox 1391 1587 1580 1646; x_wconf 89' lang='lat' dir='ltr'>apertius</span> <span class='ocrx_word' id='word_1_190' title='bbox 1597 1621 1608 1642; x_wconf 87' lang='lat'>,</span> <span class='ocrx_word' id='word_1_191' title='bbox 1634 1584 1744 1646; x_wconf 87' lang='lat' dir='ltr'>quid</span> 
     </span>
     <span class='ocr_line' id='line_1_21' title="bbox 338 1656 1738 1717; baseline 0 -16"><span class='ocrx_word' id='word_1_192' title='bbox 338 1656 495 1701; x_wconf 91' lang='lat' dir='ltr'>clarius</span> <span class='ocrx_word' id='word_1_193' title='bbox 513 1691 523 1712; x_wconf 98' lang='lat'>,</span> <span class='ocrx_word' id='word_1_194' title='bbox 550 1656 659 1717; x_wconf 87' lang='lat' dir='ltr'>quid</span> <span class='ocrx_word' id='word_1_195' title='bbox 682 1657 927 1702; x_wconf 91' lang='lat' dir='ltr'>evidentius</span> <span class='ocrx_word' id='word_1_196' title='bbox 945 1658 962 1699; x_wconf 68' lang='grc' dir='ltr'>ἱ)</span> <span class='ocrx_word' id='word_1_197' title='bbox 987 1658 1071 1702; x_wconf 86' lang='lat' dir='ltr'>Sed</span> <span class='ocrx_word' id='word_1_198' title='bbox 1089 1657 1169 1702; x_wconf 92' lang='lat' dir='ltr'>iste</span> <span class='ocrx_word' id='word_1_199' title='bbox 1187 1657 1243 1702; x_wconf 90' lang='lat' dir='ltr'>de</span> <span class='ocrx_word' id='word_1_200' title='bbox 1264 1656 1442 1703; x_wconf 86' lang='lat' dir='ltr'>illorum</span> <span class='ocrx_word' id='word_1_201' title='bbox 1457 1672 1643 1702; x_wconf 82' lang='lat' dir='ltr'>numero</span> <span class='ocrx_word' id='word_1_202' title='bbox 1658 1665 1738 1712; x_wconf 90' lang='lat' dir='ltr'>est,</span> 
     </span>
     <span class='ocr_line' id='line_1_22' title="bbox 339 1726 1739 1789; baseline 0 -18"><span class='ocrx_word' id='word_1_203' title='bbox 339 1728 415 1788; x_wconf 84' lang='lat' dir='ltr'>qui</span> <span class='ocrx_word' id='word_1_204' title='bbox 444 1744 588 1773; x_wconf 89' lang='lat' dir='ltr'>servos</span> <span class='ocrx_word' id='word_1_205' title='bbox 619 1726 939 1788; x_wconf 85' lang='lat' dir='ltr'>patrisfamilias</span> <span class='ocrx_word' id='word_1_206' title='bbox 973 1728 1103 1788; x_wconf 84' lang='lat' dir='ltr'>hujus</span> <span class='ocrx_word' id='word_1_207' title='bbox 1142 1728 1463 1789; x_wconf 75' lang='lat' dir='ltr'>lapidaverunt,</span> <span class='ocrx_word' id='word_1_208' title='bbox 1502 1731 1595 1774; x_wconf 91' lang='lat' dir='ltr'>Hoc</span> <span class='ocrx_word' id='word_1_209' title='bbox 1622 1727 1739 1772; x_wconf 91' lang='lat' dir='ltr'>enim</span> 
     </span>
     <span class='ocr_line' id='line_1_23' title="bbox 340 1798 1743 1855; baseline -0.001 -11"><span class='ocrx_word' id='word_1_210' title='bbox 340 1798 473 1855; x_wconf 86' lang='lat' dir='ltr'>facit,</span> <span class='ocrx_word' id='word_1_211' title='bbox 499 1815 592 1844; x_wconf 89' lang='lat' dir='ltr'>non</span> <span class='ocrx_word' id='word_1_212' title='bbox 616 1799 775 1844; x_wconf 91' lang='lat' dir='ltr'>ictibus</span> <span class='ocrx_word' id='word_1_213' title='bbox 798 1799 958 1855; x_wconf 86' lang='lat' dir='ltr'>saxeis,</span> <span class='ocrx_word' id='word_1_214' title='bbox 984 1798 1061 1844; x_wconf 86' lang='lat' dir='ltr'>sed</span> <span class='ocrx_word' id='word_1_215' title='bbox 1077 1799 1460 1846; x_wconf 85' lang='lat' dir='ltr'>maledictionibus</span> <span class='ocrx_word' id='word_1_216' title='bbox 1478 1799 1613 1844; x_wconf 88' lang='lat' dir='ltr'>duris.</span> <span class='ocrx_word' id='word_1_217' title='bbox 1631 1801 1743 1845; x_wconf 88' lang='lat' dir='ltr'>Nam</span> 
     </span>
     <span class='ocr_line' id='line_1_24' title="bbox 342 1870 1744 1931; baseline -0.001 -15"><span class='ocrx_word' id='word_1_218' title='bbox 342 1880 385 1916; x_wconf 90' lang='lat' dir='ltr'>et</span> <span class='ocrx_word' id='word_1_219' title='bbox 409 1871 613 1931; x_wconf 89' lang='lat' dir='ltr'>primitus</span> <span class='ocrx_word' id='word_1_220' title='bbox 640 1871 686 1915; x_wconf 90' lang='lat' dir='ltr'>in</span> <span class='ocrx_word' id='word_1_221' title='bbox 709 1879 838 1931; x_wconf 88' lang='lat' dir='ltr'>gente</span> <span class='ocrx_word' id='word_1_222' title='bbox 860 1873 884 1916; x_wconf 92' lang='lat' dir='ltr'>J</span> <span class='ocrx_word' id='word_1_223' title='bbox 889 1871 1118 1916; x_wconf 84' lang='lat' dir='ltr'>udaeorum</span> <span class='ocrx_word' id='word_1_224' title='bbox 1141 1872 1312 1917; x_wconf 89' lang='lat' dir='ltr'>vineam</span> <span class='ocrx_word' id='word_1_225' title='bbox 1343 1872 1422 1916; x_wconf 91' lang='lat' dir='ltr'>Dei</span> <span class='ocrx_word' id='word_1_226' title='bbox 1449 1887 1539 1916; x_wconf 88' lang='lat' dir='ltr'>esse</span> <span class='ocrx_word' id='word_1_227' title='bbox 1571 1870 1744 1931; x_wconf 91' lang='lat' dir='ltr'>planta-</span> 
     </span>
     <span class='ocr_line' id='line_1_25' title="bbox 346 1941 1742 2002; baseline 0 -16"><span class='ocrx_word' id='word_1_228' title='bbox 346 1950 450 1997; x_wconf 88' lang='lat' dir='ltr'>tam,</span> <span class='ocrx_word' id='word_1_229' title='bbox 475 1942 715 2002; x_wconf 89' lang='lat' dir='ltr'>missosque</span> <span class='ocrx_word' id='word_1_230' title='bbox 739 1942 977 2001; x_wconf 87' lang='lat' dir='ltr'>Prophetas</span> <span class='ocrx_word' id='word_1_231' title='bbox 1004 1951 1104 1986; x_wconf 91' lang='lat' dir='ltr'>ante</span> <span class='ocrx_word' id='word_1_232' title='bbox 1123 1943 1266 2002; x_wconf 91' lang='lat' dir='ltr'>ipsum</span> <span class='ocrx_word' id='word_1_233' title='bbox 1297 1958 1387 1987; x_wconf 91' lang='lat' dir='ltr'>esse</span> <span class='ocrx_word' id='word_1_234' title='bbox 1409 1942 1641 1988; x_wconf 91' lang='lat' dir='ltr'>Salvatoris</span> <span class='ocrx_word' id='word_1_235' title='bbox 1664 1941 1742 1986; x_wconf 89' lang='lat' dir='ltr'>ad-</span> 
     </span>
     <span class='ocr_line' id='line_1_26' title="bbox 344 2011 1742 2074; baseline 0 -17"><span class='ocrx_word' id='word_1_236' title='bbox 344 2023 542 2069; x_wconf 88' lang='lat' dir='ltr'>ventum,</span> <span class='ocrx_word' id='word_1_237' title='bbox 568 2011 776 2074; x_wconf 88' lang='lat' dir='ltr'>parabola</span> <span class='ocrx_word' id='word_1_238' title='bbox 791 2013 870 2057; x_wconf 90' lang='lat' dir='ltr'>ista</span> <span class='ocrx_word' id='word_1_239' title='bbox 887 2022 1083 2058; x_wconf 86' lang='lat' dir='ltr'>testatur.</span> <span class='ocrx_word' id='word_1_240' title='bbox 1105 2016 1280 2059; x_wconf 89' lang='lat' dir='ltr'>Etcum</span> <span class='ocrx_word' id='word_1_241' title='bbox 1296 2013 1402 2058; x_wconf 91' lang='lat' dir='ltr'>dicit</span> <span class='ocrx_word' id='word_1_242' title='bbox 1424 2033 1432 2058; x_wconf 75' lang='grc' dir='ltr'>ε</span> <span class='ocrx_word' id='word_1_243' title='bbox 1463 2033 1483 2056; x_wconf 89' lang='lat'>«</span> <span class='ocrx_word' id='word_1_244' title='bbox 1504 2011 1742 2058; x_wconf 87' lang='lat' dir='ltr'>Auferetur</span> 
     </span>
     <span class='ocr_line' id='line_1_27' title="bbox 349 2084 1743 2145; baseline 0.001 -17"><span class='ocrx_word' id='word_1_245' title='bbox 349 2104 368 2126; x_wconf 89' lang='lat'>»</span> <span class='ocrx_word' id='word_1_246' title='bbox 396 2101 420 2130; x_wconf 90' lang='lat' dir='ltr'>a</span> <span class='ocrx_word' id='word_1_247' title='bbox 441 2085 565 2130; x_wconf 90' lang='lat' dir='ltr'>vobis</span> <span class='ocrx_word' id='word_1_248' title='bbox 585 2101 770 2145; x_wconf 87' lang='lat' dir='ltr'>regnum</span> <span class='ocrx_word' id='word_1_249' title='bbox 800 2085 898 2140; x_wconf 88' lang='lat' dir='ltr'>Dei,</span> <span class='ocrx_word' id='word_1_250' title='bbox 935 2095 978 2130; x_wconf 91' lang='lat' dir='ltr'>et</span> <span class='ocrx_word' id='word_1_251' title='bbox 1015 2084 1191 2130; x_wconf 88' lang='lat' dir='ltr'>dabitur</span> <span class='ocrx_word' id='word_1_252' title='bbox 1225 2086 1344 2145; x_wconf 85' lang='lat' dir='ltr'>genti</span> <span class='ocrx_word' id='word_1_253' title='bbox 1377 2084 1553 2130; x_wconf 88' lang='lat' dir='ltr'>facienti</span> <span class='ocrx_word' id='word_1_254' title='bbox 1574 2084 1743 2130; x_wconf 85' lang='lat' dir='ltr'>fructus</span> 
     </span>
     <span class='ocr_line' id='line_1_28' title="bbox 350 2155 1742 2218; baseline 0.002 -21"><span class='ocrx_word' id='word_1_255' title='bbox 350 2174 371 2198; x_wconf 90' lang='lat'>»</span> <span class='ocrx_word' id='word_1_256' title='bbox 395 2157 487 2217; x_wconf 85' lang='lat' dir='ltr'>ejus</span> <span class='ocrx_word' id='word_1_257' title='bbox 508 2175 516 2201; x_wconf 92' lang='lat'>:</span> <span class='ocrx_word' id='word_1_258' title='bbox 541 2175 561 2198; x_wconf 93' lang='lat'>»</span> <span class='ocrx_word' id='word_1_259' title='bbox 598 2155 720 2217; x_wconf 89' lang='lat' dir='ltr'>quod</span> <span class='ocrx_word' id='word_1_260' title='bbox 750 2171 934 2217; x_wconf 87' lang='lat' dir='ltr'>regnum</span> <span class='ocrx_word' id='word_1_261' title='bbox 958 2155 1086 2212; x_wconf 91' lang='lat' dir='ltr'>dicit,</span> <span class='ocrx_word' id='word_1_262' title='bbox 1110 2157 1190 2201; x_wconf 90' lang='lat' dir='ltr'>nisi</span> <span class='ocrx_word' id='word_1_263' title='bbox 1213 2157 1335 2217; x_wconf 88' lang='lat' dir='ltr'>quod</span> <span class='ocrx_word' id='word_1_264' title='bbox 1356 2158 1618 2218; x_wconf 88' lang='lat' dir='ltr'>sperabant,</span> <span class='ocrx_word' id='word_1_265' title='bbox 1651 2171 1742 2202; x_wconf 94' lang='lat' dir='ltr'>non</span> 
     </span>
     <span class='ocr_line' id='line_1_29' title="bbox 346 2227 1740 2288; baseline 0.001 -16"><span class='ocrx_word' id='word_1_266' title='bbox 346 2227 468 2288; x_wconf 90' lang='lat' dir='ltr'>quod</span> <span class='ocrx_word' id='word_1_267' title='bbox 490 2237 763 2288; x_wconf 87' lang='lat' dir='ltr'>acceperant,</span> <span class='ocrx_word' id='word_1_268' title='bbox 788 2228 833 2272; x_wconf 87' lang='lat' dir='ltr'>id</span> <span class='ocrx_word' id='word_1_269' title='bbox 856 2237 939 2284; x_wconf 89' lang='lat' dir='ltr'>est,</span> <span class='ocrx_word' id='word_1_270' title='bbox 970 2229 1071 2273; x_wconf 83' lang='lat' dir='ltr'>vitae</span> <span class='ocrx_word' id='word_1_271' title='bbox 1094 2231 1301 2274; x_wconf 75' lang='lat' dir='ltr'>aeternae?</span> <span class='ocrx_word' id='word_1_272' title='bbox 1336 2230 1461 2275; x_wconf 91' lang='lat' dir='ltr'>Unde</span> <span class='ocrx_word' id='word_1_273' title='bbox 1483 2228 1587 2274; x_wconf 90' lang='lat' dir='ltr'>alibi</span> <span class='ocrx_word' id='word_1_274' title='bbox 1608 2227 1740 2274; x_wconf 89' lang='lat' dir='ltr'>dicit:</span> 
     </span>
     <span class='ocr_line' id='line_1_30' title="bbox 352 2299 1742 2361; baseline 0.001 -18"><span class='ocrx_word' id='word_1_275' title='bbox 352 2317 371 2341; x_wconf 84' lang='lat'>«</span> <span class='ocrx_word' id='word_1_276' title='bbox 396 2299 658 2344; x_wconf 90' lang='lat' dir='ltr'>Scrutamini</span> <span class='ocrx_word' id='word_1_277' title='bbox 683 2299 943 2359; x_wconf 89' lang='lat' dir='ltr'>Scripturas,</span> <span class='ocrx_word' id='word_1_278' title='bbox 959 2300 1003 2344; x_wconf 92' lang='lat' dir='ltr'>in</span> <span class='ocrx_word' id='word_1_279' title='bbox 1016 2299 1178 2360; x_wconf 84' lang='lat' dir='ltr'>quibus</span> <span class='ocrx_word' id='word_1_280' title='bbox 1198 2300 1359 2361; x_wconf 88' lang='lat' dir='ltr'>putatis</span> <span class='ocrx_word' id='word_1_281' title='bbox 1377 2316 1452 2346; x_wconf 87' lang='lat' dir='ltr'>vos</span> <span class='ocrx_word' id='word_1_282' title='bbox 1469 2300 1604 2346; x_wconf 90' lang='lat' dir='ltr'>vitam</span> <span class='ocrx_word' id='word_1_283' title='bbox 1615 2309 1742 2344; x_wconf 85' lang='lat' dir='ltr'>aeter·</span> 
     </span>
     <span class='ocr_line' id='line_1_31' title="bbox 351 2372 1743 2432; baseline 0.002 -19"><span class='ocrx_word' id='word_1_284' title='bbox 351 2389 372 2413; x_wconf 89' lang='lat'>»</span> <span class='ocrx_word' id='word_1_285' title='bbox 398 2387 498 2416; x_wconf 90' lang='lat' dir='ltr'>nam</span> <span class='ocrx_word' id='word_1_286' title='bbox 515 2372 699 2427; x_wconf 91' lang='lat' dir='ltr'>habere,</span> <span class='ocrx_word' id='word_1_287' title='bbox 722 2372 825 2432; x_wconf 83' lang='lat' dir='ltr'>ipsae</span> <span class='ocrx_word' id='word_1_288' title='bbox 847 2372 1147 2417; x_wconf 88' lang='lat' dir='ltr'>testimonium</span> <span class='ocrx_word' id='word_1_289' title='bbox 1170 2372 1403 2432; x_wconf 90' lang='lat' dir='ltr'>perhibent</span> <span class='ocrx_word' id='word_1_290' title='bbox 1425 2373 1480 2417; x_wconf 93' lang='lat' dir='ltr'>de</span> <span class='ocrx_word' id='word_1_291' title='bbox 1502 2373 1616 2417; x_wconf 84' lang='lat' dir='ltr'>me³.</span> <span class='ocrx_word' id='word_1_292' title='bbox 1637 2390 1659 2414; x_wconf 81' lang='lat'>»</span> <span class='ocrx_word' id='word_1_293' title='bbox 1686 2374 1743 2416; x_wconf 92' lang='lat' dir='ltr'>Et</span> 
     </span>
     <span class='ocr_line' id='line_1_32' title="bbox 349 2441 1740 2504; baseline 0.001 -17"><span class='ocrx_word' id='word_1_294' title='bbox 349 2441 475 2497; x_wconf 91' lang='lat' dir='ltr'>alibi,</span> <span class='ocrx_word' id='word_1_295' title='bbox 505 2461 525 2485; x_wconf 89' lang='lat'>«</span> <span class='ocrx_word' id='word_1_296' title='bbox 546 2445 624 2487; x_wconf 84' lang='lat' dir='ltr'>Vae</span> <span class='ocrx_word' id='word_1_297' title='bbox 646 2442 768 2488; x_wconf 90' lang='lat' dir='ltr'>vobis</span> <span class='ocrx_word' id='word_1_298' title='bbox 786 2443 1057 2503; x_wconf 83' lang='lat' dir='ltr'>legisperitis,</span> <span class='ocrx_word' id='word_1_299' title='bbox 1079 2444 1153 2504; x_wconf 87' lang='lat' dir='ltr'>qui</span> <span class='ocrx_word' id='word_1_300' title='bbox 1168 2443 1329 2488; x_wconf 89' lang='lat' dir='ltr'>tulistis</span> <span class='ocrx_word' id='word_1_301' title='bbox 1345 2444 1510 2490; x_wconf 87' lang='lat' dir='ltr'>clavem</span> <span class='ocrx_word' id='word_1_302' title='bbox 1526 2443 1740 2488; x_wconf 83' lang='lat' dir='ltr'>scientiae:</span> 
     </span>
     <span class='ocr_line' id='line_1_33' title="bbox 353 2513 1738 2576; baseline 0.001 -21"><span class='ocrx_word' id='word_1_303' title='bbox 353 2532 373 2555; x_wconf 89' lang='lat'>»</span> <span class='ocrx_word' id='word_1_304' title='bbox 401 2514 480 2573; x_wconf 88' lang='lat' dir='ltr'>ipsi</span> <span class='ocrx_word' id='word_1_305' title='bbox 499 2530 589 2559; x_wconf 91' lang='lat' dir='ltr'>non</span> <span class='ocrx_word' id='word_1_306' title='bbox 611 2513 841 2570; x_wconf 89' lang='lat' dir='ltr'>introistis,</span> <span class='ocrx_word' id='word_1_307' title='bbox 868 2524 912 2559; x_wconf 89' lang='lat' dir='ltr'>et</span> <span class='ocrx_word' id='word_1_308' title='bbox 936 2530 1008 2560; x_wconf 89' lang='lat' dir='ltr'>eos</span> <span class='ocrx_word' id='word_1_309' title='bbox 1031 2515 1106 2575; x_wconf 89' lang='lat' dir='ltr'>qui</span> <span class='ocrx_word' id='word_1_310' title='bbox 1128 2515 1370 2560; x_wconf 82' lang='lat' dir='ltr'>introibant</span> <span class='ocrx_word' id='word_1_311' title='bbox 1387 2515 1738 2576; x_wconf 82' lang='lat' dir='ltr'>prohibuistis4.»</span> 
     </span>
    </p>
   </div>
   <div class='ocr_carea' id='block_1_2' title="bbox 394 2600 1740 2645">
    <p class='ocr_par' dir='ltr' id='par_1_3' title="bbox 394 2600 1740 2645">
     <span class='ocr_line' id='line_1_34' title="bbox 394 2600 1740 2645; baseline 0.001 -13"><span class='ocrx_word' id='word_1_312' title='bbox 394 2602 407 2624; x_wconf 77' lang='grc' dir='ltr'>ῐ</span> <span class='ocrx_word' id='word_1_313' title='bbox 423 2601 500 2633; x_wconf 84' lang='lat' dir='ltr'>Psal.</span> <span class='ocrx_word' id='word_1_314' title='bbox 521 2611 684 2642; x_wconf 75' lang='lat' dir='ltr'>cxv11,·22.</span> <span class='ocrx_word' id='word_1_315' title='bbox 702 2619 743 2624; x_wconf 88' lang='lat'>——</span> <span class='ocrx_word' id='word_1_316' title='bbox 755 2608 767 2624; x_wconf 89' lang='lat'>²</span> <span class='ocrx_word' id='word_1_317' title='bbox 783 2602 898 2634; x_wconf 81' lang='lat' dir='ltr'>Matth.</span> <span class='ocrx_word' id='word_1_318' title='bbox 917 2613 985 2641; x_wconf 63' lang='grc' dir='ltr'>κῃ,</span> <span class='ocrx_word' id='word_1_319' title='bbox 1004 2602 1119 2642; x_wconf 69' lang='grc'>33-43.</span> <span class='ocrx_word' id='word_1_320' title='bbox 1137 2619 1177 2624; x_wconf 89' lang='grc'>-</span> <span class='ocrx_word' id='word_1_321' title='bbox 1194 2600 1311 2635; x_wconf 79' lang='lat' dir='ltr'>³Joan.</span> <span class='ocrx_word' id='word_1_322' title='bbox 1327 2613 1361 2643; x_wconf 83' lang='lat' dir='ltr'>v,</span> <span class='ocrx_word' id='word_1_323' title='bbox 1382 2603 1435 2645; x_wconf 83' lang='lat'>39.</span> <span class='ocrx_word' id='word_1_324' title='bbox 1447 2619 1487 2626; x_wconf 90' lang='lat'>——</span> <span class='ocrx_word' id='word_1_325' title='bbox 1500 2600 1517 2632; x_wconf 82' lang='grc'>4</span> <span class='ocrx_word' id='word_1_326' title='bbox 1531 2604 1608 2635; x_wconf 91' lang='lat' dir='ltr'>Luc.</span> <span class='ocrx_word' id='word_1_327' title='bbox 1628 2612 1671 2643; x_wconf 75' lang='lat' dir='ltr'>xi,</span> <span class='ocrx_word' id='word_1_328' title='bbox 1687 2600 1740 2634; x_wconf 84' lang='lat'>32-</span> 
     </span>
    </p>
   </div>
  </div>
 </body>
</html>
