1803 3250
318 234 401 275 426
743 243 776 271 s.
813 244 1045 274 Aucus‘rnu
1079 247 1259 276 nmscom

313 310 501 357 cendum
522 324 611 353 non
628 308 860 356 videndam
885 327 975 357 esse
997 312 1227 357 mulierem
1244 315 1275 358 ¹.
1301 316 1398 372 Ipse
1415 323 1479 360 est
1495 316 1612 360 enim
1628 318 1704 377 qui

314 392 356 426 et
388 382 432 424 in
467 383 580 439 Lege
602 380 710 424 dixit
736 401 744 425 :
775 384 911 430 «Non
933 384 1213 443 concupisces
1226 387 1270 429 '²2
1292 402 1312 426 »
1338 399 1418 429 nec
1438 420 1450 440 ‚
1486 386 1597 431 sicut
1627 387 1705 431 iste

312 452 592 506 criminatur,
616 451 771 496 indixit
793 464 991 512 septenas
1013 455 1194 513 singulis
1220 456 1393 514 nuptias
1408 491 1420 510 ‚
1453 458 1528 501 sed
1552 473 1706 516 propa-

313 521 441 582 gandi
466 537 592 567 causa
614 523 836 568 connubia
864 534 980 569 casta
1011 525 1218 585 permisit.
1254 529 1400 570 Patres
1423 536 1568 571 autem
1594 528 1706 572 filia-

311 608 408 638 rum
443 593 618 638 maritos
651 609 740 638 non
769 594 909 639 solum
940 597 1030 655 ipse
1059 612 1148 640 non
1181 596 1308 652 fecit,
1340 598 1625 642 verumetiam
1654 614 1708 642 ne

311 665 454 719 fieret,
493 665 604 709 sicut
637 664 719 710 alia
748 665 908 711 incesta
927 702 937 721 ‚
963 668 1204 725 prohibuit.
1241 669 1326 721 Qui
1358 684 1435 714 nos
1466 668 1707 714 secundum

311 736 559 782 interiorem
586 737 912 782 renovationem
936 739 980 781 in
1002 739 1156 797 spiritu
1180 738 1338 783 mentis
1356 774 1367 794 ,
1393 755 1473 784 nec
1497 740 1708 786 masculos

310 808 354 852 in
377 822 437 863 se,
463 823 542 852 nec
562 806 760 851 foeminas
778 823 868 851 esse
890 808 1040 852 docuit
1059 829 1071 865 3
1096 818 1140 852 et
1165 809 1278 853 sicut
1299 808 1490 869 Angelos
1511 811 1556 854 in
1578 822 1707 855 aeter-

308 894 416 922 num
449 893 596 921 secum
618 877 791 921 futuros
813 893 903 922 esse
926 879 1138 938 promisit.
1173 882 1268 937 Ipse
1297 890 1362 925 est
1382 881 1497 926 enim
1528 892 1572 926 et
1604 885 1710 926 Pro-

307 950 539 1010 phetarum
571 951 682 993 Deus
701 984 711 1003 ,
744 949 821 1009 qui
844 950 1087 995 masculum
1116 960 1159 995 et
1183 950 1409 996 foeminam
1434 953 1708 1011 propagandi

306 1021 472 1079 generis
510 1035 638 1064 causa
674 1019 859 1078 nuptiali
898 1022 1094 1066 castitate
1124 1022 1377 1079 conJunxit3
1417 1031 1457 1067 et
1495 1023 1709 1068 secundas

307 1091 497 1151 nuptias,
523 1106 622 1152 quae
644 1091 689 1136 in
712 1093 833 1137 Novo
859 1107 1036 1152 quoque
1060 1094 1339 1137 Testamento
1363 1094 1678 1152 permittuntur
1695 1130 1705 1149 ‚

308 1162 446 1208 licitas
475 1178 565 1207 esse
601 1164 872 1207 monstravit.
912 1165 1076 1208 Uxores
1101 1173 1248 1208 autem
1271 1162 1454 1208 fratrum
1473 1199 1485 1220 ‚
1520 1166 1598 1208 sed
1618 1166 1710 1209 sine

307 1234 405 1278 filiis
429 1232 759 1289 defunctorum,
776 1234 832 1279 ad
845 1234 1119 1279 excitandam
1143 1234 1371 1279 defuncti3
1391 1236 1706 1295 posteritatem,

308 1321 397 1350 non
421 1304 626 1361 libidinis,
662 1305 738 1350 sed
770 1306 942 1365 pietatis
977 1306 1156 1361 affectu,
1191 1306 1236 1350 in
1270 1306 1598 1350 matrimonium
1628 1307 1709 1351 sibi

308 1376 514 1437 copulare
536 1378 744 1436 praecepit
766 1396 774 1421 ;
801 1386 943 1436 patres
965 1393 1069 1421 vero
1093 1378 1283 1421 filiarum
1305 1377 1517 1436 conjugiis
1540 1377 1708 1422 misceri

309 1448 488 1493 omnino
512 1447 752 1507 prohibuit.
779 1448 864 1501 Qui
888 1463 966 1492 nos
985 1463 1114 1507 super
1136 1463 1267 1492 omne
1291 1463 1427 1506 genus
1455 1458 1707 1507 serpentum

307 1518 474 1564 calcare
503 1518 753 1577 spiritaliter
782 1519 923 1578 jussit.
962 1522 1058 1577 Ipse
1092 1528 1155 1563 est
1177 1519 1295 1562 enim
1317 1529 1360 1563 et
1389 1520 1707 1579 Prophetarum

308 1592 438 1643 Deus,
457 1588 533 1649 qui
554 1588 717 1648 populo
740 1588 902 1632 infideli
920 1588 976 1633 ad
994 1589 1277 1649 significanda
1292 1599 1471 1650 peccata
1488 1625 1499 1645 ‚
1520 1606 1708 1651 quorum

307 1677 477 1708 veneno
495 1661 767 1706 invisibiliter
791 1661 1091 1706 moriebantur
1107 1696 1118 1717 ‚
1154 1660 1343 1706 visibiles
1366 1671 1586 1722 serpentes
1607 1663 1708 1723 qui-

308 1734 389 1778 hus
412 1733 769 1787 admonerentur,
792 1733 999 1791 immisit3
1024 1743 1067 1778 et
1089 1732 1212 1792 plaga
1229 1733 1528 1778 emendatoria
1549 1743 1707 1779 mortes

309 1805 570 1859 animarum,
598 1804 809 1848 mortibus
821 1819 1054 1864 corporum
1071 1804 1288 1862 figuravit.
1304 1805 1389 1858 Qui
1405 1803 1515 1848 dixit
1536 1824 1544 1850 :
1568 1808 1709 1849 «Date

313 1894 332 1918 »
357 1875 677 1934 eleemosynam
696 1897 707 1933 3
732 1886 775 1920 et
796 1891 897 1920 ecce
916 1876 1062 1920 omnia
1084 1874 1248 1919 munda
1267 1885 1369 1920 sunt
1386 1876 1510 1920 vobis
1525 1877 1555 1918 ⁴.
1573 1896 1590 1917 »
1614 1879 1709 1935 Ipse

310 1956 374 1991 est
387 1947 503 1991 enim
515 1957 554 1991 et
568 1947 885 2007 Prophetarum
900 1949 1029 2001 Deus,
1041 1947 1117 2006 qui
1132 1945 1233 1990 talia
1248 1946 1379 1990 etiam
1391 1947 1709 2005 Prophetarum

311 2033 416 2062 voce
434 2017 673 2062 mandavit.
702 2020 790 2063 Nec
815 2018 896 2062 sibi
920 2016 1058 2062 voluit
1082 2017 1396 2076 primogenitos
1413 2017 1643 2062 hominum
1663 2018 1709 2061 fi-

313 2088 391 2134 lios
413 2088 650 2144 immolari,
674 2089 748 2133 sed
766 2090 1008 2133 consecrari
1032 2107 1040 2133 :
1061 2088 1309 2148 significans
1329 2088 1669 2148 primogenitum
1687 2104 1709 2132 a

315 2161 517 2216 mortuis,
548 2161 591 2204 in
614 2177 704 2221 quo
725 2161 958 2221 oportebat
980 2175 1129 2204 omnes
1157 2176 1179 2204 a
1204 2169 1343 2204 morte
1367 2170 1576 2219 perpetua
1598 2160 1709 2204 libe-

314 2232 411 2276 rari.
438 2233 520 2286 Qui
542 2232 903 2292 corruptibilibus
926 2233 1031 2276 cibis
1060 2231 1412 2291 incorruptibiles
1441 2232 1706 2291 anteposuit.

314 2305 409 2362 Ipse
430 2314 492 2349 est
514 2305 630 2349 enim
654 2315 696 2350 et
716 2305 1032 2365 Prophetarum
1058 2307 1188 2360 Deus,
1213 2304 1287 2364 qui
1310 2304 1520 2348 sacrificia
1550 2304 1711 2363 quibus

317 2391 406 2420 non
429 2377 615 2436 indiguit
632 2413 642 2431 ,
670 2376 724 2421 ad
740 2377 1074 2436 significandum
1089 2392 1238 2420 verum
1255 2376 1532 2428 sacrificium,
1553 2376 1598 2419 in
1618 2391 1711 2419 um-

319 2447 404 2490 bris
427 2447 680 2494 futurorum
705 2447 950 2508 praecedere
972 2447 1134 2506 voluit3
1166 2457 1208 2493 et
1229 2447 1470 2507 disciplinae
1485 2447 1712 2491 severitate

320 2518 533 2562 mortibus
561 2536 795 2580 corporum
811 2556 822 2577 ‚
847 2523 975 2580 longe
996 2520 1243 2565 mitioribus
1267 2535 1400 2579 quam
1425 2529 1528 2564 sunt
1549 2528 1711 2563 aeterna

369 2611 378 2626 ¹
395 2604 507 2637 Matth.
530 2615 561 2645 V,
580 2607 687 2638 28.-
701 2612 714 2627 ²
733 2608 830 2639 Exod.
854 2619 905 2640 xx.
927 2618 978 2649 ¹7-
999 2605 1060 2631 —-3
1082 2607 1186 2640 Forte
1206 2606 1435 2640 defunctis.-
1450 2605 1466 2636 4
1488 2607 1564 2639 Luc.
1586 2616 1632 2647 xi,
1654 2604 1710 2648 41.
