1803 3250
359 221 521 253 CONTRA
553 222 857 252 ADvEnsAmuM
889 223 1024 260 Lmrs,
1060 223 1143 250 Lm.
1179 224 1226 249 11.
1411 213 1491 251 387

115 299 199 335 tres
226 290 361 334 nostri
382 305 532 334 ornnes
554 289 635 334 sub
657 289 774 333 nube
809 286 1010 343 fuerunt,
1045 297 1088 332 et
1116 303 1265 332 omnes
1284 303 1359 348 per
1381 304 1498 334 mare

90 389 97 394 -
115 378 136 402 ι»
161 362 442 416 transierunt,
458 370 502 404 et
521 375 669 405 omnes
685 374 761 419 per
777 360 958 414 Moysen
975 358 1179 418 baptizati
1192 368 1292 402 sunt
1314 359 1357 402 in
1379 359 1498 404 nube

117 452 135 472 »
160 441 204 476 et
225 431 271 474 in
290 431 418 486 mari,
444 440 488 476 et
502 446 653 476 omnes
671 429 871 474 eumdem
888 428 1036 472 cibum
1054 429 1287 488 spiritalem
1307 432 1497 474 mandu-

114 521 135 543 υ
158 512 382 558 caverunt,
401 512 445 546 et
458 517 607 546 omnes
623 500 825 545 eumdem
845 509 995 558 potum
1016 500 1247 559 spiritalem
1266 503 1493 548 biberunt:

116 594 133 614 ιι
158 572 368 617 bibebant
391 572 507 617 enim
531 571 585 616 de
605 570 787 632 spiritali
806 581 1015 630 sequente
1036 582 1184 630 petra,
1206 582 1325 632 petra
1349 583 1496 618 autem
1534 619 1536 621 ,

114 662 134 685 »
159 653 251 688 erat
267 644 504 689 Christus¹.
528 662 548 685 »

170 717 228 760 11.
253 716 398 761 Nescit
417 725 561 759 autem
589 714 753 759 habere
774 723 930 772 praeter
955 714 1195 773 Scripturas
1222 714 1435 774 legitimas
1454 727 1497 760 et

112 787 388 846 Propheiicas
408 787 584 831 Judaeos
607 786 814 846 quasdam
840 785 1094 830 traditiones
1115 801 1212 829 suas
1234 821 1244 839 ‚
1275 803 1382 846 quas
1407 803 1495 832 non

108 857 285 917 scriptas
309 858 486 911 habent,
505 857 578 902 sed
603 859 848 902 memoriter
866 867 1032 910 tenent,
1051 867 1093 901 et
1110 857 1218 900 alter
1240 859 1284 901 in
1309 858 1493 902 alterum

107 927 331 988 loquendo
355 929 636 984 transfundit,
655 945 760 989 quas
779 930 1032 973 Deuterosin
1054 938 1211 972 vocant
1229 948 1242 987 ¹:
1269 930 1345 973 ubi
1367 931 1495 974 etiam

107 999 252 1044 dicere
273 1000 437 1045 audent
458 1011 500 1045 et
515 1002 706 1055 credere,
729 1004 861 1044 Deum
876 1003 1016 1059 primo
1029 1001 1194 1044 homini
1211 1000 1318 1045 duas
1333 1017 1497 1046 creasse

108 1069 338 1129 mulieres;
376 1087 428 1116 ex
458 1072 618 1132 quibus
646 1081 800 1115 texunt
822 1070 1114 1129 genealogias,
1140 1087 1239 1114 vere
1259 1105 1269 1125 ,
1306 1072 1415 1116 sicut
1440 1073 1498 1116 ait

108 1142 357 1201 Apostolus,
382 1142 594 1197 infinitas,
620 1143 834 1202 parientes
857 1141 1266 1187 infructuosissimas
1289 1145 1497 1203 quaestio-

107 1222 196 1257 nes.
225 1213 309 1261 Sed
329 1213 362 1256 si
388 1214 488 1257 huic
508 1213 608 1256 talia
624 1228 851 1273 nunquam
870 1214 1015 1257 evenit
1037 1213 1204 1268 audire,
1225 1215 1442 1274 numquid
1455 1225 1498 1259 et

105 1293 256 1329 contra
275 1283 563 1342 Evangelium
577 1286 636 1328 sie
655 1284 964 1328 obsurdescere
982 1284 1151 1337 debuit,
1174 1295 1323 1329 utnon
1341 1287 1496 1330 adver-

106 1365 216 1400 teret
235 1356 368 1400 verba
393 1356 565 1400 Domini
581 1355 764 1409 Christi,
793 1356 952 1415 quibus
977 1357 1119 1412 arguit
1139 1357 1317 1399 Judaeos
1339 1391 1350 1409 ‚
1375 1359 1494 1416 quod

107 1427 162 1470 de
185 1426 438 1485 parentibus
459 1441 547 1470 non
573 1425 835 1470 honorandis
858 1427 1123 1484 impietatem
1155 1425 1363 1469 docerent
1387 1427 1497 1472 filios

90 1500 260 1542 -suos¹?
282 1497 350 1541 lbi
370 1498 533 1557 quippe
562 1506 606 1541 et
642 1497 717 1541 Dei
743 1507 1005 1556 praeceptum
1035 1495 1156 1556 quod
1173 1497 1227 1540 -in
1251 1500 1367 1555 Lege
1391 1515 1496 1543 con-

104 1568 313 1628 scriptum
325 1577 405 1622 est,
422 1568 670 1612 attestando
692 1567 1062 1612 commemoravit.
1091 1570 1177 1612 Nec
1202 1568 1259 1611 eb
1283 1567 1402 1613 aliud
1425 1585 1496 1614 eos

105 1639 249 1698 arguit
263 1673 274 1694 ,
300 1638 382 1682 nisi
397 1638 518 1699 quod
537 1639 765 1698 rejicerent
787 1637 1044 1682 mandatum
1065 1638 1162 1693 Dei,
1189 1648 1238 1682 ut
1255 1632 1495 1684 statuerent

104 1711 358 1754 traditiones
393 1725 504 1754 suas.
545 1711 657 1755 Cum
691 1710 805 1752 enim
844 1709 1181 1768 interrogassent
1213 1711 1417 1754 Pharisaei
1453 1722 1495 1756 et

107 1782 299 1827 Scribae:
330 1800 349 1822 (ι
367 1784 511 1834 Quare
537 1781 739 1840 Discipuli
764 1780 828 1824 tui
851 1796 940 1824 non
965 1781 1192 1825 ambulant
1209 1782 1331 1840 juxta
1358 1782 1493 1826 tradi-

107 1871 127 1894 »
154 1852 318 1896 tionem
335 1852 571 1906 seniorum,
596 1852 669 1895 sed
688 1851 998 1896 communibus
1013 1852 1213 1895 manibus
1231 1852 1495 1898 manducant

108 1941 127 1964 »
154 1938 308 1982 panem
331 1939 342 1966 :
363 1941 383 1964 n
408 1921 482 1966 ille
503 1923 769 1981 respondens
791 1920 900 1965 dixit
922 1922 981 1965 eis
1003 1940 1012 1966 z
1041 1941 1060 1962 «
1078 1923 1195 1966 Bene
1216 1923 1495 1981 Prophetavit

107 2011 128 2034 »
154 1996 287 2038 Isaias
307 1991 362 2036 de
384 1993 508 2037 vobis
531 1993 784 2051 hypocritis,
809 1992 921 2035 sicut
942 1993 1169 2051 seriptum,
1185 2002 1275 2049 est3
1300 1995 1494 2054 Bolaulus

107 2081 127 2104 »
153 2063 226 2107 hie
253 2063 379 2107 labiis
406 2078 477 2106 me
507 2063 716 2118 honorat,
751 2078 827 2106 cor
854 2072 1000 2105 autem
1035 2078 1184 2107 eorum
1221 2065 1351 2122 longe
1373 2076 1436 2108 est
1469 2082 1491 2110 a

107 2153 128 2176 »
153 2136 270 2178 mest.
291 2137 344 2178 In
364 2148 526 2179 vanum
550 2143 693 2178 autem
718 2149 787 2176 me
809 2133 962 2177 colunt
984 2132 1189 2177 docentes
1211 2133 1429 2180 doctrinas
1450 2146 1493 2180 et

106 2225 126 2254 υ
153 2214 369 2266 praecepta
391 2206 635 2250 hominum.
658 2205 971 2266 Relinquentes
989 2206 1103 2248 enim
1120 2205 1373 2250 mandatum
1396 2210 1488 2265 Dei,

104 2295 128 2320 >n
153 2278 308 2322 tenetis
329 2277 607 2322 traditionem
635 2277 862 2321 hominum
878 2311 888 2331 ,
918 2277 1179 2336 baptismata
1196 2293 1425 2322 urceorum
1448 2290 1491 2324 et

90 2347 350 2402 scalmum,-
376 2357 418 2392 et
443 2347 524 2392 alia
552 2348 705 2392 similia
739 2348 804 2392 his
834 2348 969 2392 facitis
998 2348 1190 2391 multa.»
1229 2350 1283 2391 Et
1316 2348 1490 2396 dicebat

102 2418 215 2470 Ulisi
245 2437 262 2459 «
279 2421 397 2474 Bene
412 2419 583 2463 irritum
601 2417 739 2463 facitis
754 2429 1015 2477 praeceptum
1035 2419 1126 2471 Dei,
1149 2429 1197 2462 ut
1211 2418 1486 2465 traditionem

107 2509 128 2533 υ
153 2501 337 2544 vestram
361 2490 550 2535 servetis.
584 2493 753 2548 Moyses
779 2490 1031 2533 enim-dixit
1066 2509 1074 2533 ;
1112 2492 1287 2535 Honora
1324 2503 1487 2549 patrem

154 2582 162 2598 ¹
187 2587 198 2607 ι
221 2576 293 2608 Cor.
316 2587 349 2615 x,
369 2586 394 2608 ι.
415 2592 454 2598 --
470 2582 480 2597 ²
501 2576 604 2608 Marc.
628 2587 682 2616 vn,
703 2580 734 2607 et
753 2574 863 2607 matth.
889 2586 936 2606 xv»
985 2571 1107 2606 &isat
1126 2585 1214 2615 xxix,
1240 2576 1287 2606 23.

855 2633 861 2637 '
1234 2628 1301 2669 ⁶25.
