1803 3250
462 232 624 264 eoN'rnA
657 230 872 271 FAthTUM,
905 233 987 261 Lm.
1023 234 1129 261 xxx.
1405 218 1486 257 153

105 302 189 345 hoc
210 315 232 344 a
255 302 344 344 Deo
367 300 422 345 ad
445 298 770 360 percipiendum
790 298 916 342 nobis
938 308 1081 343 creata
1105 297 1209 342 dicit
1225 331 1236 352 ,
1263 304 1306 340 et
1328 295 1491 341 daemo—

106 372 280 416 niorum
303 372 480 432 insuper
500 371 741 415 doctrinam
773 379 900 414 vocat
927 370 1231 413 abstinentiam
1254 367 1489 428 praedicto-

106 458 217 487 rum.
242 443 356 496 Quid
374 457 478 501 ergo
496 450 539 486 et
555 455 648 496 vos,
670 441 923 495 charissimi,
949 442 1114 484 ritu-ne
1137 449 1241 483 tunc
1257 439 1493 484 daemonio-

105 527 204 558 rum
228 513 369 559 vivitis
380 547 392 569 ,
415 527 516 557 cum
530 512 625 556 haec
639 527 663 556 a
684 510 807 556 vobis
823 509 1030 570 passionis
1043 510 1203 555 Christi
1219 508 1495 554 celebrantur

105 585 334 642 mysteria,
359 592 404 629 et
419 582 653 628 seductorii
674 582 848 642 spiritus
863 580 1017 625 fraude
1032 580 1236 640 capimini
1255 614 1265 635 ,
1291 588 1334 623 et
1352 580 1395 623 in
1412 581 1496 637 hy-

103 656 257 714 pocrisi
300 654 531 715 loquimini
570 654 870 709 mendacium,
914 661 957 697 et
997 652 1281 698 cauteriatam
1323 650 1493 696 habetis

101 726 410 770 conscientiam
431 735 617 771 vestram
637 726 655 769 Ρ
676 722 807 778 Quod
821 724 854 768 si
871 724 1031 768 horum
1052 721 1162 767 nihil
1180 737 1256 767 vos
1279 740 1287 766 :
1314 736 1395 765 nec
1415 736 1493 766 nos

104 797 251 855 igitur.
278 795 394 850 Quid
408 812 512 856 ergo
534 797 614 841 sibi
629 796 724 842 vult
740 794 982 856 capitulum
998 795 1099 850 hoc,
1116 803 1190 838 aut
1208 808 1231 838 a
1254 807 1343 853 quo
1358 794 1494 852 scrip-

104 876 196 911 tum
218 868 487 927 putabimus,
513 876 556 912 et
573 877 723 913 contra
749 882 880 927 quos,
905 867 1025 927 quod
1047 881 1128 911 nec
1150 864 1316 910 Veteris
1343 867 1494 908 Testa-

101 938 239 982 menti
272 937 549 993 traditiones,
587 953 668 983 nec
698 939 807 984 Novi
841 938 1069 982 confirmet
1097 936 1241 981 scita?
1271 935 1492 995 Siquidem

99 1008 184 1052 hoc
207 1009 262 1052 ab
285 1009 517 1065 omnibus,
553 1018 602 1054 ut
629 1025 679 1053 ex
704 1009 824 1054 vobis
846 1009 948 1068 ipsis
970 1018 1174 1068 apparet,
1208 1007 1319 1052 illud
1347 1021 1449 1051 vero
1470 1022 1490 1050 a

101 1079 366 1139 quibusdam
395 1081 619 1139 quamviS,
659 1080 865 1123 abstineri
899 1088 1046 1123 tamen
1078 1078 1208 1123 docet
1238 1098 1246 1122 ε
1279 1078 1492 1122 sententia

99 1165 202 1194 vero
223 1150 317 1194 haec
341 1159 482 1195 vestra
498 1158 702 1194 cunctam
721 1150 893 1208 penitus
911 1148 1151 1193 carnalium
1175 1148 1374 1192 ciborum
1391 1147 1494 1191 abs-

101 1221 347 1276 tinentiam,
376 1219 695 1265 daemoniorum
719 1219 815 1264 vult
835 1234 924 1264 esse
948 1219 1181 1264 doctrinas.
1209 1219 1292 1264 Cui
1307 1220 1339 1263 si
1359 1228 1402 1262 et
1420 1232 1494 1263 vos

99 1290 273 1336 creditis
292 1325 303 1346 ,
329 1291 482 1335 eadem
505 1291 662 1350 saepius
684 1289 854 1345 dixero,
880 1289 1085 1334 damnate
1106 1293 1306 1348 Moysen,
1332 1304 1494 1334 renun-

99 1363 202 1407 tiate
226 1363 481 1422 Prophetis,
508 1362 619 1406 ferte
636 1376 785 1421 parem
808 1370 851 1405 et
873 1361 928 1405 de
946 1361 1188 1421 vobisipsis
1210 1361 1489 1405 sententiam:

97 1433 200 1493 quia
222 1441 272 1477 ut
295 1432 358 1476 illi
378 1447 548 1493 semper
570 1449 594 1476 a
617 1433 881 1493 quibusdam
905 1433 1105 1478 ciborum
1120 1469 1130 1485 ,
1164 1434 1224 1478 sic
1246 1447 1322 1478 vos
1356 1432 1492 1477 inter-

97 1503 205 1548 dum
229 1504 453 1548 abstinetis
474 1504 529 1548 ab
553 1502 771 1548 omnibus.
792 1523 809 1544 »

156 1575 233 1618 IV.
273 1592 291 1614 «
311 1576 400 1618 Aut
421 1575 456 1618 si
478 1576 650 1631 Moyses
673 1573 797 1619 vobis
821 1583 865 1618 et
887 1575 1140 1634 Prophetae,
1166 1589 1268 1618 cum
1288 1588 1404 1619 escas
1426 1572 1494 1618 di-

94 1644 311 1705 judicant,
328 1645 406 1688 Dei
418 1644 556 1703 legem
570 1644 734 1689 sancire
752 1643 974 1700 videntur,
991 1654 1034 1689 et
1050 1660 1140 1689 non
1154 1644 1496 1703 daemoniorum,

97 1717 131 1760 si
158 1714 309 1760 Daniel
340 1716 386 1759 in
419 1715 583 1774 Spiritu
615 1724 763 1759 sancto
787 1716 1034 1760 observavit
1056 1724 1142 1760 tres
1165 1715 1492 1773 hebdomadas,

99 1786 132 1830 si
155 1786 345 1830 Ananias
360 1820 371 1841 ,
399 1785 569 1830 Azarias
586 1820 596 1840 ,
628 1795 672 1829 et
693 1785 843 1830 Misael
866 1786 1011 1844 pueri,
1043 1787 1203 1831 divinae
1225 1788 1381 1832 mentis
1403 1788 1493 1831 ins-

100 1857 255 1912 tinctu,
274 1855 468 1900 oleribus
491 1856 556 1899 uti
576 1855 827 1899 maluerunt
843 1865 886 1899 et
905 1856 1225 1913 leguminibusg
1250 1857 1282 1899 si
1305 1857 1496 1917 denique

99 1927 143 1971 in
165 1927 289 1972 vobis
311 1935 532 1987 quotquot
553 1925 775 1970 abstinent
790 1961 800 1980 ,
835 1942 925 1971 non
954 1943 977 1971 a
1005 1925 1230 1971 daemoniis
1253 1927 1427 1986 impulsi
1451 1926 1494 1971 id

99 1996 296 2054 faciunt,
322 1997 356 2040 si
384 1996 725 2055 Qnadragesima
756 1998 847 2040 sine
874 1998 978 2041 vino
1001 2006 1044 2041 et
1066 1997 1270 2041 carnibus
1303 2012 1392 2042 non
1419 2013 1494 2042 su-

99 2068 341 2127 perstitiose
354 2083 378 2112 a
395 2067 535 2123 vobis,
562 2066 638 2111 sed
651 2067 797 2112 divina
812 2068 907 2126 lege
920 2077 1115 2112 servatur
1134 2087 1143 2113 z
1163 2067 1309 2113 videte
1326 2083 1492 2128 quaeso,

100 2137 269 2194 videte,
294 2154 349 2182 ne
372 2153 555 2183 summae
573 2138 807 2183 dementiae
832 2139 914 2183 hoc
936 2139 991 2183 sit
1011 2155 1034 2183 a
1059 2138 1194 2183 Paulo
1218 2138 1385 2183 dictum
1408 2155 1493 2199 pu-

101 2219 191 2254 tare
208 2245 218 2265 ,
244 2209 365 2270 quod
387 2210 707 2255 daemoniorum
730 2210 929 2255 doctrina
962 2211 1017 2255 sit
1051 2210 1314 2254 abstinentia
1348 2212 1488 2255 omnis

101 2281 320 2335 ciborum,
345 2289 388 2324 et
410 2280 642 2340 prohibere
660 2281 827 2325 nubere
849 2301 858 2326 :
885 2281 1259 2341 quemadmodum
1281 2296 1361 2326 nec
1383 2281 1494 2326 illud

103 2350 224 2410 quod
256 2349 361 2394 dicit
394 2351 524 2395 etiam
564 2351 748 2409 virgines
777 2351 921 2396 dicare
953 2351 1147 2407 Christo,
1177 2350 1494 2397 daemoniorum

104 2435 195 2464 esse
217 2420 465 2479 doctrinas,
490 2421 611 2481 quod
634 2436 709 2466 vos
732 2421 913 2481 perinde
933 2422 1024 2466 sine
1052 2422 1399 2468 consideratione
1430 2424 1494 2467 le-

106 2499 254 2550 gentes
270 2526 281 2547 ,
306 2500 356 2535 ut
377 2499 530 2536 caetera
545 2525 556 2547 ,
582 2492 636 2536 ad
659 2507 736 2537 nos
757 2493 943 2536 subinde
966 2493 1175 2552 respicitis
1201 2512 1210 2538 :
1240 2508 1320 2538 nec
1341 2493 1496 2538 videtis

108 2562 210 2607 hinc
232 2570 275 2607 et
297 2561 481 2621 virgines
502 2570 662 2608 vestras
684 2563 1005 2608 daemoniorum
1027 2562 1225 2610 doctrina
1248 2573 1393 2624 captas
1415 2578 1495 2609 no-
