1803 3250
352 188 358 217 ι
382 189 387 217 ι
418 184 422 209 ἱ
779 191 809 215 5.
850 190 1073 216 Αυωιιῆτιικι
1116 191 1290 216 eviscovi

347 277 366 297 »
394 258 626 301 Nobistuui
658 257 807 297 Deus1.
838 272 858 295 »
879 253 1183 315 Eumdemque
1211 254 1479 313 baptizatum
1497 269 1521 298 a
1538 258 1723 309 Joanne,

340 328 508 373 audisse
529 327 584 370 dc
611 325 725 371 coelo
747 345 756 371 ε
780 344 802 368 «
828 326 909 372 Hic
929 336 994 372 est
1016 326 1152 371 Filius
1181 341 1301 371 meus
1332 325 1538 381 dilectus,
1558 326 1606 370 in
1638 341 1727 386 quo

343 418 363 440 »
380 399 485 442 mihi
501 396 793 457 complacui·2:
816 418 833 440 »
851 397 907 443 de
923 413 1012 459 quo
1031 397 1196 443 dictum
1214 406 1305 442 erat
1319 399 1409 458 jam
1425 411 1478 441 ex
1496 406 1625 457 partu
1641 397 1729 442 vir-

339 469 464 529 ginis,
493 488 514 512 «
532 469 767 515 Nobiscum
789 473 917 515 Deus.
938 488 958 511 »
984 470 1073 516 Nisi
1094 470 1208 515 forte
1227 470 1370 514 visum
1387 470 1441 514 sit
1462 471 1625 513 Fausto
1653 467 1730 512 mi-

340 556 424 584 nus
450 554 540 584 esse
561 541 681 600 quod
707 541 850 586 dictus
873 551 935 586 est
961 543 1097 596 Deus,
1122 557 1256 601 quam
1284 539 1406 601 quod
1427 539 1569 584 dictus
1593 538 1728 584 Filius

339 612 432 657 Dei.
453 615 517 657 Ex
531 613 615 658 hoc
630 613 747 657 enim
765 614 978 675 conjicere
999 623 1182 659 conatus
1200 623 1279 669 est,
1297 614 1507 658 Matthaeo
1528 627 1619 657 non
1640 625 1729 655 esse

339 684 495 739 visum,
511 684 631 744 quod
651 684 785 729 Filius
803 686 876 729 Dei
895 685 1036 730 factus
1058 686 1114 730 sit
1134 685 1214 729 nisi
1236 701 1288 729 ex
1307 684 1538 744 baptismo,
1553 683 1656 744 quia
1670 681 1731 726 ibi

338 757 454 802 facta
471 771 522 800 ex
543 771 627 801 vox
650 757 704 800 de
720 755 833 800 coelo
853 776 862 800 ε
888 776 907 798 «
927 758 1006 801 Hic
1029 766 1092 801 est
1115 757 1251 801 Filius
1268 771 1391 800 meus
1414 775 1422 801 :
1447 775 1466 798 »
1490 770 1591 800 cum
1613 753 1730 798 idem

336 827 612 887 Evangelista
624 829 715 886 jam
736 829 934 886 superius
951 827 1201 872 adhibuerit
1222 828 1423 873 divinum
1441 842 1493 871 ex
1514 827 1732 886 Propheta

338 899 633 943 testimonium
655 933 666 951 ‚
708 898 784 940 ubi
821 898 910 956 ipse
950 908 1100 957 partus
1134 899 1311 957 virginis
1345 897 1589 958 appellatus
1631 905 1697 940 est
1720 914 1729 940 :

343 989 363 1011 «
388 969 623 1014 Nobiscum
645 971 773 1012 Deus.
803 986 823 1009 ι)

399 1042 477 1084 VI.
504 1042 633 1084 Hunc
655 1055 757 1084 sane
786 1040 991 1084 miserum
1013 1039 1150 1085 delire
1171 1039 1396 1099 garrulum
1416 1039 1629 1084 debemus
1661 1039 1731 1082 in-

339 1113 451 1155 tueri
474 1120 605 1171 atque
622 1113 851 1156 observare
866 1147 876 1166 ‚
903 1126 989 1156 non
1008 1113 1420 1172 praetermittentem
1437 1146 1448 1165 ‚
1474 1111 1551 1154 ubi
1573 1119 1734 1170 potue-

339 1182 421 1237 rit,
457 1182 608 1226 lectori
642 1182 995 1243 vaniloquiorum
1025 1198 1203 1227 suorum
1237 1183 1366 1226 etiam
1394 1181 1450 1226 de
1486 1181 1734 1241 Scriptura-

335 1268 435 1296 rum
466 1253 728 1297 testimoniis
762 1254 943 1298 nebulas
980 1253 1210 1299 offundere
1249 1252 1447 1298 falsitatis
1487 1273 1495 1297 :
1532 1253 1645 1298 sicut
1680 1251 1735 1296 de

338 1324 560 1369 Abraham
590 1324 726 1379 dixit,
762 1325 883 1386 quod
912 1328 1003 1370 Deo
1037 1341 1126 1370 non
1155 1325 1398 1370 crediderat
1432 1323 1487 1369 de
1522 1327 1624 1370 Sara
1651 1322 1735 1368 sibi

335 1396 474 1440 filium
510 1397 814 1456 promittenti,
854 1397 1033 1458 quando
1072 1413 1174 1442 cum
1216 1400 1331 1457 Agar
1372 1397 1530 1442 ancilla
1567 1411 1734 1442 concu-

336 1468 460 1524 bit33
498 1484 597 1512 cum
634 1469 855 1528 Scriptura
890 1485 1007 1514 sacra
1035 1479 1218 1514 testetur
1249 1470 1449 1514 nondum
1469 1469 1533 1513 illi
1562 1477 1737 1529 partum

339 1541 454 1584 Sarae
488 1538 617 1584 fuisse
654 1541 914 1599 promissum
943 1561 951 1586 :
989 1541 1056 1585 vel
1094 1542 1216 1602 quod
1251 1557 1431 1585 uxorem
1465 1556 1588 1585 suam
1621 1555 1739 1585 soro-

336 1626 427 1653 rem
458 1612 667 1654 mentitus
690 1611 743 1654 sit
762 1614 807 1668 ⁴3
838 1628 939 1656 cum
978 1628 1114 1671 genus
1150 1615 1266 1657 Sarae
1293 1628 1512 1673 nusquam
1544 1612 1628 1656 illis
1670 1611 1740 1655 lit-

341 1680 440 1724 teris
461 1679 642 1738 legerit,
673 1681 834 1740 quibus
851 1681 905 1726 de
933 1683 1014 1726 hac
1037 1698 1082 1726 re
1104 1681 1211 1727 fides
1234 1682 1439 1728 habenda
1465 1692 1529 1727 est
1545 1685 1560 1709 ⁵
1589 1702 1598 1728 ;
1618 1691 1662 1727 et
1683 1681 1738 1726 de

339 1749 431 1794 filio
452 1752 546 1811 ejus
570 1754 687 1796 Isaac
704 1787 714 1805 ,
736 1751 857 1811 quod
884 1753 1014 1796 etiam
1044 1753 1135 1812 ipse
1165 1753 1411 1798 Rebeccam
1439 1752 1548 1798 falso
1577 1753 1738 1798 dixerit

340 1838 532 1867 sororem
556 1825 705 1867 suam⁰
728 1844 739 1879 3
764 1840 865 1867 cum
894 1840 1029 1883 genus
1051 1826 1141 1885 ejus
1162 1825 1226 1869 ibi
1248 1838 1398 1886 aperte
1415 1826 1624 1886 scriptum
1644 1825 1700 1870 sit
1727 1844 1736 1870 ε

338 1903 383 1939 et
404 1893 459 1938 de
481 1895 621 1938 Jacob
635 1929 645 1948 ‚
672 1894 794 1953 quod
816 1895 1012 1955 quotidie
1034 1906 1256 1941 certamen
1278 1907 1388 1942 esset
1409 1897 1524 1942 inter
1547 1906 1738 1958 quatuor

341 1967 435 2025 ejus
462 1981 643 2020 uxoreS,
674 1982 876 2026 quaenam
905 1967 1028 2011 illum
1048 1968 1103 2012 de
1133 1984 1238 2028 agro
1266 1969 1512 2013 venientem
1540 1969 1656 2028 prior
1684 1968 1740 2013 ad

344 2036 629 2082 concubitum
658 2047 853 2096 raperet3
878 2040 998 2099 quod
1019 2039 1109 2084 illic
1138 2041 1319 2085 omnino
1346 2055 1563 2103 nusquam
1585 2040 1740 2100 legisse

341 2108 633 2153 convincitur.
653 2111 766 2153 Ecce
778 2108 919 2169 qualis
936 2111 1310 2169 homoJmendaces
1327 2112 1578 2158 divinorum
1587 2112 1742 2156 Libro-

344 2193 445 2223 rum
466 2180 698 2239 scriptores
717 2195 763 2224 se
782 2180 922 2225 odisse
938 2180 1169 2239 gloriatur,
1195 2184 1273 2244 qui
1296 2183 1425 2228 etiam
1458 2184 1513 2228 de
1536 2186 1741 2243 Evange-

347 2249 432 2294 lico
454 2259 588 2294 tantae
606 2251 872 2296 auctoritatis
893 2251 1086 2297 culmine
1108 2254 1314 2299 omnibus
1339 2263 1461 2309 noto,
1484 2255 1661 2300 mentiri
1683 2254 1743 2299 sic

349 2321 499 2377 audet,
525 2331 575 2366 ut
595 2337 686 2368 non
705 2323 981 2379 Matthaeum,
1006 2340 1063 2369 ne
1086 2325 1323 2385 Apostolici
1346 2327 1532 2372 nominis
1547 2325 1741 2386 pondere

349 2392 681 2451 comprimatur,
696 2392 773 2438 sed
787 2394 932 2439 nescio
947 2410 1079 2455 quem
1098 2395 1229 2440 alium
1251 2397 1333 2441 sub
1350 2397 1549 2443 Matthaei
1567 2397 1743 2443 nomine

402 2503 407 2516 ¹
431 2496 499 2527 lsai.
529 2508 587 2534 vn,
609 2496 657 2535 ιΔ.
679 2503 708 2529 et
734 2497 844 2529 matth.
869 2509 893 2538 1,
912 2498 954 2528 23
973 2515 1009 2520 —
1026 2505 1038 2520 ²
1057 2499 1169 2531 Matth.
1192 2511 1240 2542 ιιι,
1264 2511 1373 2541 17.—-
1391 2499 1497 2535 3Gen.
1527 2513 1603 2545 xvii,
1635 2511 1685 2542 17.
1706 2517 1743 2523 —

353 2547 368 2578 4
393 2550 438 2581 Μ.
461 2562 521 2592 ιιι,
544 2567 571 2590 4.
593 2550 660 2574 -5
682 2554 713 2584 ld
749 2565 800 2593 xv,
827 2554 864 2585 13
888 2559 920 2586 et
943 2564 994 2595 xx,
1015 2553 1220 2587 21.—-61d.
1249 2567 1335 2594 xxvn,
1363 2567 1392 2596 7.
