1803 3250
357 221 521 251 CONTRA
556 220 857 251 ADVERSAIHUM
892 223 1027 259 Liscus,
1061 223 1143 248 Lm.
1182 222 1227 247 11.
1411 208 1494 250 429

110 291 279 334 bonum
300 288 443 334 dicere
458 324 469 344 ,
495 289 716 334 Christum
740 297 883 332 autem
906 288 1096 344 malum,
1128 303 1179 332 eo
1203 285 1323 347 quod
1354 286 1430 331 iste
1451 288 1495 332 in

109 361 228 419 virga
252 363 396 404 Aaron
419 358 589 403 aridum
613 360 780 419 lignum
799 394 810 414 ,
835 368 878 402 et
907 358 1026 403 nulla
1050 359 1193 403 radice
1229 357 1461 402 subnixum
1482 393 1493 414 ,

108 432 262 476 florem
293 433 406 476 ferre
435 430 539 476 fecit
570 441 614 475 et
649 431 871 488 fructum,
902 431 1098 476 Christus
1131 439 1275 474 autem
1299 430 1496 474 arborem

107 502 341 548 maledicto
363 501 566 557 arefecit,
598 504 700 563 quia
724 501 833 546 nihil
860 502 907 545 in
936 517 984 546 ea
1014 516 1245 561 pomorum
1264 536 1274 556 ,
1311 516 1495 561 quorum

108 572 309 619 nondum
330 582 422 618 erat
442 583 631 633 tempUS,
656 572 836 616 invenit.

169 647 421 689 XXXVIII.
457 645 613 689 Dicens
631 653 777 688 autem
797 642 934 687 alium
962 658 1051 687 esse
1068 644 1183 703 pacis
1213 652 1256 687 et
1283 642 1499 687 charitatis

108 724 293 775 patrem,
318 715 452 759 alium
475 714 580 759 belli
601 724 643 759 et
666 713 824 759 furoris
842 723 1093 771 auctorem,
1117 712 1242 757 illum
1261 713 1411 757 volens
1434 713 1501 756 in-

110 787 246 846 telligi
257 787 496 842 Christum,
512 788 631 831 hunc
644 796 791 831 autem
804 787 930 845 Legis
943 795 987 830 et
1000 786 1318 845 Prophetarum
1334 787 1471 828 Deum
1490 805 1498 828 ;

109 867 251 917 potest
265 873 401 902 vanus
425 858 568 902 dicere
591 858 733 917 ipsum
755 858 977 903 Christum
1001 857 1082 900 sibi
1104 872 1192 900 esse
1214 856 1497 909 contrarium,

107 937 184 974 aut
205 928 314 973 duos
339 929 482 983 fuisse,
502 945 592 973 non
612 944 766 984 unum,
792 930 905 973 inter
926 944 970 973 se
992 926 1155 972 scilicet
1176 935 1468 986 repugnantes
1489 947 1500 984 3

109 999 244 1044 alium
263 1000 339 1059 qui
361 998 489 1044 dixit:
509 1019 527 1041 «
549 1004 704 1044 Pacem
727 999 784 1044 do
805 1000 929 1044 vobis
943 1002 956 1025 1
977 1019 986 1055 3
1011 1017 1031 1039 »
1055 1008 1099 1043 et
1121 998 1254 1043 alium
1270 998 1348 1058 qui
1367 997 1500 1042 dixit:

115 1090 134 1113 «
168 1074 266 1117 Non
296 1070 396 1115 veni
421 1086 571 1130 pacem
599 1072 773 1115 mittere
804 1072 849 1115 in
876 1081 1053 1126 terram,
1089 1069 1165 1115 sed
1198 1069 1393 1129 gladium
1408 1072 1441 1124 ²,
1479 1086 1499 1111 »

110 1142 295 1186 maxime
316 1141 419 1201 quia
436 1141 635 1201 displicet
653 1143 692 1186 ei
714 1158 780 1187 res
797 1141 963 1202 aliquas
979 1142 1116 1187 bonas
1138 1142 1354 1186 malarum
1367 1141 1505 1185 nomi·

110 1213 240 1257 nibus
256 1213 448 1272 figurari.
470 1212 600 1266 Quod
617 1229 720 1258 vero
737 1213 870 1258 alium
889 1212 995 1258 dicit
1012 1229 1102 1258 esse
1114 1214 1305 1258 incestus
1322 1222 1366 1257 et
1383 1211 1505 1257 adul-

110 1284 320 1329 teriorum
335 1284 576 1338 conscium,
597 1284 730 1328 alium
748 1298 853 1330 vero
874 1284 1045 1343 pudicae
1064 1284 1270 1329 castitatis
1287 1293 1331 1328 et
1347 1283 1505 1328 sancti-

109 1356 269 1401 moniae
282 1354 533 1400 dominum:
550 1354 675 1399 illum
689 1355 916 1400 diabolum
927 1353 1166 1414 intelligat,
1186 1355 1504 1414 Prophetarum

109 1436 256 1473 autem
279 1430 420 1472 Deum
439 1427 610 1472 noverit
632 1442 723 1471 non
750 1427 893 1471 minus
919 1425 1124 1470 castitatis
1142 1434 1186 1470 et
1207 1425 1505 1470 sanctimoniae

109 1497 338 1543 dominum
365 1514 456 1543 esse
478 1512 611 1558 quam
640 1497 864 1543 Christum
885 1516 893 1541 :
919 1497 1022 1557 quia
1047 1500 1161 1541 Deus
1195 1496 1504 1554 Apostolorum

109 1569 226 1614 idem
243 1570 335 1630 ipse
352 1579 396 1614 et
413 1570 747 1629 Prophetarum,
768 1570 964 1629 priorum
986 1568 1070 1614 iuis
1094 1578 1308 1629 tempore,
1328 1567 1405 1615 sed
1419 1567 1505 1612 fide

109 1641 350 1700 sociorum3
368 1642 459 1701 ipse
481 1650 545 1685 est
566 1643 681 1684 Deus
703 1641 749 1684 in
766 1648 954 1700 utroque
971 1643 1247 1686 Testamento
1259 1639 1366 1701 justi
1384 1648 1505 1684 actus

113 1721 157 1756 et
174 1713 343 1772 piarum
361 1712 627 1767 orationum,
647 1713 737 1771 ipse
758 1720 822 1756 est
842 1711 888 1755 in
910 1720 1099 1772 utroque
1116 1720 1268 1757 auctor
1284 1710 1505 1770 religioso—

111 1799 208 1828 rum
226 1783 551 1828 sacrificiorum.

168 1858 377 1900 XXXIX.
414 1856 569 1900 Videte
588 1870 690 1899 sane
713 1854 832 1899 unde
853 1855 1040 1914 probare
1068 1855 1258 1901 voluerit
1285 1855 1503 1900 humano-

111 1943 208 1972 rum
231 1942 465 1987 corporum
486 1927 607 1982 vitia,
633 1941 723 1970 non
747 1925 803 1970 ad
826 1929 965 1970 Deum
987 1934 1210 1971 auctorem
1224 1960 1235 1981 ,
1261 1925 1337 1970 sed
1359 1926 1504 1985 potius

111 2000 166 2044 ad
193 1996 418 2044 diabolum
447 1999 664 2058 pertinere
680 2019 692 2043 ι
716 1998 818 2058 quia
850 1998 1062 2043 Dominus
1095 1998 1153 2043 ait
1180 1998 1226 2042 in
1245 1997 1501 2057 Evangelio,

110 2071 165 2115 de
186 2071 370 2116 muliere
394 2086 526 2132 quam
548 2086 696 2115 sanam
718 2069 822 2115 fecit
839 2105 850 2125 ,
886 2070 1007 2130 quod
1031 2086 1127 2115 eam
1151 2073 1328 2116 Satanas
1351 2069 1504 2129 alliga-

110 2152 230 2188 verat
253 2143 405 2188 decem
428 2151 472 2186 et
493 2151 592 2187 octo
615 2143 804 2199 annos³3
839 2151 1017 2202 propter
1045 2143 1166 2202 quod
1189 2151 1280 2186 erat
1302 2143 1500 2195 incurva,

110 2230 191 2259 nec
208 2230 253 2260 se
270 2214 435 2274 erigere
452 2222 649 2274 poterat:
674 2213 797 2274 quasi
818 2215 1011 2269 Satanas,
1032 2229 1132 2259 cum
1155 2214 1316 2258 habeat
1337 2227 1504 2272 semper

110 2286 396 2345 cupiditatem
417 2284 622 2340 nocendi,
647 2300 806 2330 nocere
826 2286 1032 2346 cuiquam
1051 2285 1200 2345 possit,
1225 2285 1308 2329 nisi
1328 2285 1383 2329 ab
1398 2286 1503 2327 Om-

111 2358 337 2416 nipotente
367 2356 583 2415 acceperit
604 2365 879 2416 potestatem.
905 2358 1017 2402 Nam
1038 2355 1146 2416 quid
1163 2354 1299 2411 aliud,
1325 2369 1412 2400 non
1429 2368 1502 2397 so-

111 2427 202 2472 lum
236 2427 281 2471 in
319 2427 431 2471 libro
461 2427 565 2481 Job,
596 2443 730 2487 quem
759 2428 959 2486 profecto
991 2427 1071 2472 iste
1101 2442 1191 2471 non
1219 2426 1389 2484 accipit,
1426 2422 1500 2467 sed

110 2500 245 2558 magis
269 2499 314 2543 in
333 2499 427 2559 ipso
450 2499 688 2559 Evangelio
717 2499 987 2544 declaratum
1009 2508 1088 2554 est,
1114 2498 1190 2543 ubi
1221 2496 1395 2556 spiritus
1415 2495 1500 2539 im·-

159 2593 169 2607 1
196 2587 291 2618 Joan.
315 2596 384 2626 x1v,
402 2594 512 2629 27.-
530 2592 543 2609 ²
564 2585 679 2619 matth.
699 2597 732 2627 x,
753 2586 809 2628 34.
825 2602 867 2610 --
884 2584 898 2609 ³
915 2586 995 2619 Luc.
1012 2595 1084 2624 xm,
1106 2583 1156 2614 16.
