1803 3250
18 29 27 176 *w
19 103 21 124 ‘⁴
21 0 29 32 aua

486 192 686 225 Eris-rom
718 192 774 222 An
804 191 1100 225 Ancus'rmum.
1397 189 1481 228 285

103 261 248 319 ignem
285 260 460 320 originis
492 262 647 321 ipsius,
673 276 804 322 quern
836 270 912 305 tua
944 262 1048 306 mira
1074 261 1302 321 prudentia
1334 273 1410 308 aut
1431 280 1482 309 ex

100 330 374 390 Archangelo
396 331 562 376 factum
584 341 821 386 memorat,
854 341 930 375 aut
953 333 1061 376 nihil
1083 348 1172 377 esse
1190 332 1366 377 fatetur.
1391 336 1482 380 Cur

99 415 201 459 ergo
232 402 480 459 regnabunt
505 403 632 461 justi,
668 418 746 447 cur
774 402 970 460 Apostoli
992 413 1034 447 et
1058 406 1270 461 Martyres
1297 419 1480 450 corona-

97 471 293 516 buntur?
316 474 474 515 Totum
496 481 740 531 propterea,
766 473 867 532 quia
889 472 1086 517 vicerunt
1114 474 1221 518 nihil
1237 477 1254 516 ⁶?
1273 476 1310 519 O
1337 492 1480 536 quan-

98 549 191 585 tum
205 540 439 586 frustratur
457 542 668 587 vincentis
685 543 895 602 potentia,
916 559 1016 587 cum
1033 543 1300 590 adversarius
1317 546 1479 592 nullius

96 612 266 657 virtutis
289 628 379 658 esse
392 613 655 673 praedicatur
676 614 685 658 !
711 617 833 660 Muta
855 631 1002 674 quaeso
1020 618 1294 669 sententiam,
1311 617 1480 677 depone

96 683 272 728 Punicae
294 685 431 743 gentis
452 683 701 745 perfidiam,
726 694 770 729 et
792 686 1075 731 recessionem
1099 696 1218 731 tuam
1241 687 1296 731 ad
1320 689 1478 733 verita-

94 763 198 809 tem,
224 771 324 815 quae
347 770 423 815 per
440 757 641 801 timorem
662 754 775 801 facta
793 766 871 812 est,
897 767 1101 803 converte
1123 777 1132 802 ε
1154 757 1244 802 noli
1263 758 1328 802 his
1352 774 1478 802 men-

93 824 225 870 daciis
244 834 286 870 te
309 841 528 870 excusare.
551 845 570 868 »

155 898 238 941 111.
260 896 300 939 ¹«
333 898 459 956 Legit
481 897 596 941 enim
619 898 841 958 aliquanta
863 898 972 944 exile
993 914 1139 944 meum
1159 909 1202 944 et
1222 902 1479 960 qualecum-

91 982 177 1028 que
190 969 377 1013 Romani
390 969 576 1013 hominis
591 969 834 1029 ingenium,
852 972 1098 1016 reverendae
1112 980 1199 1015 tuae
1215 970 1477 1030 dignationis

89 1039 263 1098 scripta,
298 1039 344 1082 in
370 1040 531 1099 quibus
557 1040 616 1084 sic
647 1041 838 1085 irasceris
866 1042 1063 1101 veritati,
1100 1052 1149 1086 ut
1190 1041 1476 1102 philosophiae

89 1110 359 1155 Hortensius.
378 1113 481 1155 Haec
494 1111 640 1170 itaque
652 1127 753 1155 cum
768 1128 974 1172 suspenso
988 1113 1132 1156 animo
1147 1113 1333 1172 agilique
1347 1114 1475 1158 oculo

88 1180 246 1224 iterum
282 1181 530 1241 iterumque
560 1182 807 1241 repetissem
826 1219 837 1239 ,
871 1199 1092 1228 summum
1127 1184 1272 1228 inveni
1310 1184 1475 1244 ubique

88 1261 302 1296 oratorem
321 1261 364 1297 et
385 1251 517 1297 deum
539 1268 651 1312 pene
673 1254 805 1298 totius
828 1253 1113 1313 eloquentiae3
1138 1270 1354 1313 nusquam
1371 1269 1474 1299 vero

87 1324 610 1383 comperiChristianum:
636 1333 679 1369 et
701 1335 914 1369 armatum
935 1325 1112 1385 quidem
1136 1337 1288 1369 contra
1309 1326 1469 1380 omnia,

86 1395 374 1439 affirmantem
405 1411 509 1440 vero
539 1396 671 1440 nihil:
697 1412 798 1441 cum
831 1406 873 1441 te
907 1397 1043 1455 magis
1073 1396 1250 1441 scientia
1283 1396 1472 1456 peritum

85 1465 288 1511 debueris
315 1467 558 1522 ostendere,
590 1483 680 1511 non
702 1483 913 1512 sermone.
941 1467 1056 1512 Illud
1077 1483 1180 1511 vero
1210 1477 1352 1512 tacere
1382 1483 1472 1512 non

84 1552 259 1598 possum
284 1546 368 1581 tuae
392 1528 710 1597 patientissimae
734 1539 985 1583 Sanctitati:
1011 1538 1125 1582 visus
1148 1538 1261 1582 enim
1278 1538 1382 1581 mihi
1400 1554 1468 1593 es,

84 1617 127 1654 et
148 1624 228 1668 pro
249 1618 368 1653 certo
390 1610 448 1653 sic
471 1618 554 1664 est,
583 1619 626 1653 et
653 1625 880 1669 nunquam
903 1609 1034 1653 fuisse
1055 1609 1364 1663 Manichaeum,
1390 1624 1470 1653 nec

83 1679 175 1739 ejus
195 1688 235 1723 te
251 1679 443 1738 potuisse
461 1695 616 1724 arcana
637 1680 857 1739 incognita
875 1681 1027 1724 secreti
1045 1694 1320 1738 cognoscere,
1338 1688 1469 1739 atque

82 1749 165 1794 sub
198 1749 428 1794 Manichaei
461 1750 638 1796 nomine
658 1750 858 1810 persequi
882 1759 923 1794 te
946 1749 1206 1793 Annibalem
1231 1758 1362 1809 atque
1383 1750 1468 1794 Mi-

83 1819 331 1865 thridatem.
349 1824 443 1880 Ego
460 1836 649 1881 namque
665 1820 804 1865 fateor
818 1836 907 1864 non
924 1820 999 1864 tali
1015 1819 1239 1878 diligentia
1256 1835 1335 1863 nec
1350 1827 1470 1863 tanta

81 1890 293 1936 industria
321 1892 544 1955 Anicianae
572 1892 727 1936 domus
749 1892 910 1936 micare
933 1905 1170 1944 marmora,
1204 1899 1368 1949 quanta
1396 1900 1469 1933 tua

82 1963 240 2023 scripta
277 1962 504 2023 perlucent
537 1964 800 2024 eloquentia.
845 1965 968 2006 Hanc
998 1962 1032 2006 si
1060 1961 1266 2006 voluisses
1300 1961 1468 2004 veritati

81 2033 362 2090 concordare,
379 2050 587 2094 magnum
605 2035 759 2095 utique
777 2034 901 2078 nobis
919 2034 1126 2077 extitisset
1142 2041 1467 2087 ornamentum,

80 2105 195 2161 Noli,
215 2116 508 2165 rogor,vcontra
530 2116 651 2150 tuam
672 2107 820 2151 venire
843 2116 1063 2160 naturam,
1090 2103 1180 2149 noli
1201 2120 1291 2148 esse
1315 2103 1480 2152 erroris⁸

78 2176 250 2232 lancea,
273 2193 360 2237 qua
380 2177 492 2221 latus
513 2177 756 2237 percutitur
780 2175 1024 2221 Salvatoris.
1053 2174 1182 2218 Vides
1208 2174 1323 2217 enim
1344 2172 1470 2217 illum

78 2248 184 2292 etin
206 2249 325 2292 omni
348 2249 515 2292 mundo
536 2258 578 2292 et
600 2249 645 2291 in
667 2248 786 2292 omni
810 2247 953 2292 anima
972 2262 1060 2290 esse
1078 2246 1350 2299 crucifixum,
1369 2259 1470 2304 quae

79 2318 222 2362 anima
239 2333 467 2378 nunquam
487 2319 639 2362 habuit
656 2319 939 2362 succensendi
958 2326 1174 2361 naturam.
1198 2319 1252 2360 Et
1269 2325 1316 2360 tu
1339 2317 1471 2374 igitur

78 2390 155 2449 qui
175 2404 226 2432 ex
247 2390 337 2448 ipsa
353 2404 412 2443 es,
432 2388 618 2443 dimitte,
638 2404 802 2449 quaeso,
815 2390 904 2447 jam
924 2403 1054 2432 vanas
1069 2387 1375 2441 incusationes,
1396 2403 1469 2431 su-

79 2460 267 2521 perfluas
296 2460 493 2521 relinque
524 2461 850 2505 controversias.
880 2462 1015 2503 Tanto
1044 2468 1240 2518 tempore
1263 2473 1363 2502 cum
1394 2473 1471 2517 pa-

81 2541 312 2582 rentetuo
345 2531 389 2575 in
422 2530 565 2575 medio
600 2531 878 2575 tenebrarum
912 2529 1202 2584 constitutus,
1242 2542 1470 2588 nunquam
