1803 3250
307 227 360 254 DE
391 223 505 255 Ac'r1s
534 227 624 255 cuM
657 226 803 254 Fauen
834 224 1080 265 MANlCHAEO,
1115 229 1198 255 Lus.
1234 229 1283 256 11.
1400 217 1480 258 241

108 300 196 336 tam
214 326 225 347 ⁷
256 301 306 336 ut
329 302 556 352 propterea
577 292 736 351 ligetur
748 291 794 334 in
810 299 1022 336 aeternum
1039 291 1170 350 globo
1187 293 1484 350 tenebrarum,

107 362 210 423 quia
232 379 321 408 non
344 364 488 423 potuit
517 362 734 407 mundari.
768 363 860 405 Hoc
888 362 964 421 qui
987 378 1075 406 non
1097 364 1374 419 anathemat,
1408 364 1489 410 sal-

106 449 201 478 sum
219 433 349 494 paulo
369 443 468 478 ante
491 432 738 492 respondit,
763 432 865 492 quia
887 434 1026 477 omnis
1049 435 1125 493 qui
1149 434 1254 480 dicit
1281 438 1491 497 cosrupti-

108 505 240 550 bilem
262 509 419 561 Deum,
450 504 795 549 anathemandus
818 514 895 548 est.

164 579 285 622 XVI.
321 580 426 621 FEL.
449 575 556 620 dixit
575 595 584 622 ;
611 595 631 618 ε(
650 579 742 621 Hoc
759 574 879 636 quod
897 576 1005 620 dixit
1031 577 1240 621 Sanctitas
1265 581 1372 633 Tua,
1392 581 1493 640 quia

68 642 76 651 ⁶
110 663 204 708 pars
227 663 326 708 quae
341 663 385 692 se
409 663 498 692 non
521 647 750 691 mundavit
773 647 828 691 ab
846 647 1198 707 coinquinatione
1217 650 1354 707 gentis
1372 659 1495 694 tene-

107 719 280 763 brarum
304 737 313 763 :
339 728 381 762 et
408 719 466 763 sic
496 717 601 762 dicit
628 718 912 773 Manichaeus,
943 719 1043 778 quia
1077 734 1164 762 non
1188 729 1289 762 sunt
1307 720 1423 764 missi
1451 722 1493 763 in

106 805 290 849 regnum
311 789 404 833 Dei.
428 792 521 834 Hoc
540 789 656 833 enim
675 790 823 834 asseris
837 799 885 834 tu
902 824 911 842 ‚
940 789 1041 849 quia
1067 789 1259 834 damnati
1279 800 1378 834 sunt
1397 791 1494 836 :sed

42 865 45 867 ’
105 860 370 906 Manichaeus
390 875 476 904 non
497 861 580 904 hoe
598 860 718 914 dicit,
745 861 846 921 quia
868 860 1061 904 damnati
1083 870 1200 916 sunt,
1227 860 1303 905 sed
1323 861 1380 905 ad
1397 877 1497 906 cus-

107 930 268 976 todiam
292 931 420 991 positi
435 940 536 975 sunt
558 930 672 975 illius
689 932 827 990 gentis
850 931 1182 975 tenebrarum.»

167 1005 279 1046 Ano.
311 1000 418 1046 dixit
437 1021 445 1046 ε
468 1005 528 1046 De
546 1001 626 1046 ista
646 1011 769 1061 parte
790 1012 934 1046 tecum
953 1017 1049 1060 ago,
1073 1017 1204 1061 quam
1224 1001 1329 1047 dicis
1352 1003 1498 1062 pollu-

107 1081 193 1116 tam
224 1073 398 1131 purgari
419 1081 594 1132 :postea
612 1072 645 1116 si
671 1088 779 1132 opus
803 1073 935 1117 fuerit
955 1092 962 1117 :
982 1073 1037 1116 de
1057 1071 1129 1116 illa
1157 1089 1256 1132 quae
1278 1073 1426 1132 figitur
1452 1074 1498 1118 in

107 1142 239 1203 globo
261 1144 368 1203 ejus.
396 1143 575 1187 Interim
593 1159 692 1202 quae
710 1153 939 1202 purgatur,
965 1143 1133 1202 polluta
1152 1153 1256 1188 erat.

165 1216 271 1257 Fu.
297 1212 430 1257 dixit:
457 1216 567 1266 Quae
589 1212 829 1273 polluitur,
855 1223 898 1258 et
920 1213 1212 1257 mundatur.»

166 1286 278 1329 Auo.
304 1283 412 1328 dixit
433 1303 442 1328 ε
463 1284 548 1337 Qui
566 1299 668 1343 ergo
693 1283 796 1328 dicit
820 1293 1020 1328 naturam
1048 1284 1124 1328 Dei
1148 1293 1190 1328 et
1211 1284 1498 1329 substantiam

106 1354 209 1409 Dei,
235 1363 278 1399 et
293 1354 339 1398 id
361 1355 482 1415 quod
505 1357 619 1399 Deus
643 1363 732 1410 est,
760 1370 884 1414 posse
907 1354 1070 1414 pollui,
1098 1354 1249 1414 ligari,
1281 1354 1499 1415 inquinari

106 1442 129 1470 a
148 1435 276 1485 gente
298 1426 594 1480 tenebrarum,
618 1441 708 1470 non
725 1435 788 1470 est
803 1424 1187 1471 anathemandus?

115 1499 124 1505 '
166 1500 272 1541 Ρη.
294 1497 402 1542 dixit
420 1516 429 1542 2
454 1496 688 1543 «Christus
705 1495 824 1541 unde
840 1512 919 1543 nos
937 1496 1169 1542 mundavit
1182 1531 1193 1552 ,
1212 1496 1331 1541 unde
1353 1511 1430 1541 nos
1445 1496 1499 1540 li-

106 1568 272 1613 beravit
285 1569 303 1610 ‘2'
322 1586 342 1610 »

165 1643 278 1684 Ano.
298 1638 415 1683 dixft
426 1657 434 1684 :
455 1639 651 1684 Christus
669 1654 759 1684 non
775 1648 942 1699 partem
965 1639 1069 1694 Dei,
1092 1653 1182 1700 non
1200 1647 1401 1682 naturam
1421 1637 1497 1682 Dei

107 1710 336 1768 liberavit3
362 1710 436 1754 sed
459 1709 669 1755 facturam
696 1726 830 1770 quam
853 1711 957 1755 tecit
972 1746 982 1766 ,
1008 1710 1053 1754 in
1076 1719 1304 1770 peecatum
1335 1708 1498 1754 eaden-

107 1790 196 1825 tem
229 1796 307 1840 per
334 1780 522 1824 liberum
554 1781 808 1836 arbitrium,
848 1796 925 1825 sua
952 1780 1245 1825 misericordia
1281 1779 1495 1824 liberavit.

105 1854 214 1895 Earn
238 1866 329 1895 rem
353 1852 582 1895 mundavit
604 1867 703 1911 quae
726 1851 864 1910 pollui
886 1860 1082 1910 poterat,
1107 1866 1201 1895 eam
1225 1866 1315 1894 rem
1338 1850 1500 1894 libera-

106 1923 168 1967 vit
189 1938 288 1983 quae
310 1923 518 1982 captivari
533 1931 703 1982 poterat
718 1958 728 1977 ‚
751 1932 850 1967 'eam
872 1937 962 1966 rem
985 1922 1152 1967 sanavit
1174 1938 1273 1982 quae
1290 1921 1500 1967 infirmari

106 2002 290 2052 poterat.
316 1992 449 2038 Modo
471 2002 615 2037 autem
636 1994 690 2037 de
713 1996 819 2048 Deo,
845 1993 900 2037 de
918 2002 1072 2037 natura
1095 1992 1194 2047 Dei,
1219 1992 1275 2036 de
1297 1992 1499 2036 substan.—

108 2065 168 2109 tia
192 2064 284 2119 Dei,
309 2063 364 2107 de
385 2079 437 2108 eo
459 2063 579 2124 quod
598 2067 710 2108 Deus
725 2073 788 2109 est
804 2063 1028 2124 loquimur
1049 2083 1057 2109 :
1082 2072 1254 2123 poterat
1268 2062 1423 2122 pollui,
1445 2078 1499 2106 an

107 2150 196 2179 non
219 2136 418 2194 poterat?
1275 2130 1279 2133 ’

167 2207 310 2250 XVII.
337 2209 441 2249 FEL.
466 2204 573 2250 dixit
595 2225 604 2251 ε
633 2225 652 2247 «
673 2206 831 2250 Anima
845 2215 991 2251 nostra
1007 2220 1060 2249 ex
1077 2207 1166 2250 Deo
1185 2213 1264 2259 est,
1284 2219 1384 2264 quae
1403 2204 1499 2263 pol-

109 2275 201 2320 luta
223 2278 319 2320 est?
343 2276 385 2321 Si
413 2273 503 2320 non
525 2285 588 2320 est
615 2292 668 2320 ex
695 2279 786 2321 Deo
802 2312 812 2332 ,
853 2285 903 2320 ut
934 2275 1044 2336 quid
1077 2290 1157 2335 pro
1190 2273 1264 2319 illa
1300 2274 1499 2320 Christus

110 2348 339 2394 crucifixus
359 2357 422 2392 est
437 2350 454 2392 Ξ)
479 2349 521 2393 Si
539 2363 642 2408 ergo
654 2358 776 2409 paret
787 2349 889 2408 quia
902 2349 1099 2394 Christus
1113 2355 1291 2407 propter
1309 2346 1500 2390 animam

112 2431 305 2466 nostram
326 2421 554 2465 crucifixus
576 2429 663 2476 est,
688 2430 811 2480 paret
834 2422 934 2481 quia
955 2436 1006 2465 ex
1029 2422 1119 2465 Deo
1146 2427 1232 2475 est,
1263 2427 1307 2464 et
1333 2417 1500 2478 polluta

116 2501 228 2547 erat,
251 2501 294 2536 et
315 2492 408 2551 ipse
425 2495 524 2536 'eam
547 2491 791 2537 mundavit.
812 2510 832 2533 »

176 2567 287 2609 Aac„
313 2563 419 2608 dixit
444 2582 453 2608 ε
479 2566 574 2623 Ego
596 2578 686 2609 non
707 2562 850 2609 solum
867 2562 1073 2619 animam,
1093 2560 1168 2607 sed
1181 2570 1224 2606 et
1237 2575 1394 2620 corpus
1408 2575 1503 2605 nos-

306 2645 491 2676 cxxxvl.
1240 2633 1290 2672 16
