1803 3250
292 194 371 231 325
725 202 754 226 s,
795 198 1024 226 AUGcs'rtffl
1060 198 1238 225 Erlscom

287 270 529 319 clavorum,
556 274 595 308 et
612 263 831 308 credendo
848 265 957 308 veris
976 263 1064 308 noli
1078 279 1165 307 esse
1177 263 1397 319 credulus,
1417 264 1490 308 sed
1507 264 1675 311 fidelis?

289 341 565 384 Sicutautem
577 334 734 395 desipit
757 336 985 380 Manichaei
1004 334 1207 394 sacrilega
1229 335 1410 389 vanitas,
1433 335 1540 395 quid
1559 335 1675 381 aliud

287 410 394 453 dixit
425 406 641 465 Discipulo
659 406 869 460 Christus,
891 407 970 450 nisi
993 425 1001 450 :
1030 408 1172 463 Tange
1204 404 1324 464 quod
1345 405 1521 461 simulo,
1550 415 1678 465 tange

285 480 405 541 quod
435 478 560 535 fallo,
586 479 690 533 nisi,
726 488 852 537 tange
886 478 1037 523 salsam
1076 493 1272 532 carnem,
1311 487 1437 535 tange
1470 477 1677 523 falsorum

285 552 451 597 fallacia
474 549 705 595 vulnerum
728 550 836 605 loca,
863 560 905 595 et
928 549 1017 594 noli
1041 565 1130 594 esse
1152 549 1403 594 incredulus
1426 552 1531 595 meis
1552 565 1678 595 men-

284 623 465 667 dacibus
496 622 726 677 membris,
765 631 813 665 ut
841 621 1060 665 credendo
1091 620 1206 665 falsis
1236 622 1368 680 possis
1397 636 1487 666 esse
1520 621 1681 667 fidelis,

286 695 408 739 Tales
428 693 576 738 fideles
594 693 724 738 habet
743 693 1029 746 Manichacus,
1051 693 1190 736 omnis
1205 692 1416 737 doetrinae
1435 693 1679 739 daemonio-

286 783 381 811 rum
400 765 854 825 mendaciloquorum.

341 839 504 881 XXVI.
544 839 664 894 Fuge
682 835 781 889 ista,
802 834 1000 889 obsecro,
1023 850 1111 878 non
1129 843 1169 878 te
1188 834 1378 894 decipiat
1397 836 1561 895 speeies
1579 852 1681 896 pau-

285 909 444 962 citatis,
472 908 677 966 quoniam
708 907 798 965 ipse
822 906 1032 950 Dominus
1062 905 1169 950 dixit
1201 916 1429 967 angustam
1455 909 1569 952 viam
1592 923 1683 953 esse

284 994 538 1040 paucorum.
565 981 684 1022 Inter
708 993 866 1036 paucos
889 977 952 1022 vis
975 993 1085 1033 esse,
1112 977 1189 1022 sed
1213 979 1436 1037 pessimos.
1470 982 1578 1025 Nam
1607 995 1683 1024 ve-

285 1067 381 1095 rum
404 1059 465 1094 est
487 1048 608 1110 quod
631 1049 754 1107 pauci
783 1057 886 1092 sunt
907 1048 1026 1093 omni
1056 1048 1188 1093 modo
1216 1049 1474 1095 innoeentes
1493 1086 1505 1105 ,
1539 1050 1615 1094 sed
1638 1051 1683 1094 in

287 1123 386 1182 ipsis
422 1121 682 1165 nocentibus
716 1120 940 1179 pauciores
978 1128 1081 1163 sunt
1112 1120 1345 1164 homicidae
1375 1136 1506 1180 quam
1535 1121 1681 1176 fures,

291 1192 515 1253 pauciores
538 1200 640 1235 sunt
655 1191 934 1235 incestatores
952 1206 1084 1251 quam
1099 1190 1286 1235 adulteri
1308 1210 1316 1235 ε
1343 1190 1534 1252 denique
1552 1192 1683 1236 etiam

288 1264 392 1323 ipsae
415 1263 697 1323 antiquorum
715 1261 784 1306 vel
800 1260 964 1305 fabulae
987 1261 1056 1306 vel
1073 1262 1264 1306 historiae
1277 1263 1503 1321 pauciores
1519 1262 1685 1306 habent

289 1333 465 1379 Medeas
497 1343 541 1378 et
574 1332 800 1388 Phaedras,
835 1348 966 1392 quam
1000 1332 1246 1376 facinorum
1282 1331 1466 1376 aliorum
1497 1333 1685 1391 flagitio-

290 1420 478 1464 rumque
511 1404 741 1460 mulieres;
781 1403 1004 1463 pauciores
1035 1403 1179 1446 Ochos
1208 1411 1251 1446 et
1279 1403 1520 1459 Busirides,
1554 1419 1685 1464 quam

292 1476 565 1535 impietatum
586 1474 769 1517 aliarum
791 1482 833 1517 et
855 1473 1066 1517 scelerum
1090 1473 1217 1517 viros.
1236 1472 1347 1517 Vide
1365 1488 1484 1532 ergo,
1505 1490 1559 1518 ne
1573 1474 1687 1519 forte

291 1548 409 1606 apud
434 1562 506 1591 vos
534 1546 694 1590 nimius
717 1547 870 1590 horror
891 1545 1125 1605 impietatis
1153 1544 1284 1590 faeiat
1307 1546 1510 1590 meritum
1535 1547 1687 1605 pauci-

295 1619 405 1662 tatis.
434 1617 553 1661 Talia
576 1617 739 1677 quippe
761 1617 824 1660 ibi
845 1616 1068 1675 leguntur,
1100 1615 1327 1671 dicuntur,
1351 1616 1611 1673 creduntur,
1640 1627 1690 1662 ut

294 1691 338 1733 in
363 1689 487 1733 illum
510 1704 699 1733 errorem
725 1688 858 1748 magis
882 1687 1051 1748 aliquos
1075 1704 1206 1748 quam
1225 1703 1388 1748 paucos
1405 1689 1593 1744 irruere,
1619 1688 1687 1734 vel

296 1761 382 1804 illie
407 1776 648 1814 remanere,
674 1760 923 1803 mirandum
941 1761 1009 1804 sit.
1034 1762 1292 1805 Sanctorum
1312 1769 1456 1804 autem
1476 1760 1686 1819 paucitas,

294 1847 483 1892 quorum
511 1840 692 1889 angusta
716 1831 783 1874 via
807 1840 893 1885 est,
920 1831 963 1873 in
986 1832 1312 1890 comparatione
1334 1832 1513 1890 ponitur
1538 1831 1690 1875 multi-

298 1904 459 1948 tudinis
483 1913 762 1963 peccatorum
790 1922 799 1947 :
825 1918 924 1963 quae
947 1902 1126 1963 quidem
1150 1904 1342 1962 paucitas
1364 1904 1410 1946 in
1437 1903 1577 1947 multo
1598 1919 1690 1949 ma-

290 1978 384 2038 jore
408 1992 591 2020 numero
621 1975 843 2034 palearum
870 1974 1025 2031 latet²3
1053 1974 1128 2018 sed
1152 1975 1199 2018 in
1230 1976 1321 2034 ipsa
1343 1990 1440 2019 area
1463 1974 1691 2020 catholicae

296 2047 501 2092 Ecclesiae
515 2057 578 2092 est
593 2063 711 2092 nunc
729 2047 1030 2105 congreganda
1044 2056 1083 2091 et
1099 2046 1361 2101 trituranda,
1377 2047 1420 2091 in
1441 2047 1527 2091 fine
1545 2056 1691 2091 autem

296 2118 549 2164 ventilanda
568 2128 700 2179 atque
721 2117 949 2178 purganda
971 2137 979 2162 :
1002 2117 1055 2161 ad
1080 2133 1211 2178 quam
1228 2127 1270 2162 te
1290 2127 1462 2177 oportet
1476 2117 1689 2174 conferas,

299 2191 332 2234 si
354 2190 541 2233 fideliter
563 2189 702 2234 fidelis
730 2204 819 2233 esse
848 2187 1087 2244 desideras,
1114 2204 1168 2232 ne
1196 2189 1375 2233 fidendo
1407 2188 1522 2233 falsis
1550 2192 1567 2247 (
1583 2190 1694 2234 sicut

300 2262 508 2321 scriptum
531 2264 627 2319 est)
646 2270 798 2306 ventos
816 2263 1006 2320 pascas‘2,
1032 2260 1076 2303 id
1100 2269 1185 2315 est,
1211 2260 1448 2304 immundis
1470 2261 1693 2320 spiritibus

301 2349 396 2378 esca
416 2334 506 2377 flas.
535 2334 577 2377 Si
601 2333 717 2377 enim
741 2331 901 2377 Paulus
921 2331 1166 2391 apostolus,
1193 2348 1324 2393 quem
1349 2347 1661 2377 commemoras
1677 2368 1689 2389 ,

301 2421 391 2450 non
427 2405 671 2464 sapientum
703 2404 870 2449 Veteris
894 2406 1157 2449 Testamenti
1183 2404 1425 2464 Scripturas
1465 2413 1693 2464 totamque

302 2476 420 2521 illam
437 2477 738 2536 propheticam
756 2476 1123 2535 dispensationem
1146 2474 1365 2520 dictorum
1391 2483 1522 2536 atque
1551 2473 1693 2521 facto-

353 2568 362 2585 ¹
384 2561 505 2594 Matth.
524 2573 573 2603 lu,
597 2573 649 2594 11.
665 2579 706 2586 --
723 2568 736 2584 ²
755 2562 850 2602 Osee,
870 2571 930 2603 ΧΠ,
949 2572 977 2593 1.
