1803 3250
387 267 547 292 toran>-
586 266 881 293 ADVERSARIUM
921 266 1051 301 mois,
1093 267 1169 290 mn.
1218 267 1243 290 ι.
1430 246 1510 286 341

129 331 205 374 ista
234 331 400 384 rimari,
438 333 626 375 inveniat
658 329 836 375 fortasse
865 332 908 374 in
937 340 1161 384 creatura,
1194 343 1294 389 quae
1316 329 1376 370 ita
1398 324 1511 369 facta

131 410 328 445 narratur
351 402 440 445 sine.
464 401 698 446 intervallis
729 399 1033 460 temporalium
1057 414 1301 454 morarum,
1334 395 1514 442 distin&=

131 480 220 515 tum
236 472 490 516 mirabiliter
507 472 703 521 ordinem
719 487 880 516 rerum.
901 473 1053 531 Neque
1071 472 1187 515 enim
1208 469 1406 515 materies
1424 482 1520 513 om-

128 541 231 587 nino
254 543 362 587 nihil
389 553 478 597 est,
512 545 566 588 de
594 560 680 604 qua
714 544 759 587 in
782 542 893 587 libro
918 544 1147 602 Sapientiae
1170 542 1360 601 legitur:
1395 537 1520 593 «Qui

132 630 151 653 n
175 613 312 658 fecisti
341 613 555 673 mundum
588 614 643 658 de
672 614 848 659 materia
877 612 1133 657 inf01-mi1.»
1159 615 1254 657 Non
1278 627 1384 671 ergo
1414 609 1521 672 quia

126 682 321 729 informis
343 686 457 730 dicta
478 695 563 740 est,
590 685 770 730 omnino
786 684 892 729 nihil
912 694 975 728 est
1000 704 1008 729 ε
1034 698 1113 727 nec
1136 686 1224 727 Deo
1242 682 1327 726 suit
1342 682 1409 726 vel
1427 682 1518 741 ipsa

126 764 356 810 coaeterna,
383 765 593 816 tanquam
620 772 641 800 a
660 756 783 800 nullo
804 755 914 800 sacta
937 774 946 799 :
972 769 1053 798 nec
1075 753 1184 798 alius
1206 767 1299 796 eam
1320 750 1440 807 fecit,
1466 760 1517 796 ut

127 825 304 870 haberet
328 830 440 870 Deus
461 828 515 871 de
537 843 623 888 qua
645 827 806 873 faceret
836 826 1066 872 mundum.
1094 824 1219 869 Absit
1239 823 1355 868 enim
1379 830 1431 866 ut
1452 821 1521 867 di-

124 906 248 940 catur
271 898 548 956 omnipotens
575 914 664 942 non
687 899 877 958 potuisse
900 895 1061 951 facere,
1088 895 1168 939 nisi
1190 894 1310 938 unde
1330 893 1520 949 faceret,

129 968 354 1012 inveniret.
375 971 491 1028 Ergo
509 978 552 1012 et
569 970 705 1028 ipsam
722 972 833 1013 Deus
848 967 966 1014 fecit.
986 970 1075 1013 Nec
1092 964 1206 1010 mala
1223 974 1286 1010 est
1301 964 1515 1025 putanda,

123 1040 225 1098 quia
247 1038 444 1083 informis
471 1059 479 1084 ε
505 1039 580 1084 sed
602 1040 715 1084 bona
733 1049 798 1084 est
816 1038 1116 1097 intelligenda,
1135 1037 1236 1098 quia
1256 1035 1514 1092 formabilis,

123 1109 166 1153 id
201 1119 284 1165 est,
320 1110 592 1154 formationis
629 1126 781 1170 capax.
819 1111 1037 1164 Quoniam
1062 1109 1097 1154 si
1126 1108 1231 1152 boni
1253 1106 1420 1168 aliquid
1449 1115 1515 1152 est

123 1180 288 1236 forma,
314 1180 517 1226 nonnihil
549 1191 613 1226 est
648 1182 751 1226 boni
787 1197 876 1226 esse
899 1196 1101 1242 capacem
1134 1179 1254 1225 boni.
1283 1180 1403 1224 Sicut
1433 1194 1517 1224 vox

120 1251 300 1297 confusa
321 1261 385 1297 est
405 1252 572 1297 clamor
596 1254 687 1297 sine
710 1253 870 1306 verbis,
887 1269 970 1297 vox
987 1268 1092 1297 vero
1110 1251 1337 1296 articulata
1352 1251 1402 1296 fit
1414 1265 1517 1296 cum

120 1321 335 1367 formatur
355 1324 400 1367 in
424 1324 555 1367 verba
584 1344 592 1368 :
619 1333 682 1368 est
702 1339 805 1382 ergo
822 1322 896 1367 illa
917 1322 1179 1377 formabilis,
1204 1322 1284 1366 ista
1306 1321 1514 1377 formata3

122 1393 191 1438 illa
214 1411 314 1455 quae
335 1393 518 1438 formam
537 1396 669 1453 capit,
698 1396 777 1439 ista
800 1410 900 1455 quae
922 1393 1055 1438 habet
1081 1412 1090 1439 2
1115 1408 1214 1437 nam
1234 1392 1342 1453 quid
1356 1393 1515 1437 horum
1577 1450 1580 1453 Ι

121 1464 238 1509 unde
265 1467 357 1520 fiat,
383 1467 426 1510 in
446 1476 655 1527 promptu
681 1476 759 1511 est.
787 1469 939 1527 Neque
961 1465 1076 1510 enim
1103 1465 1334 1525 quisquam
1363 1464 1521 1509 dixerit

119 1535 174 1580 de
194 1537 335 1580 verbis
353 1537 444 1580 fieri
464 1553 618 1582 sonum
643 1537 759 1581 vocis
779 1556 789 1582 :
813 1538 887 1581 sed
908 1537 1052 1597 potius
1067 1536 1123 1581 de
1143 1551 1252 1581 voce
1274 1535 1369 1580 fieri
1389 1535 1521 1581 verba

120 1607 321 1651 sonantia
342 1606 447 1667 quis
460 1623 546 1651 non
569 1606 818 1666 intelligat?

179 1679 278 1722 XII.
315 1681 403 1723 Nec
437 1680 659 1738 putandus
691 1688 754 1722 est
788 1682 902 1723 Deus
934 1677 1166 1722 informem
1206 1678 1326 1738 prius
1364 1675 1514 1722 fecisse

120 1749 368 1803 materiam,
401 1759 444 1793 et
473 1748 704 1804 intervallo
733 1749 881 1808 aliquo
911 1749 1167 1808 interposito
1191 1748 1399 1808 temporis
1424 1747 1516 1793 for·—

121 1834 253 1864 masse
281 1820 402 1880 quod
424 1820 610 1865 informe
635 1822 757 1879 prius
789 1820 950 1865 fecerat
978 1840 987 1864 2
1012 1820 1085 1865 sed
1118 1820 1228 1865 sicut
1255 1836 1277 1864 a
1308 1819 1518 1880 loquente

119 1891 231 1936 fiunt
248 1893 381 1937 verba
397 1892 611 1946 sonantia,
638 1892 712 1936 ubi
729 1907 817 1936 non
836 1892 954 1950 prius
972 1907 1053 1935 vox
1070 1891 1271 1935 informis
1289 1900 1386 1951 post
1402 1891 1517 1936 acci·

122 1962 183 2021 pit
204 1963 414 2018 formam,
438 1962 511 2007 sed
535 1962 721 2007 formata
745 1962 964 2020 profertur
985 1985 996 2020 3
1030 1963 1089 2007 ita
1122 1961 1431 2022 intelligendus
1453 1974 1518 2008 est

120 2036 232 2078 Deus
253 2033 308 2078 de.
330 2035 507 2079 materia
528 2034 707 2094 quidem
730 2035 907 2079 informi
928 2034 1078 2080 fecisse
1094 2033 1328 2090 mundum,
1357 2034 1434 2079 sed
1456 2035 1516 2079 si·

119 2104 211 2149 mul
243 2120 338 2149 eam
370 2120 620 2150 concreasse
648 2120 748 2149 cum
779 2105 962 2150 mundo.
1001 2107 1098 2150 Non
1128 2114 1274 2149 tamen
1304 2105 1518 2151 inutiliter

118 2177 236 2236 prius
258 2178 458 2220 narratur
484 2176 602 2221 unde
626 2175 789 2237 aliquid
815 2178 885 2231 fit,
911 2186 954 2221 et
983 2186 1127 2236 postea
1149 2176 1270 2237 quod
1299 2176 1403 2221 inde
1435 2177 1515 2222 fit?

118 2247 221 2308 quia
245 2248 323 2291 etsi
352 2257 493 2307 potest
525 2258 761 2308 utrumque
792 2247 918 2292 simul
950 2248 1066 2301 fieri,
1091 2263 1181 2291 non
1207 2247 1339 2293 simul
1373 2258 1514 2308 potest

120 2329 359 2379 utrumque
379 2320 559 2363 narrari.

178 2391 307 2434 XIII.
345 2389 444 2435 Sive
466 2405 569 2450 ergo
591 2391 708 2450 prius
730 2392 908 2436 nomine
930 2390 1029 2435 coeli
1049 2400 1093 2435 et
1115 2400 1263 2446 terrae,
1292 2390 1363 2436 vel
1386 2400 1514 2437 terrae

120 2461 350 2507 invisibilis
373 2471 416 2506 et
436 2462 736 2523 incompositae
753 2471 885 2524 atque
907 2462 1050 2521 abyssi
1078 2462 1346 2520 tenebrosae,
1374 2473 1516 2509 mate-

120 2533 202 2578 ries
223 2533 316 2593 ipsa
336 2532 536 2580 informis
556 2534 795 2594 significata
816 2543 1049 2595 estfflrerum
1076 2533 1511 2597 notarumdappella—

168 2617 273 2664 {Sap
287 2629 336 2661 xi,
356 2622 407 2654 18.
