1803 3250
297 161 380 201 254
731 166 762 193 5.
801 168 1030 195 Aucus’rtm
1065 167 1242 194 EPtSCOPl

292 238 413 298 quod
430 238 592 280 bonum
609 244 673 278 est
691 254 698 278 2
722 249 808 278 non
826 234 940 278 enim
960 243 1101 293 posset
1119 233 1156 276 ei
1173 248 1329 277 nocere
1346 233 1583 291 corruptio,
1599 233 1680 277 nisi

291 306 525 352 adimendo
543 314 586 349 et
605 303 844 349 minuendo
861 305 983 364 quod
1003 306 1166 348 bonum
1186 314 1263 348 est.

349 380 448 421 Vll.
484 376 704 421 Creaturis
721 384 864 419 autem
884 375 1260 435 praestantissimis,
1281 374 1364 418 hoc
1387 382 1466 428 est,
1491 374 1680 417 rationa-

291 448 405 491 libus
426 447 663 506 spiritibus‚
687 447 767 491 hoc
785 447 980 506 praestitit
1008 450 1133 498 Deus,
1153 455 1202 489 ut
1219 445 1252 488 si
1276 443 1432 499 nolint,
1457 445 1680 502 corrumpi

292 533 378 561 non
412 517 603 576 possint3
635 517 679 560 id
708 526 792 571 est,
828 517 860 560 si
896 517 1189 561 obedientiam
1222 515 1571 559 conservaverint
1600 514 1681 558 sub

291 588 477 633 Domino
508 591 594 632 Deo
617 603 711 640 suo,
741 602 790 632 ac
822 587 880 631 sic
902 586 1222 645 incorruptibili
1251 585 1570 645 pulchritudini
1592 585 1683 644 ejus

291 658 580 704 adhaeserint:
605 659 638 702 si
668 667 814 702 autem
838 656 1133 702 obedientiam
1163 672 1418 700 conservare
1441 655 1678 711 noluerint,

290 730 498 791 quoniam
516 728 708 773 volentes
726 736 1070 786 corrumpuntur
1088 728 1132 770 in
1150 727 1353 786 peccatiS‚
1376 727 1573 771 nolentes
1590 742 1683 772 cor-

291 809 551 860 rumpantur
586 800 631 842 in
667 799 821 858 poenis.
865 796 967 841 Tale
996 797 1160 856 quippe
1191 798 1355 841 bonum
1379 807 1441 842 est
1466 801 1595 854 Deus,
1634 805 1684 841 ut

291 872 454 916 nemini
485 885 584 914 eum
617 869 832 913 deserenti
854 869 965 912 bene
987 867 1069 912 sit:
1105 877 1148 912 et
1176 869 1220 912 in
1243 870 1373 913 rebus
1396 885 1418 913 a
1444 872 1531 913 Deo
1560 868 1683 913 sactis

291 952 379 986 tam
411 956 618 999 magnum
652 941 817 984 bonum
843 949 906 983 est
928 949 1082 984 natura
1106 940 1338 995 rationalis,
1366 950 1415 984 ut
1437 939 1609 984 nullum
1631 941 1682 984 sit

291 1014 457 1058 bonum
476 1028 564 1072 quo
589 1012 713 1055 beata
731 1011 785 1055 sit
803 1011 881 1055 nisi
904 1014 1029 1054 Deus.
1054 1014 1285 1055 Peccantes
1302 1012 1432 1070 igitur
1449 1012 1494 1055 in
1514 1011 1681 1071 suppli-

289 1083 363 1128 ciis
393 1082 679 1127 ordinantur:
706 1097 805 1142 quse
839 1081 1056 1126 ordinatio
1079 1082 1178 1141 quia
1214 1098 1365 1126 eorum
1398 1091 1564 1126 naturae
1594 1097 1682 1126 non

290 1155 513 1214 competit,
546 1153 644 1198 ideo
673 1168 801 1213 poena
825 1162 915 1211 est3
939 1151 1013 1196 sed
1041 1152 1144 1212 quia
1166 1152 1308 1213 culpae
1332 1153 1559 1212 competit,
1584 1152 1683 1198 ideo

286 1227 454 1287 justitia
471 1234 550 1270 est.
923 1275 931 1289 .

349 1300 471 1342 V111.
507 1299 674 1342 Caetera
697 1312 796 1356 quae
819 1305 921 1340 sunt
947 1294 1057 1340 facta
1083 1294 1137 1338 de
1156 1296 1309 1349 nihilo,
1331 1312 1429 1355 quae
1453 1296 1606 1356 utique
1622 1296 1683 1339 in·

291 1367 447 1413 seriora
480 1377 582 1412 sunt
614 1382 747 1426 quam
779 1367 953 1426 spiritus
982 1365 1220 1421 rationalis,
1255 1382 1333 1410 nec
1357 1368 1483 1410 beata
1505 1376 1685 1426 possunt

290 1455 396 1496 esse,
431 1455 511 1484 nec
535 1439 703 1483 misera.
732 1439 816 1483 Sed
838 1438 938 1498 quia
963 1454 1040 1498 pro
1065 1437 1196 1482 modo
1219 1447 1261 1481 et
1280 1439 1422 1497 specie
1448 1455 1523 1483 sua
1554 1440 1684 1484 etiam

291 1512 381 1571 ipsa
404 1512 520 1556 bona
543 1520 660 1565 sunt,
687 1526 767 1554 nec
785 1525 874 1554 esse
892 1510 1091 1570 quamvis
1110 1509 1277 1554 minora
1297 1519 1340 1554 et
1357 1511 1534 1555 minima
1548 1511 1680 1565 bona,

290 1583 370 1627 nisi
393 1599 416 1627 a
438 1598 611 1627 summo
638 1584 752 1626 bono
778 1585 865 1626 Deo
889 1590 1144 1641 potuerunt,
1182 1582 1241 1626 sic
1263 1582 1460 1626 ordinata
1482 1593 1601 1637 sunt,
1635 1591 1684 1626 ut

288 1654 448 1698 cedant
469 1653 706 1697 infirmiora
729 1652 1018 1707 firmioribus,
1044 1661 1087 1696 et
1109 1651 1363 1696 invalidiora
1399 1651 1652 1697 fortioribus
1670 1688 1680 1708 ‚

289 1732 332 1768 et
347 1724 654 1784 impotentiora
668 1723 1003 1782 potentioribus,
1021 1732 1152 1783 atque
1170 1723 1229 1768 ita
1247 1723 1496 1768 coelestibus
1513 1732 1684 1769 terrena

289 1794 558 1841 concordent
584 1804 796 1854 tanquam
824 1793 1175 1854 praecellentibus
1208 1794 1396 1839 subdita.
1434 1796 1505 1840 Fit
1536 1804 1684 1840 autem

290 1867 604 1912 decedentibus
626 1875 669 1910 et
691 1865 1024 1911 succedentibus
1054 1865 1184 1910 rebus
1207 1867 1457 1926 temporalis
1479 1867 1683 1927 quaedam

289 1937 335 1982 in
368 1954 446 1983 suo
470 1953 626 1997 genere
647 1936 952 1997 pulchritudo,
990 1946 1040 1980 ut
1073 1953 1153 1981 nec
1185 1938 1275 1996 ipsa
1297 1954 1397 1997 quae
1419 1939 1680 1994 moriuntur,

288 2009 359 2053 vel
377 2008 498 2069 quod
517 2017 640 2053 erant
662 2024 751 2052 esse
770 2008 992 2063 desinunt,
1015 2017 1192 2068 turpent
1210 2019 1286 2053 aut
1300 2009 1480 2054 turbent
1502 2010 1683 2054 modum

290 2089 334 2124 et
368 2079 556 2139 speciem
587 2088 630 2124 et
660 2078 858 2124 ordinem
894 2078 1105 2123 universae
1137 2089 1372 2125 creaturae:
1405 2081 1515 2124 sicut
1543 2095 1684 2125 sermo

292 2150 403 2194 bene
414 2151 678 2210 compositus
694 2149 847 2209 utique
866 2149 1048 2209 pulcher
1063 2159 1142 2205 est,
1159 2150 1355 2209 quamvis
1374 2151 1419 2195 in
1436 2166 1488 2195 eo
1504 2150 1684 2209 syllabae

291 2230 423 2283 atque
446 2237 596 2267 omnes
618 2222 712 2267 soni
735 2230 945 2282 tanquam
979 2220 1198 2266 nascendo
1219 2231 1262 2266 et
1282 2221 1510 2267 moriendo
1540 2231 1684 2268 trans-

290 2302 486 2338 currant.

349 2366 427 2409 IX.
463 2363 611 2418 Qualis
628 2371 775 2408 autem
792 2371 836 2408 et
849 2371 1013 2422 quanta
1029 2377 1162 2421 poena
1184 2362 1344 2422 cuique
1361 2361 1502 2423 culpae
1519 2362 1683 2410 debea-

291 2443 379 2492 tur,
414 2434 552 2481 divini
580 2433 733 2496 judicii
755 2442 835 2490 est,
872 2448 962 2479 non
982 2433 1164 2478 humani
1186 2453 1195 2479 ε
1221 2450 1321 2495 quae
1341 2435 1494 2496 utique
1517 2444 1561 2480 et
1581 2451 1680 2481 cum

289 2506 509 2554 conversis
538 2505 792 2562 remittitur,
831 2519 986 2565 magna
1017 2514 1081 2551 est
1109 2504 1280 2552 bonitas
1307 2505 1424 2566 apud
1454 2510 1614 2564 Deum3
1638 2517 1681 2554 et
