1803 3250
299 203 352 231 m:
386 201 497 232 Acus
528 204 617 231 cum
652 203 798 230 remen
832 201 1077 239 MAMCHAEQ
1114 204 1196 230 Lm.
1233 204 1279 229 11.
1401 193 1480 231 237

100 267 377 325 hominibus,
412 278 456 313 et
483 269 647 313 viribus
678 267 764 311 suis
786 275 923 310 totum
949 267 1266 320 tribuentibus,
1303 276 1352 313 ut
1383 284 1483 313 cum

98 336 279 397 implere
300 355 388 383 non
411 347 584 398 possent
604 338 746 397 legem
767 335 930 391 datam,
952 338 1298 396 praevaricatores
1316 339 1486 384 inveni-

98 416 251 452 rentur
267 417 310 453 et
332 408 433 454 facti
456 409 515 453 rei
533 408 615 453 sub
636 407 746 466 lege,
780 416 978 465 peterent
1005 408 1341 453 misericordiam
1369 425 1392 454 a
1426 409 1486 456 16-

98 477 159 536 gis
181 478 432 524 Conditore.
462 478 649 523 Proinde
676 476 807 536 paulo
830 486 926 536 post
948 478 1052 521 dicit
1080 477 1194 522 idem
1220 480 1480 538 Apostolus:

100 567 120 591 «
149 551 302 609 Itaque
322 548 391 593 lex
423 547 600 608 quidem
622 557 790 602 sancta,
816 557 860 591 et
892 547 1147 592 mandatum
1182 558 1376 594 sanctum
1396 586 1406 605 ,
1443 561 1485 596 et

97 620 303 679 »justum
321 628 364 664 et
380 619 547 663 bonum
561 621 589 661 ¹.
616 637 635 659 »
659 616 743 663 Sed
764 633 819 661 ne
836 618 952 662 dicas
973 618 1074 677 quia
1096 617 1150 662 de
1172 618 1255 664 alio
1279 620 1485 667 mandato

95 688 217 746 dicit,
234 699 284 734 ut
297 689 497 734 ostendat
509 690 611 750 quia
633 688 688 734 de
698 688 773 733 illo
790 687 910 743 dicit,
927 690 982 733 de
994 704 1083 748 quo
1101 689 1231 748 paulo
1254 700 1355 734 ante
1372 692 1487 736 dixe·

96 769 188 805 rat:
207 779 226 802 «
247 763 334 805 Lex
348 760 608 805 subintravit
622 769 671 804 ut
684 759 928 804 abundaret
939 758 1149 804 delictum
1168 779 1176 805 :
1200 779 1219 802 »
1240 761 1384 806 statim
1406 763 1485 807 sibi

95 830 296 890 opposuit
313 831 598 891 quaestionem
619 850 627 875 ε
653 849 673 873 «
700 830 830 884 Quod
853 846 956 890 ergo
980 831 1163 887 bonum,
1189 832 1297 876 mihi
1319 833 1484 878 factum

96 910 202 946 »est
228 903 373 946 mors?
402 901 526 946 Absit
548 921 557 947 ε
583 900 660 946 sed
683 910 910 961 peccatum
934 911 983 946 ut
1011 913 1217 962 appareat
1239 913 1482 963 peccatum,

96 989 117 1014 »
135 987 212 1032 per
229 972 395 1017 bonum
413 972 519 1016 mihi
536 981 762 1032 operatum
779 982 842 1017 est
860 976 1086 1017 mortem2.
1103 976 1244 1018 »Erat
1259 975 1374 1019 enim
1390 990 1485 1035 pec-

92 1053 255 1098 catum,
274 1041 350 1087 sed
364 1058 453 1088 non
470 1042 706 1103 apparebat
721 1052 948 1102 peccatum
968 1061 977 1088 ε
996 1042 1095 1088 data
1115 1053 1177 1088 est
1192 1044 1261 1089 lex
1277 1045 1483 1105 superbo,

90 1114 195 1159 fecit
217 1122 367 1159 contra
388 1112 547 1173 legem,
577 1123 619 1158 et
636 1115 837 1174 apparuit
860 1124 1106 1174 peceatum,
1132 1116 1254 1176 quod
1275 1126 1383 1173 erat,
1409 1117 1484 1163 sed

91 1200 181 1230 non
203 1184 451 1244 apparebat.
478 1187 702 1243 Apparens
720 1193 865 1229 autem
892 1194 1120 1244 peccatum
1143 1186 1391 1232 humiliavit
1411 1203 1485 1233 su-

92 1256 275 1316 perbum
290 1290 302 1311 ‚
336 1255 590 1300 humiliatus
623 1255 834 1314 superbus
870 1254 1011 1300 factus
1046 1265 1108 1300 cst
1148 1257 1365 1316 poenitens
1381 1293 1392 1314 ‚
1428 1259 1483 1303 de

91 1327 348 1388 poenitentia
366 1327 596 1387 impetrata
620 1336 682 1371 est
709 1326 1017 1371 misericordia.
1043 1327 1216 1372 Audisti
1239 1343 1341 1388 ergo
1363 1329 1484 1390 quod

91 1399 379 1459 interrogasti,
398 1398 614 1459 responde
636 1399 759 1459 quod
776 1399 994 1457 interrogo
1020 1418 1029 1444 2
1050 1399 1167 1444 Nihil
1184 1414 1339 1445 nocere
1359 1411 1484 1461 pote-

90 1481 157 1516 rat
180 1488 283 1532 gens
305 1471 586 1516 tenebrarum
609 1473 724 1525 Deo,
758 1486 892 1530 quare
914 1471 1001 1515 huc
1028 1470 1144 1515 misit
1174 1480 1340 1530 partem
1361 1488 1483 1517 suam

90 1542 355 1588 miscendam
377 1552 420 1587 et
442 1541 724 1601 polluendam
748 1557 771 1585 a
795 1550 951 1586 natura
974 1542 1257 1586 daemonum?

148 1616 252 1659 XII.
289 1617 393 1658 FEL.
419 1613 526 1658 dixit
549 1632 558 1657 :
588 1632 606 1654 «
636 1613 677 1658 Si
698 1613 743 1656 in
767 1612 946 1657 arbitrio
969 1622 1117 1657 nostro
1150 1628 1324 1669 sumus,
1352 1629 1482 1660 nemo

89 1686 311 1730 neminem
335 1694 490 1743 cogat:
520 1683 698 1745 quando
729 1684 932 1738 voluero,
964 1699 1037 1728 ero
1072 1684 1358 1730 Christianus.
1397 1688 1482 1730 Vo-

87 1756 232 1801 luntas
265 1756 391 1801 nobis
420 1756 640 1816 subjacet,
677 1763 750 1800 aut
788 1770 877 1800 esse
908 1755 1202 1800 Christianum
1222 1791 1232 1811 ,
1279 1765 1354 1801 aut
1390 1772 1480 1802 non

89 1843 195 1872 esse.
234 1845 254 1869 »

147 1903 260 1944 Auo.
295 1898 402 1943 dixit
434 1917 442 1943 ε
476 1898 588 1951 Quia
610 1895 811 1941 voluntas
840 1897 965 1941 nobis
989 1897 1170 1957 adjacet,
1201 1898 1478 1943 manifestum

88 1979 175 2025 est,
201 1979 244 2014 at
264 1970 349 2014 hoc
379 1969 433 2012 de
455 1968 609 2012 divinis
633 1967 864 2027 Scripturis
887 1967 1045 2025 docui3
1068 1967 1187 2028 quod
1217 1978 1391 2014 coactus
1415 1980 1479 2014 est

89 2041 218 2085 etiam
249 2040 409 2084 invitus
433 2038 576 2082 dicere
593 2074 604 2092 ,
630 2038 757 2081 etiam
789 2037 860 2081 ille
885 2038 961 2097 qui
984 2053 1057 2082 vos
1090 2040 1133 2082 in
1155 2039 1285 2083 istum
1309 2040 1480 2084 induxit

90 2126 296 2156 errorem.
321 2108 449 2163 Quod
474 2117 618 2153 autem
636 2107 741 2152 dicis
761 2127 769 2152 ;
795 2128 814 2149 u
832 2110 968 2153 Nemo
987 2117 1182 2168 cogatur,
1202 2109 1380 2169 quando
1399 2126 1477 2154 vo-

87 2182 210 2227 luero
227 2217 237 2237 ‚
274 2196 348 2225 ero
378 2171 647 2225 Christianus
668 2198 678 2224 z
703 2197 722 2220 »
750 2194 878 2224 nemo
901 2179 1028 2239 plane
1059 2188 1101 2223 te
1132 2181 1274 2238 cogit3
1299 2180 1476 2241 quando

88 2253 275 2299 volueris
292 2287 303 2307 ‚
328 2260 419 2296 esto
456 2270 464 2294 ι
496 2252 598 2311 quia
620 2266 670 2294 ex
693 2250 917 2295 voluntate
942 2260 1016 2295 tua
1040 2251 1127 2295 huc
1149 2252 1325 2306 venisti,
1359 2262 1401 2297 et
1423 2268 1474 2297 ex

89 2324 315 2370 voluntate
338 2332 411 2367 tua
439 2323 518 2366 ista
551 2321 795 2380 disputasti.
836 2325 893 2367 Et
924 2338 989 2366 vae
1014 2322 1229 2367 voluntati
1262 2323 1402 2378 malae,
1441 2325 1476 2369 si

88 2395 201 2440 mala
223 2405 309 2453 est3
324 2410 405 2454 pax
425 2394 550 2438 bonae
563 2393 794 2448 voluntati,
811 2393 845 2438 si
861 2393 975 2438 bona
991 2403 1068 2438 est.
1091 2394 1187 2438 Sive
1202 2403 1346 2439 autem
1362 2394 1475 2440 mala

86 2467 155 2523 sit,
173 2467 260 2511 sive
276 2466 390 2511 bona
407 2466 476 2521 sit,
491 2464 694 2510 voluntas
710 2474 789 2510 est.
807 2466 972 2510 Bonam
988 2463 1263 2510 voluntatem
1278 2466 1477 2527 sequitur

139 2557 147 2574 ⁸
169 2554 259 2586 Rom.
279 2562 336 2592 vn,
359 2559 408 2584 m.
423 2557 486 2574 —2
506 2549 590 2584 lbid.
613 2549 666 2583 13.
