1803 3250
361 289 442 327 348
802 300 833 327 S.
874 303 1100 330 AnausTim
1140 305 1315 331 episcopi

357 364 640 419 demonstrat,
679 367 931 413 rationalem
963 380 1202 414 ereaturam
1241 369 1359 414 illam
1383 383 1474 412 esse
1492 366 1745 420 meliorem,
1798 388 1799 394 ¹

355 452 454 497 quae
477 436 596 481 nulla
620 437 910 484 inobedientia
932 440 1088 484 deserit
1110 443 1264 493 Deum,
1285 455 1416 500 quam
1438 439 1561 482 istam
1577 438 1745 498 quaeita

354 508 543 552 deseruit
566 528 574 554 ς
601 509 704 553 sciat
724 511 918 571 quisquis
934 513 1014 556 boc
1032 513 1157 572 sapit,
1174 528 1252 556 nec
1270 511 1387 555 illam
1404 511 1549 553 deesse
1566 507 1748 554 coelesti-

356 579 434 623 bus
456 580 584 623 rebus
607 597 705 640 quae
730 598 953 642 nunquam
979 582 1137 627 deserit
1163 587 1318 634 Deum,
1343 597 1420 626 nec
1439 582 1561 625 istam
1582 580 1640 624 ita
1659 595 1748 625 esse

354 649 508 696 factam
530 664 577 696 ut
601 653 744 714 aliqua
769 656 1019 699 necessitate
1044 656 1240 700 deserere
1263 665 1493 710 cogeretur
1520 656 1655 696 Deum
1675 672 1683 697 :
1704 662 1749 697 et

351 724 451 783 quia
471 723 696 768 voluntate
718 725 927 777 deseruit,
956 726 1061 770 nibil
1087 742 1136 769 ex
1163 727 1244 770 hoe
1278 726 1546 768 diminutum
1576 723 1747 783 sapien-

352 794 518 838 tissimis
536 795 891 855 dispositionibus
920 797 1021 848 Dei,
1048 797 1123 857 qui
1142 806 1184 840 et
1206 797 1324 840 malis
1348 796 1457 839 bene
1473 806 1513 839 et
1534 795 1744 853 perversis

348 875 463 910 recte
486 867 638 921 utitur,
666 877 707 911 et
732 869 785 911 (lc
808 868 1004 911 humano
1029 883 1187 927 genere
1207 869 1324 927 jusu¹
1350 868 1594 926 meritoque
1618 864 1746 909 dam-

350 948 449 981 nato
473 936 679 981 familiam
713 948 903 982 sanctam
929 948 1060 998 atque
1085 953 1359 983 numerosam
1381 974 1390 992 ‚
1425 954 1512 982 non
1536 937 1627 996 ejus
1651 950 1746 979 me-

348 1009 445 1062 rito,
470 1007 544 1052 sed
570 1010 702 1067 gratia
727 1024 801 1053 sua
826 1008 1001 1064 luctam,
1026 1010 1069 1053 in
1091 1018 1304 1053 {eternum
1332 1024 1512 1067 regnum
1537 1025 1582 1052 se
1606 1014 1747 1051 trans-

346 1080 537 1124 laturum
561 1095 651 1123 esse
675 1088 871 1124 testatur.

402 1152 524 1195 XXI.
561 1154 669 1204 Quae
705 1168 807 1196 cum
842 1153 901 1196 ita
936 1153 1048 1207 sint,
1081 1168 1160 1197 nec
1191 1155 1304 1196 Deus
1336 1153 1558 1196 occultare
1587 1151 1744 1196 debuit

346 1222 530 1281 lignum,
556 1222 675 1283 quod
695 1233 872 1283 propter
894 1233 1225 1268 consecuturam
1250 1224 1439 1268 bominis
1457 1222 1692 1277 miseriam,
1709 1223 1743 1266 si

345 1309 394 1337 ex
421 1292 496 1337 illo
524 1304 674 1338 contra
699 1295 1041 1353 prohibitionem
1065 1306 1275 1353 usurpato
1298 1295 1575 1353 dignosceret
1599 1310 1621 1337 a
1653 1310 1742 1353 quo

348 1366 461 1409 bono
483 1364 726 1420 decidisset,
754 1375 797 1410 et
819 1366 862 1409 in
892 1367 1012 1426 quod
1044 1366 1207 1409 malum
1232 1366 1450 1409 incidisset
1468 1400 1479 1419 ,
1506 1363 1740 1424 appellavit

344 1435 512 1494 lignum
544 1435 855 1495 dignoscentiae
887 1438 989 1481 boni
1019 1448 1061 1481 et
1095 1436 1211 1480 mali.
1241 1438 1332 1480 Cur
1356 1436 1473 1480 enim
1501 1435 1742 1480 occultaret

345 1507 399 1550 de
421 1523 510 1567 quo
535 1507 790 1552 mandatum
811 1508 960 1562 dabat,
982 1517 1024 1551 et
1042 1523 1120 1566 per
1139 1509 1258 1568 quod
1291 1508 1584 1551 obedientiam
1621 1522 1742 1552 com-

346 1578 616 1622 mendabat?
640 1581 728 1623 Nec
757 1580 930 1638 ignarus
962 1579 1047 1623 suit
1074 1580 1298 1623 bominem
1321 1589 1604 1639 peccaturum
1627 1599 1636 1623 ε
1663 1578 1739 1623 sed

345 1649 474 1693 simul
496 1649 644 1704 etiam,
670 1650 896 1711 quidjusti
915 1661 957 1694 et
978 1650 1082 1694 boni
1102 1650 1245 1694 fuerat
1267 1659 1311 1694 et
1333 1650 1389 1694 de
1416 1659 1624 1710 peccante
1647 1649 1740 1694 fac-

346 1730 493 1776 turus,
534 1737 702 1766 summa
731 1711 884 1782 utiqde
909 1721 1137 1766 divinitate
1159 1721 1388 1780 praescivit.
1425 1724 1513 1767 Nec
1553 1721 1741 1765 instituit

345 1794 463 1853 quod
495 1793 691 1849 obesset,
721 1793 754 1837 si
783 1794 916 1838 homo
937 1793 1017 1837 sibi
1047 1793 1196 1837 obesse
1230 1793 1471 1837 noluisset:
1499 1792 1573 1837 sed
1598 1794 1742 1853 potius

344 1864 530 1908 instituit
552 1863 671 1925 quod
695 1864 940 1923 prodesset3
966 1865 1067 1924 quia
1090 1865 1224 1909 homo
1252 1880 1341 1908 non
1364 1866 1455 1908 sine
1478 1864 1593 1908 bona
1624 1880 1740 1908 mer—

343 1934 449 1978 cede
469 1935 761 1980 obedientiam
787 1936 1068 1989 custodisset⁷
1097 1945 1139 1979 et
1168 1950 1256 1979 non
1278 1935 1370 1978 sine
1390 1934 1485 1978 utili
1509 1934 1736 1994 exemplo,

346 2017 394 2050 ut
411 2023 505 2051 eam
529 2008 664 2051 sancti
690 2009 781 2067 ejus
804 2008 962 2067 posteri
985 2006 1278 2062 custodirent,
1306 2022 1459 2066 poenas
1483 2007 1740 2052 inobedien-

346 2079 416 2122 tiae
438 2078 723 2137 persolvisset.
751 2082 839 2124 Nec
870 2078 1010 2123 voluit
1040 2078 1163 2139 quod
1192 2093 1280 2122 non
1309 2078 1455 2138 potuit
1478 2097 1486 2122 ε
1513 2078 1597 2122 hoc
1625 2078 1741 2123 enim

345 2149 499 2204 voluit,
522 2159 569 2193 ut
584 2160 658 2194 aut
676 2149 885 2194 obediens
902 2150 1032 2194 homo
1051 2159 1175 2204 esset,
1195 2159 1270 2192 aut
1287 2149 1546 2193 inobediens
1561 2149 1742 2209 impune

347 2237 433 2265 non
455 2231 580 2265 esset.
607 2225 694 2267 Nec
715 2219 985 2266 infructuose
1007 2220 1164 2274 voluit,
1187 2219 1308 2280 quod
1332 2222 1465 2264 bomo
1489 2236 1577 2265 non
1603 2220 1744 2266 suerat

345 2303 591 2338 servaturus
607 2329 618 2347 ,
639 2293 793 2354 jubere
820 2313 827 2338 :
854 2293 957 2353 quia
980 2309 1112 2353 poena
1130 2292 1445 2352 contemptoris
1464 2291 1613 2337 docuit
1637 2292 1743 2338 alios

347 2365 540 2409 obedire.
566 2368 654 2410 Nec
678 2366 720 2409 in
740 2365 918 2409 homine
935 2381 1034 2425 pars
1058 2365 1133 2408 Dei
1157 2365 1312 2408 restitit
1336 2367 1424 2408 Deo
1445 2383 1454 2408 2
1480 2364 1581 2424 quia
1601 2364 1634 2408 si
1658 2365 1742 2408 lio-

346 2436 473 2480 minis
495 2436 636 2480 anima
660 2453 757 2496 pars
781 2438 853 2481 Dei
877 2445 1011 2490 esset,
1032 2451 1112 2480 nec
1134 2452 1156 2480 a
1187 2451 1231 2481 se
1260 2436 1349 2495 ipsa
1368 2471 1379 2490 ,
1406 2450 1486 2480 nec
1508 2435 1564 2478 ab
1592 2435 1741 2495 aliquo

345 2507 515 2567 decipi,
543 2523 623 2552 nec
642 2507 695 2552 ad
719 2507 885 2569 aliquid
910 2506 1021 2552 male
1045 2506 1311 2563 faciendum,
1336 2507 1425 2551 sive.
1452 2506 1709 2566 patiendum
1725 2543 1735 2563 ‚

348 2577 437 2623 ulla
463 2579 715 2623 necessitate
734 2578 939 2640 compelli
957 2614 968 2629 ,
993 2594 1073 2624 nec
1095 2579 1141 2624 in
1161 2578 1317 2625 melius
1338 2577 1407 2624 vel
1429 2577 1618 2623 deterius
1639 2593 1739 2623 mu-

351 2649 428 2695 tari
451 2650 631 2696 omnino
651 2651 879 2710 potuisset,
