1803 3250
345 215 426 253 156
779 221 813 253 s.
850 223 1079 255 Aucus‘nm
1112 225 1293 254 E1>1scox³1

343 291 502 349 gratia,
528 289 647 348 quod
672 305 760 334 non
782 290 1039 350 intelligitis,
1067 301 1108 336 ct
1131 291 1248 336 unde
1266 293 1354 352 jam
1376 301 1592 352 quantum
1610 293 1727 336 susti-

341 375 437 404 cerc
459 359 707 415 videbatur,
738 361 780 404 in
804 363 1100 421 superioribus
1125 363 1320 423 partibus
1341 363 1491 421 Operis
1509 363 1639 422 hujus
1660 362 1727 407 lo—

341 439 469 474 cutus
492 446 589 475 sum
612 451 619 475 :
646 443 689 477 et
717 433 976 490 Christiani,
1013 450 1101 479 non
1130 433 1320 478 hoerctici
1338 469 1348 489 ,
1385 434 1460 478 scd
1491 433 1726 488 Catholici,

339 501 574 546 edomandi
593 504 784 563 corporis
807 519 949 559 causa,
975 514 1151 564 propter
1175 504 1363 548 animam
1392 505 1437 548 in
1458 503 1730 549 orationibus

338 568 524 632 amplius
543 573 882 629 humiliandam,
919 591 1006 619 non
1034 576 1153 635 quod
1182 573 1255 619 illa
1279 588 1368 618 esse
1389 574 1615 618 immunda
1635 588 1731 617 cre-

339 643 446 687 dant
463 679 473 699 ,
500 659 589 689 non
612 643 752 689 solum
777 662 800 690 a
823 647 1026 691 carnibus
1045 682 1055 702 ,
1084 661 1236 691 verum
1264 662 1287 690 a
1314 644 1576 705 quibusdam
1600 645 1731 689 etiam

343 724 465 759 terrae
486 714 703 761 fructibus
731 717 977 775 abstinent,
1004 717 1073 761 vel
1102 732 1271 776 semper
1289 752 1300 772 ,
1332 717 1443 761 sicut
1472 717 1627 776 pauci,
1664 715 1731 761 vel

340 788 467 831 certis
490 786 643 832 dicbus
667 797 797 847 atque
823 789 1107 847 temporibus,
1134 788 1244 832 sicut
1258 803 1335 848 per
1349 788 1732 846 Quadragcsimam

343 858 431 902 sere
449 874 598 903 omnes
615 894 625 914 ‚
651 868 818 919 quanto
837 859 970 916 magis
988 859 1173 918 quisque
1189 859 1259 903 vel
1274 860 1419 904 minus
1437 874 1513 904 seu
1526 859 1731 913 voluerit,

340 944 415 973 seu
437 930 644 988 potuerit.
670 932 756 973 Vos
778 938 923 973 autem
946 930 1081 989 ipsam
1105 939 1347 974 creaturam
1367 930 1534 989 negatis
1553 930 1730 984 bonam,

340 1008 383 1042 et
405 999 677 1042 immundam
696 999 837 1044 dicitis
854 1035 864 1055 ,
890 1000 1011 1060 quod
1033 1016 1183 1044 carnes
1207 1000 1407 1045 diabolus
1430 1010 1635 1060 operetur
1657 999 1735 1044 fae-

339 1070 579 1115 culentiore
594 1072 772 1115 materia
787 1070 888 1114 mali
907 1092 917 1128 3
939 1087 987 1116 ac
1006 1087 1083 1131 per
1100 1073 1184 1116 hoc
1199 1087 1269 1116 eas
1282 1107 1292 1121 ‚
1318 1082 1527 1132 tanquam
1544 1072 1732 1116 immun·

339 1140 460 1186 diora
504 1151 546 1186 et
584 1137 897 1186 truculentiora
936 1143 1005 1186 dei
1038 1143 1169 1186 vestri
1212 1142 1385 1187 vincula
1404 1177 1416 1197 ,
1457 1142 1736 1186 exhorrentes

342 1213 544 1273 abjicitis.
583 1214 870 1258 Auditorihus
901 1223 1047 1258 autem
1077 1214 1253 1269 vestris,
1279 1228 1389 1273 quos
1412 1222 1622 1273 tanquam
1645 1212 1737 1257 dis-

343 1284 500 1328 tinctos
523 1300 547 1328 a
579 1299 735 1342 genere
768 1283 1044 1329 sacerdotum
1079 1284 1254 1339 dixisti,
1291 1282 1533 1328 secundum
1565 1283 1735 1329 veniam

340 1356 434 1399 haec
459 1353 629 1399 edenda
653 1354 920 1416 conceditis:
942 1355 1053 1399 sicut
1075 1353 1341 1414 quibusdam
1364 1353 1569 1399 concedit
1595 1357 1736 1414 Apos-

341 1426 455 1470 tolus
483 1425 724 1470 secundum
757 1427 928 1470 veniam
946 1429 976 1480 ²,
1002 1441 1091 1469 non
1116 1440 1292 1469 omnem
1320 1425 1607 1470 concubitum
1631 1439 1739 1470 con-

336 1497 531 1557 jugalem
559 1498 688 1541 etiam
711 1497 786 1556 qui
807 1497 856 1540 fit
874 1496 963 1541 sola
986 1511 1112 1541 causa
1136 1495 1401 1555 generandi,
1430 1497 1506 1541 sed
1531 1512 1631 1541 eum
1660 1497 1737 1556 qui

340 1568 388 1611 fit
413 1583 489 1627 per
510 1567 903 1622 incontinentiam,
938 1566 1014 1611 sed
1046 1576 1191 1611 tamen
1224 1582 1326 1611 cum
1357 1567 1559 1626 conjuge.
1586 1569 1739 1627 Neque

341 1639 456 1682 enim
479 1637 737 1683 conceditur
758 1637 1001 1681 secundum
1024 1639 1194 1681 veniam
1209 1672 1221 1693 ,
1254 1637 1334 1680 nisi
1366 1646 1610 1697 peccatum.
1642 1639 1737 1683 Hoc

340 1724 415 1754 vos
437 1710 493 1754 de
522 1710 643 1754 omni
667 1710 864 1753 carnium
887 1708 988 1753 cibo
1010 1709 1176 1753 sentitis
1193 1744 1203 1763 ,
1229 1709 1313 1753 hoc
1336 1717 1379 1753 ct
1401 1709 1480 1768 ipsi
1511 1709 1566 1753 ab
1586 1709 1737 1753 haeresi

341 1789 482 1824 vestra
516 1779 747 1834 didicistis,
782 1789 826 1824 et
858 1788 1023 1823 vestros
1055 1779 1288 1823 Auditores
1324 1779 1489 1823 docetis
1515 1798 1524 1823 ε
1554 1779 1631 1824 sed
1651 1779 1734 1823 illis

339 1851 460 1911 quod
478 1851 532 1894 sit
554 1849 886 1909 ignoscendum,
914 1858 1088 1910 propter
1109 1848 1230 1909 quod
1246 1850 1369 1894 vobis
1392 1851 1632 1895 necessaria
1648 1851 1732 1894 mi-

341 1923 526 1966 nistrant
544 1957 555 1976 ,
580 1930 630 1966 ut
652 1920 763 1977 dixi,
789 1920 1049 1976 conceditis,
1075 1937 1165 1965 non
1187 1921 1382 1966 dicentes
1405 1937 1495 1966 non
1523 1937 1612 1966 esse
1629 1937 1736 1983 pec·

341 2003 504 2048 catum,
529 1993 606 2037 sed
625 1992 905 2052 peccantibus
928 1993 1098 2036 veniam
1119 1991 1379 2050 largientes,
1402 2008 1478 2037 vos
1503 2001 1651 2037 autem
1678 1993 1733 2038 ab

342 2065 460 2109 omni
482 2063 557 2108 tali
582 2073 791 2124 tanquam
809 2063 922 2108 mala
945 2073 988 2108 et
1009 2063 1237 2108 immunda
1259 2064 1519 2122 contagione
1543 2064 1736 2109 abstine-

345 2137 425 2181 tis:
450 2151 499 2180 ac
521 2150 598 2195 per
620 2136 705 2180 hoc
733 2135 844 2180 illud
874 2133 995 2196 quod
1028 2136 1225 2195 sequitur
1258 2151 1308 2180 ea
1340 2135 1475 2180 verba
1508 2135 1732 2196 Apostoli,

342 2208 502 2267 quibus
513 2207 973 2252 commemorationem
986 2207 1115 2266 hujus
1128 2206 1307 2265 capituli
1319 2206 1576 2262 terminasti,
1592 2207 1735 2267 ipsum

344 2287 406 2322 est
423 2279 602 2323 omnino
616 2278 737 2339 quod
754 2293 833 2323 nos
852 2277 957 2323 facit
968 2277 1052 2322 hoc
1068 2277 1366 2322 testimonium
1379 2276 1501 2321 vobis
1519 2277 1733 2337 objicere,

344 2350 464 2411 quod
487 2359 530 2394 et
552 2360 599 2394 tu
612 2385 622 2405 ,
650 2359 773 2410 puto,
795 2350 972 2405 sciebas,
989 2357 1040 2393 ut
1060 2365 1108 2393 ea
1125 2349 1256 2393 verba
1270 2349 1410 2407 primo
1426 2364 1515 2393 non
1533 2364 1732 2409 poneres,

344 2431 388 2465 et
410 2420 534 2465 nobis
549 2421 595 2465 in
617 2430 808 2466 extremo
827 2420 1015 2465 diceres:
1046 2438 1066 2461 «
1087 2423 1182 2473 Qua
1199 2428 1346 2474 mente
1364 2428 1439 2464 aut
1455 2419 1635 2464 consilio
1650 2420 1734 2465 hoc

347 2491 576 2537 adversum
613 2509 690 2538 nos
725 2492 964 2553 capitulum
1002 2491 1258 2551 proferatis,
1293 2506 1374 2550 ego
1403 2506 1492 2537 non
1520 2491 1675 2537 video:
1702 2510 1723 2533 »

394 2585 404 2601 ¹
429 2589 440 2611 1
462 2580 534 2612 Cor.
564 2589 620 2620 vn,
638 2578 669 2611 6.
