1803 3250
341 185 421 223 ‘242
761 191 794 219 s.
831 190 1060 220 Aucus'rim
1093 195 1271 222 muscom

336 270 452 304 trum
473 267 517 301 et
541 270 711 300 omnem
731 265 973 302 creaturam
991 268 1034 302 et
1056 258 1292 318 spiritalem
1315 270 1354 303 et
1376 261 1644 319 corporalem
1665 277 1716 306 ex

334 334 423 374 Deo
446 343 535 372 esse
556 327 655 372 dico
677 346 686 373 :
712 327 815 388 quia
838 328 920 373 hoc
940 329 1072 373 habet
1093 331 1316 375 Catliolica
1340 330 1460 375 sides.
1488 332 1573 376 Sed
1597 332 1716 378 aliud

331 412 394 446 est
433 399 553 461 quod
581 398 636 444 de
670 415 715 444 se
753 403 864 445 Deus
892 402 1064 460 genuit,
1103 401 1222 462 quod
1252 403 1334 448 hoc
1356 412 1420 447 est
1440 403 1561 464 quod
1592 404 1713 464 ipse3

329 471 447 516 aliud
470 480 615 516 autem
640 469 759 531 quod
782 470 883 516 fecit
909 475 1032 517 Deus.
1061 473 1190 527 Quod
1212 477 1323 519 Deus
1347 474 1523 534 genuit,
1544 474 1715 536 aequale

326 553 389 588 est
405 543 518 588 Patri
545 561 552 588 :
579 541 699 602 quod
720 545 832 587 Deus
852 542 969 598 fecit,
988 560 1075 589 non
1094 554 1158 589 est
1174 545 1340 606 :equale
1353 545 1581 591 conditum
1599 547 1714 591 Con-

323 614 468 659 ditori.
494 612 627 658 Aliud
644 623 788 659 autem
806 613 988 659 dicimus
1005 631 1056 659 ex
1085 619 1172 661 Deo
1189 632 1279 661 esse
1293 651 1304 672 ‚
1330 616 1450 676 quod
1469 617 1623 661 melius
1643 617 1713 661 di·-

320 687 434 732 citur
455 685 511 731 de
535 689 623 732 Deo
641 702 731 731 esse
745 722 756 741 ,
777 687 878 747 quia
900 687 983 731 hoc
1003 697 1067 731 est
1087 688 1208 747 quod
1230 689 1321 747 ipse
1338 723 1349 743 ‚
1376 689 1488 733 sicut
1509 688 1712 747 unigeni-

320 768 386 804 tus
410 760 559 814 Filius,
585 759 696 804 sicut
719 759 912 802 Verbum
935 760 1027 818 ejus
1045 774 1120 818 per
1140 760 1261 819 quod
1284 758 1397 805 facta
1415 769 1516 805 sunt
1533 761 1706 806 omnia:

315 831 396 876 alia
419 848 520 876 vero
542 831 602 875 sie
627 831 812 875 dicimus
835 845 884 873 ex
911 832 1000 874 Deo
1028 849 1036 875 :
1067 831 1215 884 «Quia
1240 830 1349 876 dixit
1370 841 1414 876 et
1441 831 1556 877 sacta
1577 841 1705 887 sunt,

315 920 335 943 »
363 902 586 945 mandavit
605 910 649 944 et
667 901 903 945 constituta
924 902 1074 944 sunt1.
1095 919 1116 942 n
1153 901 1264 946 Hinc
1290 911 1353 946 est
1381 902 1545 957 anima,
1571 917 1622 946 ex
1641 903 1708 948 his

311 989 411 1033 quae
435 972 538 1016 fecit
563 975 700 1026 Deus,
725 987 814 1016 non
836 970 947 1015 illud
969 971 1091 1031 quod
1120 970 1176 1015 de
1197 987 1242 1016 se
1266 973 1415 1030 genuit
1444 976 1574 1017 Deus.
1602 972 1707 1018 Ideo

311 1045 505 1090 Verbum
525 1044 645 1103 quod
661 1043 716 1088 de
734 1059 777 1088 se
792 1043 968 1102 genuit,
994 1042 1133 1103 pollui
1155 1059 1244 1088 non
1261 1044 1422 1103 potuit,
1448 1059 1528 1089 nec
1545 1054 1703 1104 potest,

307 1131 387 1161 nec
406 1115 581 1175 poterit.
602 1114 759 1159 Anima
781 1129 885 1159 vero
908 1129 1041 1174 quam
1058 1114 1163 1158 fecit
1186 1114 1411 1158 rectricem
1431 1115 1639 1175 corporis,
1656 1125 1706 1160 ut

309 1187 417 1232 servi
426 1196 487 1231 ret
496 1186 706 1246 superiori
715 1184 1031 1242 ,dominaretur
1040 1185 1252 1241 inferiori,
1264 1184 1308 1229 id
1317 1194 1396 1241 est,
1407 1188 1584 1232 serviret
1594 1190 1698 1242 Deo,

305 1258 606 1303 dominaretur
618 1256 804 1316 corpori,
817 1265 1069 1315 contempta
1086 1255 1162 1300 Dei
1177 1255 1273 1315 lege
1288 1272 1362 1316 per
1375 1266 1602 1316 peccatum
1615 1257 1702 1316 pol-

306 1330 398 1375 luta
411 1340 489 1383 est,
511 1333 624 1374 Deus
643 1338 791 1373 autem
805 1327 1144 1372 misericordiam
1160 1337 1368 1387 praestans
1387 1328 1451 1371 bis
1467 1345 1566 1388 quae
1583 1327 1704 1385 fecit,

306 1402 422 1445 misit
443 1401 600 1445 Filium
625 1415 702 1460 per
723 1413 854 1459 quem
874 1398 994 1450 fecit,
1020 1407 1064 1442 et
1087 1413 1164 1457 per
1186 1397 1312 1442 illum
1334 1397 1499 1443 refecit.
1520 1398 1706 1452 Quando

306 1472 586 1518 condendum
600 1481 691 1516 erat
703 1469 825 1531 quod
840 1486 929 1515 non
944 1478 1052 1525 erat,
1071 1485 1148 1530 per
1160 1470 1357 1514 Verbum
1370 1469 1598 1515 conditum
1612 1479 1674 1515 est
1692 1486 1702 1511 ε

305 1545 483 1606 quando
507 1543 792 1588 reficiendum
827 1551 919 1587 erat
952 1541 1074 1603 quod
1103 1542 1388 1602 depravatum
1412 1542 1585 1598 fuerat,
1610 1558 1707 1587 sus-

305 1626 428 1677 cepta
453 1625 516 1660 est
538 1615 641 1659 inde
668 1623 868 1677 creatura
889 1612 945 1658 de
973 1613 1143 1672 virgine
1169 1614 1321 1668 Maria,
1348 1623 1397 1658 ut
1419 1628 1497 1674 per
1519 1614 1563 1658 id
1584 1613 1707 1674 quod

307 1698 400 1733 erat
421 1689 578 1743 homo,
614 1685 987 1731 demonstraretur
1012 1685 1180 1730 homini
1203 1694 1247 1730 et
1269 1684 1376 1746 quid
1400 1685 1704 1730 sustinendum

306 1769 349 1805 et
371 1759 479 1821 quid
495 1757 761 1820 sperandum
775 1767 900 1802 esset.
929 1761 1083 1818 Itaque
1103 1766 1259 1802 natura
1283 1757 1443 1813 Verbi,
1464 1758 1707 1803 substantia

309 1831 527 1892 unigeniti
550 1830 648 1875 Filii
669 1830 744 1874 Dei
765 1829 876 1873 nihil
898 1845 1018 1888 passa
1037 1839 1101 1873 est
1121 1827 1191 1873 vel
1214 1844 1237 1872 a
1261 1829 1610 1888 persecutoribus
1626 1831 1651 1873 J
1656 1844 1706 1873 u-

309 1905 431 1955 daeis,
456 1902 527 1948 vel
561 1919 585 1947 a
614 1901 791 1946 diabolo
824 1900 982 1960 angelo
1011 1899 1128 1945 malo
1163 1909 1468 1961 persequente.
1498 1900 1582 1946 Sed
1603 1901 1706 1961 quia

313 1975 459 2020 induit
484 1991 528 2020 se
545 1990 692 2030 carne,
717 1973 861 2018 induit
882 1989 927 2018 se
948 1989 994 2017 re
1015 1973 1215 2027 mortali,
1240 1988 1285 2016 re
1309 1971 1519 2032 passibili,
1543 1988 1590 2016 re
1604 1988 1705 2017 mu-

312 2047 435 2091 tabili
448 2083 459 2102 ‚
485 2048 532 2091 in
553 2062 605 2091 eo
622 2044 741 2106 quod
764 2061 810 2089 se
829 2045 988 2098 induit,
1017 2060 1163 2104 passus
1180 2053 1244 2088 est
1261 2042 1478 2105 quidquid
1495 2043 1635 2088 voluit
1650 2042 1705 2088 ad

311 2118 559 2179 exemplum
582 2116 816 2177 patientiae,
843 2125 886 2160 et
908 2114 1159 2160 reformavit
1179 2116 1262 2160 hoc
1277 2116 1330 2160 ad
1352 2114 1601 2175 exemplum
1614 2116 1705 2176 jus-

311 2191 431 2236 titiae.
460 2193 525 2235 Tu
550 2189 683 2234 modo
711 2188 783 2233 dic
816 2187 923 2232 mihi
958 2186 1014 2231 de
1046 2187 1123 2231 Dei
1156 2196 1304 2247 parte,
1328 2186 1450 2248 quod
1473 2190 1586 2232 Deus
1612 2196 1701 2244 est,

312 2271 458 2306 utrum
484 2260 622 2322 pollui
645 2259 804 2320 possit,
834 2275 890 2304 an
921 2274 1027 2303 non.
1056 2258 1099 2303 Si
1127 2267 1296 2319 potest,
1327 2273 1417 2303 non
1448 2268 1510 2303 est
1533 2258 1705 2303 incom-

311 2334 533 2379 mutabilis
556 2337 698 2392 Deus3
723 2341 767 2377 et
795 2331 873 2393 qui
902 2332 985 2376 hoc
1018 2329 1146 2387 dicit,
1175 2330 1523 2375 anathemandus
1545 2340 1609 2375 est
1634 2349 1644 2376 :
1670 2331 1704 2375 si

307 2415 456 2454 autem
472 2421 561 2450 non
576 2414 735 2465 potest,
755 2403 875 2449 vides
890 2400 1264 2447 anathemandum
1280 2417 1371 2447 esse
1389 2401 1700 2457 Manichaeum,

309 2477 385 2538 qui
407 2475 513 2522 dicit
534 2485 701 2537 partem
721 2475 814 2531 Dei,
833 2482 1034 2519 naturam
1047 2473 1148 2530 Dei,
1171 2472 1219 2519 id
1241 2472 1363 2535 quod
1385 2482 1449 2520 est
1470 2476 1599 2529 Deus,
1625 2487 1701 2519 ve-

357 2567 366 2584 ¹
388 2560 470 2594 Psal.
489 2570 622 2601 cumn,
640 2559 671 2591 5.
