1803 3250
313 257 395 296 408
751 265 784 292 s.
823 263 1052 292 mucosum
1087 265 1265 292 nmscom

316 354 335 377 »
362 334 503 377 minor
522 341 584 375 est
609 331 652 373 in
679 345 814 389 regno
833 329 1074 374 coelorum¹
1105 349 1123 371 »
1150 345 1198 374 ac
1229 329 1388 374 deinde
1414 330 1698 388 subinfertur,

314 426 329 446 «
359 406 496 464 Major
516 402 589 446 illo
609 411 688 446 est.
711 420 729 443 »
751 401 1002 446 Secundum
1025 403 1135 446 hanc
1152 411 1296 446 autem
1317 403 1596 461 posteriorem
1616 404 1699 450 ita:

312 491 331 513 «
358 474 407 514 111
426 470 536 512 natis
550 467 781 512 mulierum
795 483 923 513 nemo
937 469 1153 512 exurrexit
1165 469 1300 527 major
1312 469 1703 528 JoanneBaptista3

311 560 330 582 »
356 540 431 600 qui
450 548 595 583 autem
612 538 754 582 minor
770 547 850 592 est,
868 557 888 580 »
905 554 953 583 ac
969 537 1128 582 deinde
1146 537 1417 582 subinfertur
1434 557 1442 582 :
1461 557 1480 580 «
1502 541 1551 582 In
1568 554 1703 598 regno

312 631 330 653 »
357 610 570 656 coelorum
592 610 728 669 major
745 608 821 654 illo
841 619 918 654 est.
945 629 964 651 »
985 609 1069 654 Sed
1094 619 1278 669 uterque
1298 609 1545 653 intellectus
1567 625 1701 670 quam

304 681 508 741 congruit
540 680 727 736 veritati,
764 689 852 724 tam
883 679 1136 724 refellendae
1169 680 1298 738 hujus
1318 679 1480 723 suflicit
1500 681 1697 725 vanitati.

305 753 401 799 Sive
422 751 537 796 enim
567 751 752 811 quilibet
774 749 964 808 Angelus
985 749 1150 793 caeteris
1175 750 1332 806 minor,
1354 753 1523 795 Joanne
1541 751 1594 795 sit
1608 766 1702 796 ma-

297 826 388 884 ]οη
412 824 499 867 sive
519 822 590 866 hic
611 823 821 866 Dominus
841 819 1129 879 intelligatur,
1151 823 1320 865 Joanne
1336 837 1604 880 praecursore
1622 838 1701 868 suo

301 905 427 939 aetate
444 895 600 947 minor,
621 893 842 951 majestate
860 893 1012 952 major,
1038 890 1150 935 nibil
1174 892 1275 937 inde
1293 895 1519 953 Prophetis
1532 896 1699 940 caeteris

303 968 551 1024 derogatur.
591 968 834 1009 Potuerunt
857 964 972 1007 enim
1008 978 1097 1008 esse
1129 965 1287 1009 Joanni
1323 964 1456 1025 aliqui
1491 965 1698 1026 aequales,

303 1036 434 1095 aliqui
461 1052 511 1079 eo
530 1036 731 1088 minores,
754 1033 902 1078 nullus
923 1043 1070 1078 autem
1089 1037 1225 1094 major
1241 1047 1419 1095 propter
1440 1034 1702 1082 sententiam

306 1108 476 1151 Domini
497 1126 505 1150 ε
537 1122 686 1151 omnes
706 1116 849 1150 tamen
867 1107 1019 1161 sancti,
1042 1107 1202 1166 etjusti
1225 1117 1269 1151 et
1291 1108 1409 1151 boni.

360 1181 464 1223 XXI
476 1213 483 1220 .
524 1198 541 1219 «
566 1177 649 1223 Sed
664 1180 852 1235 Moyses,
871 1178 1030 1238 inquit,
1048 1193 1224 1222 omnem
1244 1194 1364 1238 spem
1383 1177 1546 1223 futurae
1565 1194 1704 1224 resur-

307 1269 326 1292 »
362 1250 564 1295 rectionis
585 1251 629 1294 in
648 1250 897 1294 hominibus
920 1250 1116 1305 extinxit,
1145 1251 1221 1310 qui
1247 1250 1476 1295 mortalem
1499 1266 1588 1296 esse
1607 1254 1702 1296 ani-

309 1342 328 1364 »
365 1337 479 1366 mam
513 1322 854 1381 pronuntiavit‘2,
891 1322 967 1382 qui
998 1336 1094 1365 eam
1124 1336 1214 1366 esse
1245 1322 1500 1379 sanguinem
1531 1321 1653 1366 dixit.
1681 1342 1700 1364 ι»

308 1394 472 1439 Deinde
496 1393 795 1439 ratiocinando
829 1393 996 1452 magnis
1030 1393 1196 1437 viribus
1227 1402 1412 1436 conatur
1448 1392 1701 1448 ostendere,

308 1481 395 1510 non
424 1480 511 1508 esse
534 1466 723 1508 animam
746 1464 1026 1523 sanguinem,
1060 1472 1103 1506 et
1124 1463 1295 1507 laborat
1317 1463 1362 1507 in
1384 1478 1429 1507 re
1454 1462 1703 1521 manifesta,

306 1552 394 1580 non
429 1534 673 1592 intelligens
713 1537 888 1593 Legem.
927 1534 996 1578 Sic
1026 1533 1140 1577 enim
1174 1533 1343 1578 dictum
1377 1544 1466 1579 est:
1497 1554 1516 1576 «
1545 1536 1705 1580 Anima

311 1625 331 1647 »
368 1607 507 1650 omnis
528 1605 668 1649 carnis
685 1605 857 1663 sanguis
871 1605 958 1649 est³
978 1624 987 1650 2
1005 1604 1266 1665 »quomodo
1284 1605 1451 1650 dictum
1473 1615 1536 1650 est
1555 1625 1564 1651 :
1584 1625 1604 1648 «
1625 1609 1706 1650 Pe·

313 1697 332 1719 »
370 1687 433 1721 tra
457 1686 549 1721 erat
571 1677 794 1722 Christus4
815 1696 823 1722 :
847 1695 866 1718 »
892 1691 982 1721 non
1005 1676 1107 1737 quia
1130 1678 1213 1721 hoc
1235 1686 1342 1732 erat,
1379 1676 1455 1721 sed
1478 1678 1581 1737 quia
1600 1678 1706 1722 hinc

309 1748 652 1807 significabatur.
693 1750 792 1792 Non
831 1757 979 1792 autem
1015 1746 1172 1792 frustra
1217 1750 1304 1791 Lex
1341 1748 1530 1792 animam
1566 1748 1708 1793 voluit

310 1820 553 1879 significare
588 1835 665 1880 per
699 1820 983 1879 sanguinem,
1022 1834 1112 1863 rem
1143 1818 1304 1864 scilicet
1337 1819 1597 1864 invisibilem
1630 1836 1707 1880 per

312 1906 402 1934 rem
423 1890 662 1950 visibile1n3
689 1890 770 1936 nisi
790 1892 892 1951 quia
915 1890 1088 1950 sanguis
1118 1906 1193 1950 per
1214 1905 1345 1935 venas
1367 1906 1516 1935 omncs
1537 1892 1593 1935 ab
1613 1891 1707 1951 ipso

310 1962 441 2007 corde
463 1962 670 2018 diffusus,
696 1963 741 2007 in
763 1971 912 2008 nostro
934 1978 1116 2021 corpore
1138 1961 1236 2022 plus
1257 1962 1423 2006 caeteris
1442 1962 1704 2008 humoribus

311 2033 603 2093 principatur,
640 2035 698 2079 ita
731 2043 780 2079 ut
814 2034 1084 2094 ubicumque
1118 2033 1251 2078 fuerit
1283 2032 1443 2078 vulnus
1470 2034 1703 2090 inflictum,

311 2120 401 2149 non
424 2105 584 2149 humor
606 2105 730 2161 alius,
754 2106 831 2150 sed
851 2105 942 2166 ipse
960 2104 1168 2165 procedat
1189 2124 1198 2150 z
1229 2104 1377 2165 itaque
1411 2106 1570 2160 anima,
1603 2106 1706 2166 quia

312 2176 517 2220 omnibus
537 2177 696 2237 quibus
714 2186 961 2222 constamus
982 2175 1255 2221 invisibiliter
1274 2175 1497 2235 praevalet,
1521 2176 1597 2221 illo
1615 2192 1707 2221 me-

315 2246 398 2291 lius
416 2248 699 2306 significatur,
722 2247 843 2309 quod
863 2248 1066 2294 omnibus
1084 2247 1245 2308 quibus
1263 2257 1513 2292 constamus
1531 2247 1707 2293 visibili-

315 2319 396 2362 bus
411 2320 631 2378 praevalet.

372 2393 517 2434 XXII.
556 2392 671 2436 Illud
686 2402 830 2437 autem
848 2391 969 2453 quod
986 2391 1219 2451 Apostolus
1238 2391 1312 2447 ait,
1332 2394 1452 2449 (nam
1467 2401 1510 2436 et
1525 2393 1607 2436 hoc
1623 2401 1707 2437 tes-

316 2462 547 2506 timonium
567 2464 645 2508 iste
663 2465 823 2524 posuit,
842 2466 858 2521 )
879 2483 899 2506 «
921 2465 1032 2510 Caro
1054 2472 1097 2508 et
1117 2463 1289 2522 sanguis
1311 2478 1494 2522 regnum
1518 2463 1595 2508 Dei
1617 2479 1708 2508 non

370 2572 379 2586 ¹
410 2565 531 2597 Mattln.
561 2577 606 2606 11,
639 2577 688 2598 11.
712 2583 753 2588 —
773 2572 785 2587 ²
816 2569 896 2598 Gen.
917 2578 971 2608 ix,
1003 2567 1033 2597 5.
1055 2564 1130 2589 —3
1159 2566 1264 2598 Levit.
1296 2576 1383 2605 xvn,
1409 2564 1459 2606 14.
1481 2582 1522 2588 -—-
1541 2564 1556 2594 4
1590 2576 1603 2597 1
1635 2566 1707 2597 Cor.

321 2620 415 2660 ι,4.
