1803 3250
580 238 634 265 mi:
665 231 837 264 NATURA
870 236 983 263 som.
1392 223 1476 264 275

94 305 295 360 suadeat,
331 303 540 348 horribile
564 312 628 347 est
654 302 812 346 dicere.
846 300 1008 345 Dicunt
1033 301 1149 345 enim
1169 301 1353 346 virtutes
1372 300 1482 346 lucis

94 374 390 433 transfigurari
403 375 445 418 in
458 372 670 418 masculos
684 370 889 431 pulchros
905 392 917 428 3
936 381 979 415 et
993 371 1155 431 opponi
1170 370 1361 416 foeminis
1378 385 1483 429 gen-

96 447 149 492 tis
173 447 478 502 tenebrarum3
503 454 546 488 et
562 442 735 488 easdem
752 457 900 486 rursus
916 443 1098 486 virtutes
1120 441 1227 487 lucis
1250 443 1486 501 transfigu-

96 517 182 563 rari
218 516 264 561 in
305 516 507 561 foeminas
542 515 744 574 pulchras
766 547 777 568 ‚
820 521 863 557 et
904 513 1067 572 opponi
1108 513 1309 558 masculis
1347 512 1487 572 gentis

98 588 405 643 tenebrarum3
444 595 495 631 ut
524 601 601 645 per
636 583 1010 645 pulchritudinem
1048 600 1171 628 suam
1211 584 1487 629 inflamment

99 658 420 719 spurcissimam
456 655 684 701 libidinem
724 655 972 716 principum
1010 655 1288 699 tenebrarum
1308 688 1318 709 ‚
1358 664 1402 698 et
1436 669 1489 700 eo

101 730 234 776 modo
255 730 394 775 vitalis
413 729 670 784 substantia,
695 729 779 773 hoc
797 737 878 783 est,
894 727 971 772 Dei
991 736 1163 782 natura,
1184 741 1316 787 quam
1335 725 1491 770 dicunt

103 803 149 847 in
170 818 324 847 eorum
350 802 607 862 corporibus
636 801 813 861 ligatam
837 800 998 854 teneri,
1024 815 1075 843 ex
1102 813 1254 843 eorum
1287 795 1493 841 membris

104 889 182 934 per
202 874 336 934 ipsam
359 873 756 933 concupiscentiam
772 872 985 926 relaxatis,
1010 870 1150 915 soluta
1166 871 1320 928 fugiat,
1339 878 1383 913 et
1405 883 1495 912 sus-

106 954 232 1005 cepta
254 945 323 990 vel
344 955 527 1006 purgata
543 945 770 989 liberetur.
800 946 893 988 Hoc
914 941 1106 987 infelices
1124 942 1292 1000 legunt,
1320 942 1403 984 hoc
1424 938 1494 984 di·-

105 1025 228 1071 cunt,
250 1017 333 1061 hoc
347 1016 548 1072 audiunt,
574 1017 657 1061 hoc
674 1014 876 1069 credunt,
899 1016 982 1060 hoc
1000 1015 1043 1058 in
1061 1015 1172 1058 libro
1187 1013 1372 1072 septimo
1388 1011 1496 1055 The-

105 1088 220 1132 sauri
249 1103 428 1142 em'um,
451 1089 538 1146 (sic
566 1088 681 1131 enim
711 1085 934 1146 appellant
966 1087 1225 1144 scripturam
1259 1082 1496 1144 quamdam

107 1158 361 1212 Manichaei,
385 1157 464 1201 ubi
482 1158 574 1201 istae
593 1157 874 1216 blasphemiae
895 1156 1153 1215 conscriptae
1176 1156 1320 1213 sunt‚)
1342 1154 1398 1198 ita
1413 1169 1498 1213 po-

108 1229 239 1274 situm
261 1238 326 1273 cst
345 1244 355 1270 t
385 1246 406 1270 «
424 1231 546 1272 Tunc
569 1229 721 1272 beatus
740 1227 812 1271 ille
832 1231 973 1282 Pater,
999 1227 1075 1286 qui
1093 1226 1260 1270 lucidas
1277 1240 1406 1269 naves
1419 1224 1500 1268 ha·-

109 1299 184 1344 bet
205 1299 439 1345 diversoria
462 1308 505 1343 et
526 1299 778 1343 habitacula
799 1314 876 1343 seu
900 1295 1246 1356 magnitudines,
1272 1311 1352 1355 pro
1374 1294 1501 1338 insita

109 1371 191 1416 sibi
211 1370 442 1416 clementia
463 1371 549 1416 fert
571 1383 717 1431 opem,
736 1387 825 1431 qua
844 1370 1017 1413 exuitur
1033 1378 1078 1413 et
1103 1368 1316 1412 liberatur
1340 1367 1394 1411 ab
1415 1366 1501 1410 im-

109 1441 190 1502 piis
221 1441 472 1487 retinaculis
505 1451 550 1486 et
585 1442 793 1500 angustiis
818 1450 950 1501 atque
983 1439 1220 1499 angoribus
1242 1454 1331 1483 suae
1361 1436 1503 1482 vitalis

109 1514 380 1558 substantiae.
409 1517 563 1574 Itaque
585 1512 789 1558 invisibili
811 1528 890 1556 suo
913 1521 1024 1556 nutu
1051 1511 1144 1556 illas
1166 1526 1262 1555 suas
1290 1510 1472 1554 virtutes
1488 1542 1500 1564 ‚

111 1601 211 1646 quae
235 1585 280 1629 in
301 1585 531 1630 clarissima
555 1586 635 1629 hac
657 1585 756 1629 navi
772 1585 1008 1637 habentur,
1034 1583 1329 1641 transfigurat,
1346 1594 1504 1640 easque

102 1671 261 1716 parere
283 1657 388 1701 facit
415 1656 603 1701 adversis
635 1655 942 1716 potestatibus,
974 1670 1074 1715 quae
1095 1654 1142 1699 in
1163 1653 1343 1713 singulis
1366 1651 1504 1697 coelo-

112 1743 212 1772 rum
243 1727 451 1772 tractibus
478 1727 689 1771 ordinatae
721 1735 837 1771 sunt.
869 1730 975 1779 Quae
996 1717 1206 1785 quoniam
1236 1740 1285 1768 ex
1315 1733 1504 1782 utroque

113 1814 216 1844 sexu
241 1797 532 1843 masculorum
549 1815 597 1842 ac
620 1798 901 1841 foeminarum
921 1797 1180 1849 consistunt,
1204 1794 1303 1840 ideo
1321 1793 1506 1854 praedic-

114 1879 178 1914 tas
197 1870 380 1914 'virtutes
401 1869 558 1928 partim
581 1868 722 1927 speeie
745 1881 982 1927 puerorum
1012 1867 1245 1911 investium
1273 1880 1422 1924 parere
1438 1866 1508 1925 ju-

115 1941 189 1986 bet
212 1941 359 2000 generi
377 1940 557 1984 adverso
579 1939 860 1983 foeminarum
876 1974 887 1994 ,
912 1938 1071 1997 partim
1099 1937 1315 1996 virginum
1335 1936 1508 1981 lueida-

114 2028 212 2056 ·rum
228 2011 366 2056 forma
384 2012 531 2071 generi
547 2011 764 2056 contrario
782 2010 1075 2055 masculorum
1094 2029 1102 2054 :
1120 2009 1257 2053 sciens
1271 2024 1341 2053 eas
1356 2023 1508 2053 omnes

116 2084 292 2129 hostiles
328 2093 593 2144 potestates,
629 2092 808 2144 propter
839 2083 1075 2140 ingenitam
1111 2081 1192 2125 sibi
1227 2080 1435 2141 lethalem
1466 2088 1511 2125 et

117 2154 438 2215 spurcissimam
466 2154 866 2213 concupis-sentiam
897 2150 1102 2197 facillime
1120 2150 1243 2211 capi,
1267 2160 1399 2211 atque
1432 2150 1508 2195 iis-

119 2226 220 2270 dem
251 2225 477 2285 speciebus
517 2224 818 2285 pulcherrimis
852 2239 953 2283 quae
995 2230 1206 2282 apparent
1243 2221 1508 2280 mancipari,

118 2297 204 2342 hoc
221 2311 307 2356 que
328 2296 462 2341 modo
489 2295 680 2340 dissolvi.
708 2295 858 2340 Sciatis
877 2304 1021 2338 autem
1046 2295 1162 2337 hunc
1180 2292 1383 2337 eumdem
1407 2308 1511 2337 nos-

109 2376 239 2412 trum
262 2367 440 2412 beatum
464 2370 637 2411 Patrem
653 2367 737 2410 hoc
757 2366 874 2410 idem
897 2381 1003 2420 esse,
1027 2364 1147 2425 quod
1169 2364 1299 2408 etiam
1317 2380 1405 2408 suae
1420 2364 1510 2409 vir-

122 2447 237 2494 tutes
253 2472 265 2494 ,
289 2453 397 2498 quas
432 2438 489 2482 ob
517 2439 799 2482 necessariam
825 2452 996 2481 causam
1022 2434 1306 2493 *transformat
1332 2436 1378 2480 in
1400 2452 1510 2495 pue-

124 2524 273 2555 rorum
305 2518 353 2554 ‘et
384 2509 602 2568 virginum
640 2501 941 2553 intemeratam
984 2506 1326 2551 similitudi-nem„
1366 2508 1512 2551 Utitur

127 2589 274 2626 autem
295 2579 361 2624 his
391 2589 600 2640 tanquam
634 2580 817 2639 propriis
839 2578 966 2623 armis
983 2612 994 2633 ,
1028 2585 1158 2636 atque
1182 2590 1259 2636 per
1287 2591 1357 2620 eas
1386 2591 1506 2621 suam

1261 2645 1324 2686 18,
