1803 3250
343 291 504 319 cowrna
542 288 839 317 mvnsamnm
874 287 1009 325 LEGIS,
1046 288 1127 314 Lm.
1165 288 1193 313 1.
1379 272 1462 313 345

83 358 224 403 solum
251 359 329 403 iste
347 393 358 412 ,
384 356 661 402 verumetiam
685 354 761 414 qui
782 351 915 397 verba
948 354 1038 411 ejus
1072 367 1161 396 non
1185 349 1461 411 intelligunt,

83 429 241 473 sciunt.

143 502 285 545 XVII.
307 501 423 554 Quid
441 501 560 561 quod
582 501 712 544 etiam
733 499 789 542 de
809 512 1019 557 aquarum
1038 496 1377 556 congregatione
1399 495 1468 540 in-

86 570 196 631 gerit
228 571 373 616 nescio
410 571 507 631 quis
540 569 883 630 imperitissimus
920 567 1230 628 quaestionem3
1275 567 1468 611 imovero

84 657 173 686 non
187 642 490 703 quaestionem,
510 641 584 687 sed
604 640 998 702 reprehensionem,
1018 649 1225 699 tanquam
1248 653 1337 681 non
1356 646 1470 682 recte

85 713 251 758 dictum
288 714 342 759 sit
379 733 389 759 ε
433 733 452 756 «
472 715 803 772 Congregentur
844 727 967 771 aquae
1003 710 1048 754 in
1088 709 1471 767 congregationem

92 808 108 826 υ
134 800 283 841 unam,
307 795 350 830 et
371 794 577 846 appareat
598 785 740 829 arida¹
760 805 771 842 3
795 806 812 826 »
837 799 888 828 eo
911 782 1031 843 quod
1047 781 1170 841 aquis
1188 779 1333 825 omnia
1356 788 1472 823 tene·

85 856 246 901 bantur
269 878 278 901 ;
303 857 507 916 ignorans
529 855 902 917 quemadmodum
930 870 1041 915 aqua
1064 854 1110 897 in
1134 852 1272 896 aerios
1292 865 1474 911 vapores

87 937 264 973 tenuata
286 938 499 983 rarescat,
535 938 578 973 et
612 927 821 972 nebulosa
853 926 1038 985 caligine
1071 924 1261 969 multum
1289 931 1475 982 occupet

87 1000 211 1059 spatii
230 1034 242 1055 ,
266 1000 469 1059 exiguum
484 1015 589 1044 vero
604 1001 635 1043 si
651 1008 910 1058 congregata
932 996 1155 1051 densetur,
1176 995 1352 1055 necjam
1370 994 1476 1038 levis

85 1071 253 1126 volitet,
276 1071 350 1115 sed
366 1071 504 1130 gravis
519 1071 676 1115 fluitet.
698 1070 812 1123 Quid
829 1085 932 1128 ergo
954 1069 1130 1123 mirum,
1153 1069 1184 1113 si
1207 1082 1300 1112 rara
1316 1076 1475 1110 terram

87 1151 252 1187 texerat
271 1177 282 1196 ,
318 1142 497 1202 spissata
526 1141 743 1185 nudavit?
765 1139 879 1193 Quid
905 1140 936 1184 si
967 1139 1096 1183 etiam
1125 1138 1274 1183 divino
1295 1146 1407 1181 nutu
1430 1136 1477 1181 in

86 1227 267 1271 magnos
287 1213 405 1257 sinus
426 1222 552 1257 terrae
574 1210 794 1265 subsedit,
827 1220 957 1271 atque
979 1210 1037 1254 ita
1067 1208 1285 1270 quidquid
1308 1217 1477 1252 naturae

86 1283 279 1328 humidae
303 1299 380 1343 per
404 1293 543 1328 totum
567 1285 660 1343 ejus
675 1283 871 1343 jacebat,
904 1283 949 1326 in
972 1291 1113 1341 partes
1134 1295 1346 1325 concavas
1371 1295 1478 1324 con-

86 1356 243 1409 fluens,
269 1355 442 1400 recessit
463 1371 486 1399 a
508 1352 690 1409 caeteris,
717 1364 760 1399 et
779 1353 898 1414 quod
922 1353 1147 1413 operiebat
1165 1353 1349 1412 aperuit,
1369 1366 1478 1395 con-

88 1434 263 1485 gregata
284 1426 328 1469 in
349 1425 582 1470 humiliora
600 1425 930 1470 succumbentia
957 1440 1044 1485 qua
1065 1439 1184 1468 mare
1204 1423 1477 1468 interflueret

86 1506 130 1542 et
148 1497 486 1551 circumflueret,
513 1508 644 1558 atque
668 1497 817 1541 altiora
837 1497 1038 1540 deserens
1060 1512 1145 1556 qua
1168 1495 1284 1540 orbis
1311 1494 1479 1539 emine-

86 1569 374 1613 rctPOmitto
406 1567 527 1629 quod
557 1578 697 1629 potest
730 1569 799 1613 hic
829 1567 1012 1626 intelligi
1040 1568 1332 1626 significatum
1361 1581 1476 1623 esse,

87 1640 207 1700 quod
224 1637 424 1684 informis
439 1638 511 1683 illa
535 1640 733 1683 materies
758 1655 882 1699 aquae
901 1638 968 1683 vel
987 1639 1130 1696 abyssi
1150 1636 1365 1683 vocabulo
1379 1636 1481 1681 insi-

87 1719 220 1755 nuata
241 1711 323 1766 sit,
348 1720 391 1755 et
414 1711 575 1771 species
605 1711 818 1771 acceperit
846 1710 1034 1755 duorum
1068 1711 1249 1755 istorum
1283 1708 1479 1769 gravium

86 1782 402 1827 elementorum
420 1818 431 1838 ,
470 1782 665 1826 humoris
695 1793 737 1826 et
765 1782 888 1826 humi
914 1801 923 1826 :
950 1790 993 1825 et
1027 1781 1126 1826 ideo
1156 1780 1321 1825 dictum
1356 1794 1477 1826 esse:

92 1872 110 1894 α
137 1854 437 1911 Congregetur
454 1869 582 1913 aqua,
601 1872 621 1894 »
639 1854 847 1914 quoniam
865 1853 1006 1897 labilis
1020 1863 1063 1898 et
1079 1853 1252 1897 mobilis
1268 1853 1304 1896 ei
1321 1851 1482 1911 species

87 1920 187 1968 data
202 1934 292 1968 est:
315 1933 557 1983 «appareat
571 1934 717 1968 autem
734 1924 872 1979 arida,
891 1942 910 1964 η
930 1924 1031 1984 quia
1049 1923 1284 1968 immobilis
1299 1923 1380 1967 fixa
1398 1932 1477 1967 est.

88 1998 197 2041 Nam
212 1994 323 2039 illud
335 1995 456 2056 quod
474 1996 608 2054 magis
624 1996 837 2054 Propheta
851 1995 947 2039 libri
961 1996 1092 2055 hujus
1110 2006 1262 2039 auctor
1275 1993 1480 2050 intendit,

88 2075 139 2110 ut
159 2066 253 2126 ejus
277 2067 466 2110 narratio
498 2081 642 2110 rerum
668 2065 880 2111 factarum
905 2075 1014 2110 esset
1039 2066 1166 2110 etiam
1188 2065 1483 2125 praefiguratio

89 2135 354 2192 futurarum,
370 2152 459 2182 non
471 2145 534 2181 est
544 2137 823 2182 contensiosis
838 2146 880 2180 et
891 2135 1139 2180 infidelibus
1149 2136 1345 2180 sensibus
1360 2137 1482 2195 inge-

89 2210 291 2254 rendum.
315 2211 428 2255 Cum
451 2224 555 2269 ergo
573 2219 639 2254 tot
654 2209 792 2254 exitus
807 2209 877 2268 pie
895 2208 1190 2269 quaerentibus
1211 2217 1407 2267 pateant,
1428 2222 1485 2252 ne

90 2290 252 2325 temere
271 2288 391 2324 tanta
413 2281 756 2339 reprehendatur
784 2279 1031 2333 auctoritas,
1058 2278 1177 2323 unde
1199 2279 1278 2322 iste
1297 2279 1377 2323 nisi
1395 2279 1485 2324 dia-

88 2351 233 2397 bolico
254 2351 462 2395 instinctu
486 2351 532 2395 in
564 2351 623 2395 eis
651 2352 780 2396 rebus
808 2350 928 2410 eligit
953 2350 1230 2406 calumniari,
1261 2366 1370 2410 quas
1395 2366 1483 2397 non

46 2423 47 2426 ’
90 2432 154 2467 est
175 2422 359 2466 idoneus
382 2422 673 2481 perscrutari?

148 2496 314 2538 XVIII.
341 2493 469 2548 Quod
488 2510 591 2539 vero
613 2495 659 2539 in
679 2494 869 2540 hominis
893 2494 1164 2539 conditorem
1182 2496 1322 2540 Deum
1342 2511 1484 2542 caecus

90 2575 135 2611 et
155 2566 350 2624 ingratus
376 2566 621 2625 invehitur,
646 2577 691 2614 et
710 2566 844 2614 audet
864 2568 1008 2613 dicere
1029 2586 1047 2608 «
1068 2567 1119 2613 Ei
1142 2568 1219 2629 qui
1250 2583 1295 2612 se
1330 2568 1479 2614 tinxit:

142 2659 148 2674 ¹
173 2653 254 2684 Gen.
274 2661 298 2693 t,
316 2663 349 2695 9.
