1803 3250
584 231 638 257 m:
669 226 840 256 NATURA
873 230 986 255 Rom.
1395 220 1479 256 5259

96 297 205 342 sistit
226 305 275 341 ut
297 295 457 352 doleat,
482 296 674 357 quodam
688 294 820 340 modo
839 304 1008 339 recusat
1024 311 1115 340 non
1135 310 1223 339 esse
1238 296 1358 355 quod
1371 305 1476 351 erat,

95 368 197 428 quia
229 367 397 412 bonum
433 367 612 427 aliquod
633 375 725 411 erat
755 382 767 410 .·
799 365 874 409 sed
906 382 1006 411 cum
1030 366 1084 411 ad
1107 366 1260 411 melius
1282 368 1478 427 cogitur:

96 438 214 483 utilis
234 439 359 483 dolor
381 447 466 496 est,
490 453 590 482 cum
609 438 663 482 ad
682 437 893 492 deterius,
924 437 1105 482 inutilis.
1132 441 1183 482 In
1214 439 1358 483 animo
1380 452 1482 497 ergo

98 509 296 554 dolorem
318 509 423 555 facit
442 509 643 554 voluntas
665 508 863 552 resistens
884 510 1087 568 potestati
1110 510 1259 569 majori
1282 529 1291 554 ε
1316 512 1363 553 in
1383 526 1481 555 cor-

100 596 205 641 pore
236 581 430 626 dolorem
475 579 579 625 facit
608 595 756 625 sensus
792 580 990 624 resistens
1025 581 1196 640 corpori
1225 582 1477 640 potentiori.

99 654 211 697 Sunt
233 661 379 697 autern
394 651 506 696 mala
523 651 614 696 sine
629 650 782 696 dolore
802 652 949 711 pejora
967 669 976 695 ε
1003 652 1124 711 pejus
1150 660 1214 695 est
1233 651 1349 695 enim
1377 667 1484 709 gau·

96 723 199 768 dere
219 724 274 768 de
293 724 537 784 iniquitate,
562 739 694 784 quam
722 722 870 768 dolere
893 723 948 767 de
969 723 1250 782 corruptione
1273 742 1282 767 z
1306 738 1484 767 verum-

98 803 244 838 tamen
265 795 394 839 etiam
416 794 502 839 tale
524 795 731 853 gaudium
755 810 845 840 non
876 803 1019 854 potest
1044 809 1132 838 esse
1160 794 1242 838 nisi
1269 809 1320 838 ex
1349 793 1485 853 adep-

97 866 216 910 tione
252 865 469 911 bonorum
505 866 763 911 inferiorum
785 902 795 920 ,
839 867 915 911 sed
943 867 1149 926 iniquitas
1191 875 1255 911 est
1298 865 1486 910 desertio

99 935 344 981 meliorum.
367 940 477 982 Item
496 937 541 981 in
559 953 741 997 corpore
757 936 912 981 melius
933 948 996 982 est
1013 937 1294 993 vulnuscum
1316 936 1483 992 dolore,

98 1023 231 1068 quam
248 1008 436 1067 putredo
453 1009 544 1053 sine
561 1008 729 1064 dolore,
757 1025 856 1068 quae
874 1008 1115 1068 specialiter
1134 1009 1356 1068 corruptio
1378 1008 1487 1052 dici-

100 1088 171 1123 tur
197 1097 206 1122 :
227 1095 360 1139 quam
382 1095 471 1124 non
494 1079 624 1133 vidit,
646 1080 692 1124 id
721 1089 805 1134 est,
839 1095 927 1124 non
950 1095 1072 1139 passa
1103 1089 1167 1124 est
1187 1089 1359 1124 mortua
1387 1095 1487 1124 caro

100 1149 296 1205 Domini,
321 1151 434 1194 sicut
454 1151 499 1194 in
528 1151 754 1210 prophetia
780 1150 1036 1209 praedictum
1064 1160 1154 1194 erat
1178 1170 1186 1195 :
1218 1169 1237 1192 «
1257 1153 1345 1196 Nec
1366 1150 1488 1194 dabis

103 1238 125 1262 »
150 1230 350 1265 sanctum
379 1230 504 1265 tuum
532 1221 679 1266 videre
702 1221 1027 1281 corruptionem
1043 1223 1074 1265 ¹.
1096 1242 1114 1263 »
1141 1224 1251 1267 Nam
1280 1221 1487 1266 vulnera-

101 1301 195 1336 tum
222 1307 311 1336 esse
333 1293 576 1338 confixione
598 1292 818 1337 clavorum
840 1328 850 1347 ,
887 1302 928 1336 et
965 1308 1217 1352 percussum
1251 1294 1306 1336 de
1337 1292 1489 1336 lancea

100 1363 197 1423 quis
217 1365 409 1423 negat2?
432 1364 517 1409 Sed
545 1363 674 1408 etiarn
698 1364 789 1422 ipsa
819 1379 918 1423 quae
951 1363 1124 1423 proprie
1156 1363 1209 1407 ab
1238 1363 1489 1407 hominibus

101 1436 324 1495 corruptio
344 1436 535 1496 corporis
563 1435 738 1490 dicitur,
761 1435 807 1479 id
835 1444 913 1491 est,
941 1436 1031 1495 ipsa
1055 1435 1256 1494 putredo,
1289 1435 1323 1478 si
1345 1434 1490 1479 adhuc

100 1506 236 1550 habet
255 1505 421 1566 aliquid
435 1506 555 1566 quod
573 1506 658 1550 alte
674 1516 917 1560 consumat,
940 1506 1105 1549 bouum
1122 1505 1362 1550 minuendo
1376 1521 1491 1550 cres*-

101 1577 162 1622 cit
182 1578 418 1637 corruptio.
445 1578 576 1631 Quod
597 1578 631 1622 si
652 1578 824 1637 penitus
849 1578 1153 1637 absumpserit,
1181 1578 1293 1621 sicut
1316 1576 1489 1622 nullum

100 1647 286 1703 bonum,
312 1649 371 1693 ita
392 1648 514 1692 nulla
539 1658 696 1693 natura
719 1648 983 1703 remanebit,
1020 1648 1122 1707 quia
1144 1648 1233 1707 jam
1268 1648 1489 1707 corruptio

101 1718 223 1778 quod
237 1728 489 1780 corrumpat
506 1735 594 1764 non
617 1720 724 1777 erit,
749 1729 791 1764 et
813 1719 911 1764 ideo
937 1735 1017 1764 nec
1049 1720 1140 1779 ipsa
1163 1719 1352 1780 putredo
1381 1719 1485 1775 erit,

100 1790 204 1850 quia
222 1790 372 1835 ubisit
391 1791 570 1835 omnino
588 1807 676 1835 non
697 1791 793 1835 erit.

159 1862 282 1905 XXI.
309 1861 416 1906 Ideo
433 1862 596 1922 quippe
611 1870 654 1905 et
671 1876 802 1920 parva
824 1870 956 1921 atque
978 1862 1130 1919 exigua
1149 1862 1239 1920 jam
1266 1862 1489 1906 communi

99 1929 312 1991 loquendi
334 1947 417 1976 usu
439 1933 609 1977 modica
631 1932 855 1986 dicuntur,
888 1932 991 1992 quia
1010 1931 1165 1976 modus
1186 1932 1232 1975 in
1251 1932 1310 1976 eis
1334 1932 1489 1991 aliquis

100 2002 257 2047 restitit
271 2038 282 2057 ,
301 2003 394 2048 sine
408 2019 497 2064 quo
510 2019 600 2048 non
612 2005 703 2063 jam
722 2002 909 2058 modica,
934 2002 1010 2047 sed
1033 2004 1212 2047 omnino
1227 2003 1347 2047 nulla
1367 2013 1485 2048 sunt.

101 2072 182 2118 Illa
200 2082 345 2118 autem
367 2090 467 2135 quae
488 2084 666 2135 propter
687 2075 869 2119 nimium
894 2090 1166 2133 progressum
1190 2074 1398 2119 dicuntur
1412 2076 1490 2119 im·-

100 2143 288 2200 modica‚
312 2146 403 2205 ipsa
429 2146 650 2191 nimietate
676 2145 911 2205 culpantur
941 2164 948 2188 :
976 2145 1049 2189 sed
1080 2154 1224 2189 tamen
1246 2147 1335 2204 ipsa
1359 2146 1487 2190 etiam

99 2216 182 2260 sub
198 2219 306 2272 Deo,
332 2217 408 2276 qui
429 2217 573 2261 omnia
589 2218 637 2263 in
655 2233 873 2272 mensura,
889 2226 932 2260 et
949 2217 994 2260 in
1012 2232 1211 2272 numero5
1233 2225 1276 2261 et
1293 2217 1488 2276 pondere

101 2285 358 2346 disposuit3,
382 2303 555 2333 necesse
576 2297 640 2333 est
661 2297 711 2333 ut
733 2289 880 2349 aliquo
902 2288 1034 2332 modo
1052 2288 1356 2332 cohibeantur.

158 2361 306 2403 XXII.
341 2362 456 2404 Deus
474 2369 617 2404 autem
637 2375 714 2404 nec
730 2360 907 2404 modum
926 2360 1086 2403 habere
1101 2358 1311 2403 dicendus
1329 2369 1414 2415 est,
1432 2374 1487 2403 ne

102 2429 200 2473 finis
216 2430 308 2489 ejus
329 2429 414 2474 dici
438 2438 630 2489 putetur.
657 2433 746 2475 Nec
772 2429 870 2473 ideo
900 2439 1044 2472 tamen
1071 2428 1382 2473 immoderatus
1406 2439 1484 2483 est,

101 2514 127 2544 a
147 2515 238 2557 quo
265 2499 422 2545 modus
450 2500 651 2545 omnibus
684 2500 889 2545 tribuitur
911 2499 1067 2554 rebuS,
1094 2509 1142 2543 ut
1176 2498 1322 2558 aliquo
1355 2500 1486 2545 modo

152 2592 159 2608 ¹
182 2585 260 2618 psat.
281 2596 333 2628 xv,
356 2597 405 2619 ιο.
422 2592 488 2609 -2
507 2588 596 2619 Joan.
615 2598 679 2628 xix,
700 2586 753 2628 34.
768 2603 808 2608 -
826 2584 926 2628 38:11).
944 2594 1053 2626 μυ,

1241 2642 1297 2677 ΞΤ.
