1803 3250
344 175 426 212 305
783 182 814 209 8.
853 184 1079 213 Anousnm
1116 187 1294 215 Episcopi

339 251 501 310 quippe
525 247 568 289 in
590 246 681 290 aluis
710 263 798 292 non
822 251 958 305 tacui,
983 267 1037 295 ne
1061 251 1224 312 ubique
1245 268 1375 311 cogar
1392 254 1542 299 cadem
1562 258 1721 302 dic-ere.

336 318 419 364 Sed
443 318 724 376 promiseram
740 334 791 363 ex
806 319 959 365 litteris
978 323 1062 366 tuis
1079 322 1156 366 tibi
1175 323 1452 382 persuadere,
1469 341 1601 386 quam
1618 328 1725 373 falsa

331 388 580 446 credideriS,
606 399 649 434 et
670 407 804 452 quam
825 408 926 438 vera
941 395 994 439 sit
1011 395 1111 439 fidei
1131 395 1359 442 catholicae
1380 399 1572 444 assertio.
1597 402 1726 445 Certe

330 461 447 506 enim
469 462 608 506 omnis
631 461 744 507 inter
761 478 839 509 nos
853 464 1054 511 discretio
1077 476 1140 511 est
1159 502 1169 522 ,
1195 469 1316 529 quod
1338 484 1414 514 vos
1435 470 1726 516 substantiam

330 531 568 593 quamdam
591 533 756 578 malum
779 549 868 580 esse
890 535 1032 582 dicitis
1059 557 1067 582 :
1094 554 1172 583 nos
1195 555 1297 585 vero
1313 556 1402 585 non
1419 540 1722 598 substantiam,

328 604 406 650 sed
427 604 756 651 inclinationem
774 607 829 651 ab
852 623 902 653 eo
923 608 1043 669 quod
1062 610 1196 670 magis
1212 621 1292 665 est,
1309 613 1365 656 ad
1382 612 1428 656 id
1445 613 1566 674 quod
1582 614 1725 658 minus

327 685 407 733 est,
432 677 598 722 malum
618 692 708 722 esse
730 678 930 724 dicimus.
953 680 1067 724 Audi
1092 682 1222 739 igitur
1236 682 1442 742 idipsum.
1463 685 1592 729 Ponis
1607 686 1724 730 enim

325 750 368 793 in
392 748 574 809 epistola
590 785 600 805 ,
632 760 674 793 et
697 750 802 794 dicis
838 750 892 794 de
915 752 1054 794 anima
1074 787 1083 806 ,
1122 755 1241 812 quod
1271 755 1410 799 carnis
1432 757 1722 815 permixtione

324 821 514 865 ducatur
535 820 589 864 ad
614 831 841 879 peccatum
858 856 868 876 ,
900 838 987 866 non
1015 825 1186 883 propria
1217 824 1444 870 voluntate
1470 846 1479 872 :
1506 836 1639 888 atque
1660 828 1718 872 ibi

321 892 484 946 statim,
510 891 641 936 credo
664 908 765 937 cnm
789 893 973 949 videres,
999 895 1033 938 si
1057 895 1116 939 ita
1143 906 1229 952 est,
1254 898 1608 943 subveniendum
1630 914 1721 944 esse

320 964 374 1007 ab
398 964 697 1022 omnipotente
718 967 804 1009 Deo
830 980 1003 1023 prorsus
1022 967 1141 1011 omni
1163 968 1335 1022 animae,
1353 969 1608 1030 nullamque
1626 985 1722 1015 om·-

320 1035 427 1080 nino
449 1034 610 1079 debere
633 1036 854 1091 damnari,
887 1039 1094 1097 quoniam
1127 1054 1216 1083 non
1244 1039 1471 1085 voluntate
1495 1051 1717 1101 peccaret,

319 1123 410 1168 quo
444 1108 685 1153 constituto
721 1118 987 1153 everteretur
1026 1111 1239 1155 sententia
1278 1128 1410 1172 qnam
1448 1114 1719 1159 Manichaeus

319 1179 374 1224 de
395 1180 617 1240 suppliciis
641 1181 883 1225 animarum
911 1182 1040 1226 etiarn
1074 1182 1128 1226 de
1160 1182 1269 1228 lucis
1295 1194 1418 1243 parte
1447 1186 1719 1230 venientium

319 1251 571 1296 terribiliter
589 1261 819 1312 personat3
845 1252 1173 1312 vigilantissime
1189 1255 1411 1315 subjecisti
1435 1256 1612 1300 dicens:
1635 1259 1720 1301 «At

317 1324 477 1369 sicum
512 1339 556 1368 se
590 1325 727 1384 ipsam
758 1325 1034 1383 cognoverit,
1060 1327 1304 1370 consentiat
1326 1327 1467 1381 malo,
1499 1337 1543 1371 et
1561 1343 1652 1372 non
1673 1342 1718 1372 se

316 1405 454 1440 armet
486 1405 639 1440 contra
673 1396 929 1451 inimicum,
955 1395 1180 1440 voluntate
1215 1412 1290 1440 sua
1319 1399 1565 1457 peccavit.»
1600 1401 1717 1444 Bene

316 1466 496 1528 quidem
525 1468 647 1528 quod
679 1466 915 1527 aliquando
945 1467 1165 1511 confiteris
1189 1467 1282 1512 fieri
1308 1484 1433 1528 posse
1462 1479 1512 1514 ut
1533 1485 1610 1514 sua
1632 1485 1715 1515 vo-

314 1537 484 1584 luntate
523 1539 666 1584 anima
689 1549 838 1598 peccet
865 1558 873 1583 :
901 1538 978 1583 sed
1006 1539 1077 1583 cui
1106 1538 1283 1583 tandem
1313 1540 1429 1585 malo
1465 1541 1499 1585 si
1528 1556 1714 1586 consen-

314 1610 416 1666 tiat,
455 1608 682 1655 voluntate
715 1626 791 1655 sua
825 1612 1011 1669 peccat?
1039 1609 1090 1654 Ei
1122 1620 1239 1655 certe
1271 1610 1393 1670 quod
1429 1612 1714 1658 substantiam

312 1682 415 1727 dicis
437 1698 542 1728 esse.
1348 1690 1353 1694 ’

370 1757 499 1800 XIII.
532 1759 590 1800 At
610 1771 691 1815 ego
710 1757 799 1816 jam
821 1755 899 1800 tria
928 1757 1133 1817 quaedam
1154 1756 1282 1801 video
1312 1777 1320 1802 2
1354 1766 1402 1801 tu
1426 1772 1603 1818 quoque
1620 1791 1632 1813 ,
1664 1766 1716 1802 ut

313 1829 484 1889 opinor,
512 1844 687 1873 meeum
712 1827 848 1872 vides.
875 1828 1034 1873 Anima
1056 1828 1171 1873 enim
1201 1829 1478 1874 consentiens
1507 1829 1647 1886 malo,
1670 1838 1715 1875 et

313 1901 456 1960 ipsum
482 1900 648 1944 malum
671 1900 742 1944 cui
759 1900 1050 1955 consentitur,
1076 1899 1165 1945 duo
1188 1911 1310 1958 sunt,
1330 1901 1454 1945 tertia
1479 1911 1544 1945 est
1566 1909 1712 1946 autem

312 1973 403 2033 ipsa
425 1974 651 2018 consentio
677 1992 686 2017 z
712 1987 801 2017 non
819 1974 935 2016 enim
960 1982 1004 2016 et
1025 1974 1137 2017 hanc
1160 1988 1250 2017 esse
1273 1973 1461 2017 animam
1485 1972 1614 2028 dicis,
1637 1973 1711 2018 sed

312 2046 483 2090 animae.
512 2048 681 2090 Horum
708 2044 841 2104 igitur
867 2045 1023 2100 trium,
1049 2060 1150 2089 ecce
1177 2045 1320 2089 anima
1349 2045 1592 2090 substantia
1613 2055 1677 2090 est
1700 2064 1709 2090 :

310 2116 475 2162 malum
504 2117 636 2161 etiam
664 2116 800 2171 illud,
835 2117 906 2161 cui
941 2117 1082 2161 anima
1118 2117 1432 2162 consentiendo
1466 2117 1712 2162 voluntarie

312 2199 462 2248 peccat
478 2225 489 2243 ,
515 2205 565 2233 ex
586 2197 728 2234 vestra
751 2189 1004 2249 opinatione
1028 2190 1271 2233 substantia
1290 2199 1353 2233 est
1373 2208 1383 2234 t
1405 2205 1556 2249 quaero
1579 2189 1712 2248 igitur

308 2260 416 2319 quid
439 2262 493 2304 sit
515 2261 607 2319 ipsa
630 2261 872 2315 consensio,
900 2268 1050 2303 utrum
1073 2260 1209 2319 ipsam
1241 2260 1529 2305 substantiam
1545 2296 1556 2315 ,
1589 2275 1645 2304 an
1667 2260 1712 2303 in

310 2329 552 2375 substantia
577 2347 666 2376 esse
689 2331 855 2376 dicatis.
883 2331 925 2376 Si
955 2331 1070 2374 enim
1101 2331 1386 2374 substantiam
1412 2345 1502 2372 esse
1525 2329 1708 2382 dixeris,

314 2417 401 2446 non
418 2402 507 2460 jam
530 2401 637 2445 duas
660 2398 942 2449 substantias,
964 2398 1037 2442 sed
1059 2408 1142 2441 trcs
1165 2399 1424 2456 opinaberis.
1448 2404 1516 2443 An
1536 2408 1709 2458 propte—

313 2487 385 2516 rea
414 2472 545 2525 duas,
579 2472 700 2530 quod
732 2471 888 2514 animae
918 2471 1170 2520 consensio,
1209 2486 1295 2529 qua
1325 2471 1540 2514 consentit
1560 2469 1704 2526 malo,

314 2542 511 2604 ejusdem
526 2542 780 2587 substantiae
796 2549 859 2585 est
875 2542 999 2599 cujus
1012 2541 1102 2599 ipsa
1118 2541 1288 2584 anima?
1307 2543 1329 2584 J
1336 2556 1404 2585 am
1423 2556 1526 2600 ergo
1543 2557 1711 2602 quaero,
