1803 3250
442 236 604 264 CONTRA
637 240 871 267 SERMONEM
903 240 1172 271 Aluanonum.
1415 236 1497 275 465

119 299 277 342 cisse.»
320 298 402 342 Ubi
437 301 491 344 ab
514 302 573 345 eis
596 304 830 361 quaerimus
847 339 857 358 ,
894 315 1040 350 utrum
1065 317 1108 351 et
1129 309 1219 367 ipse
1242 324 1264 352 a
1289 314 1414 355 Patre
1448 327 1498 356 ex

117 367 247 412 nullis
274 370 519 414 extantibus
539 371 679 417 factus
710 374 788 428 sit,
823 375 906 418 hoc
938 386 1001 420 est
1017 412 1027 431 ,
1062 393 1114 421 ex
1136 378 1287 423 nihilo.
1314 381 1441 433 Quod
1465 383 1498 426 si

117 437 258 482 dicere
273 453 363 483 non
379 439 606 485 audebunt
628 461 636 486 :
653 445 770 501 Ergo
783 445 897 488 Deus
914 455 978 489 est
993 446 1046 489 de
1066 450 1171 503 Deo,
1191 464 1279 493 non
1297 466 1347 493 ex
1360 452 1498 496 nihilo

115 507 256 552 factus
276 524 300 552 a
320 512 425 553 Deo.
446 512 555 563 Quae
573 527 638 555 res
659 511 823 556 indicat
844 529 976 558 unam
994 525 1036 560 et
1052 519 1249 562 eamdem
1268 521 1403 564 Patris
1419 522 1494 565 Fi-

115 578 250 638 liique
281 589 496 624 naturam.
531 584 682 641 Neque
714 583 830 627 enim
858 584 1017 640 homo,
1043 602 1188 645 pecus,
1215 590 1319 644 avis,
1345 592 1495 649 piscis,

114 659 295 708 possunt
309 651 503 710 ejusdem
518 662 686 696 naturae
699 654 874 712 gignere
896 654 1022 710 filios,
1039 666 1082 700 et
1095 661 1208 703 Deus
1230 675 1318 704 non
1337 663 1493 719 potuit.

117 720 160 765 Si
182 730 328 765 autem
350 730 472 766 tanto
494 723 724 782 impietatis
748 724 935 783 abrupto
958 725 1184 771 audebunt
1214 730 1276 772 ire
1297 733 1497 789 praecipi-

114 799 194 841 tes,
222 800 273 835 ut
295 791 464 848 dicant,
503 803 546 838 et
575 794 848 852 unigenitum
880 795 1041 839 Filium
1077 813 1100 841 a
1141 801 1266 842 Patre
1289 814 1339 843 ex
1362 802 1497 846 nihilo

114 862 418 918 constitutum,
441 874 638 923 quaerant
649 880 726 924 per
742 880 874 925 quem
892 866 1032 910 tactus
1052 868 1141 911 sita
1157 871 1281 912 Patre
1297 885 1348 913 ex
1364 871 1499 915 nihilo

115 932 264 977 Filius.
290 935 388 979 Non
409 935 523 978 enim
546 951 624 993 per
644 951 687 979 se
711 936 853 994 ipsum
873 937 965 980 fieri
987 939 1152 996 potuit,
1181 947 1388 999 tanquam
1411 943 1498 1000 jam

115 1012 225 1046 esset
245 1012 477 1063 antequam
500 1004 622 1048 fieret
638 1040 648 1060 ‚
670 1015 719 1049 ut
742 1015 850 1050 esset
871 1006 960 1064 ipse
982 1022 1059 1066 per
1081 1023 1212 1066 quem
1235 1010 1357 1054 fieret
1385 1011 1499 1054 idem

112 1073 218 1131 ipse.
244 1082 287 1117 et
308 1074 413 1133 quid
435 1089 544 1132 opus
570 1084 661 1119 erat
683 1091 783 1119 eum
802 1076 894 1119 fieri
919 1076 995 1135 qui
1013 1078 1102 1136 jam
1128 1081 1249 1122 erat?
1268 1083 1355 1124 Aut
1384 1097 1497 1140 quo-

113 1141 245 1186 modo
267 1144 400 1188 fiebat
422 1153 471 1187 ut
490 1153 614 1200 esset,
639 1145 715 1204 qui
731 1146 819 1204 jam
837 1155 928 1190 erat
943 1155 1176 1206 antequam
1191 1150 1342 1193 fieret?
1367 1154 1498 1194 Porro

112 1212 146 1255 si
168 1228 246 1272 per
267 1229 397 1272 quem
420 1212 555 1257 alium
576 1230 598 1258 a
625 1218 751 1258 Patre
772 1213 911 1259 factus
931 1225 1009 1269 est,
1035 1217 1130 1275 quis
1159 1227 1222 1262 est
1244 1219 1334 1277 ipse
1364 1220 1471 1264 alius
1485 1255 1496 1274 ,

113 1298 212 1326 cum
241 1283 385 1327 omnia
414 1299 490 1342 per
521 1284 665 1342 ipsum
691 1284 807 1329 facta
840 1286 963 1329 sint?
988 1287 1031 1331 Si
1053 1296 1199 1331 autem
1222 1304 1245 1332 a
1268 1292 1392 1333 Patre
1422 1306 1499 1348 per

113 1353 334 1397 neminem
356 1352 495 1398 factus
517 1364 604 1409 est,
630 1355 853 1414 quomodo
869 1370 946 1414 per
961 1357 1177 1399 neminem
1195 1357 1360 1417 aliquid
1377 1362 1400 1402 a
1420 1363 1500 1404 Pa-

114 1433 177 1467 tre
194 1424 360 1468 factum
372 1434 450 1480 est,
471 1440 571 1469 cum
587 1441 663 1485 per
681 1424 856 1481 Filium,
877 1426 961 1470 hoc
979 1434 1057 1481 est,
1080 1441 1154 1485 per
1177 1428 1270 1486 ejus
1285 1430 1495 1485 Verbum,

112 1492 228 1538 facta
251 1495 337 1538 sint
353 1495 524 1538 omnia?

170 1566 246 1608 IV.
272 1567 359 1608 «Et
373 1573 607 1624 antequam
624 1564 801 1620 faceret,
816 1564 1040 1623 inquiunt,
1058 1565 1274 1621 universa,
1301 1568 1496 1612 omnium

111 1632 359 1679 futurorum
379 1637 492 1678 Deus
509 1644 552 1678 et
575 1636 800 1689 Dominus,
822 1649 894 1678 rex
910 1644 953 1678 et
974 1644 1142 1679 creator
1166 1645 1257 1679 erat
1280 1639 1494 1682 constitu-

112 1713 208 1762 tus,
235 1714 278 1748 et
304 1705 500 1749 omnium
530 1705 780 1748 futurorum
812 1705 857 1748 in
889 1712 1045 1748 natura
1073 1705 1237 1748 habens
1270 1708 1498 1764 praescien-

112 1775 232 1830 tiam,
251 1776 351 1819 etin
368 1774 568 1819 iaciendo
579 1776 623 1818 in
637 1775 839 1818 omnibus
855 1783 1082 1833 expectans
1098 1775 1233 1819 Patris
1240 1777 1497 1834 jussionem:

111 1847 202 1906 ipse
221 1845 447 1891 voluntate
469 1846 607 1890 Patris
627 1845 852 1890 descendit
872 1846 927 1889 de
955 1844 1092 1899 coelo,
1120 1855 1162 1889 et
1181 1847 1301 1890 venit
1319 1848 1363 1891 in
1381 1849 1498 1892 hunc

111 1917 342 1972 mundum,
367 1917 585 1975 sicutipse
608 1916 695 1960 ait:
725 1935 744 1958 «
765 1918 853 1961 Nec
878 1915 993 1959 enim
1018 1931 1041 1959 a
1064 1931 1133 1959 me
1150 1917 1244 1974 ipso
1265 1920 1364 1961 veni
1384 1953 1395 1973 ,
1424 1920 1499 1963 sed

115 2005 136 2028 »
160 1986 234 2031 ille
262 2002 332 2031 me
364 1987 521 2030 misit1.
545 2007 563 2028 »
598 1986 766 2030 Vellem
790 1987 859 2030 isti
894 1994 942 2030 ut
971 1985 1181 2041 dicerent,
1217 1996 1365 2031 utrum
1388 1989 1498 2034 duos

109 2058 378 2103 constituant
399 2066 627 2102 creatores.
655 2056 781 2109 Quod
803 2057 836 2100 si
854 2071 942 2100 non
958 2056 1137 2111 audent,
1156 2072 1270 2101 unus
1283 2067 1345 2102 est
1362 2060 1494 2115 enim,

113 2129 322 2188 quoniam'
343 2143 393 2172 ex
415 2128 525 2186 ipso,
553 2136 596 2171 et
614 2141 692 2186 per
722 2127 889 2185 ipsum,
915 2134 958 2169 et
979 2126 1024 2169 in
1046 2128 1139 2184 ipso
1170 2137 1271 2171 sunt
1295 2130 1441 2173 omnia
1457 2134 1496 2175 ¹²:

113 2215 228 2244 unus
265 2199 429 2258 quippe
463 2201 577 2242 Deus
604 2206 669 2241 est
703 2197 794 2256 ipsa
824 2195 1027 2249 Trinitas,
1057 2204 1098 2239 et
1126 2197 1186 2240 sic
1211 2212 1324 2241 unus
1355 2202 1495 2254 Deus,

114 2268 339 2329 quomodo
362 2283 477 2312 unus
500 2275 696 2324 creator,
726 2264 834 2326 quid
859 2275 922 2309 est
951 2264 1071 2324 quod
1099 2266 1252 2310 dicunt
1273 2301 1284 2321 ,
1317 2269 1501 2326 jubente

117 2344 242 2384 Patre
263 2354 427 2384 creasse
443 2339 588 2383 omnia
606 2336 784 2391 Filium,
801 2344 1009 2394 tanquam
1026 2338 1152 2379 Pater
1166 2351 1255 2380 non
1270 2340 1495 2395 creaverit,

115 2409 192 2454 sed
213 2426 236 2454 a
257 2410 370 2454 Filio
384 2408 517 2454 creari
527 2405 731 2467 jusserit}>
751 2406 955 2465 Cogitent
969 2405 1045 2464 qui
1062 2406 1290 2449 carnaliter
1307 2408 1495 2466 sapiunt,

115 2481 275 2540 quibus
306 2479 398 2523 aliis
424 2478 566 2523 verbis
589 2477 764 2537 jusserit
792 2480 917 2521 Pater
944 2475 1074 2520 unico
1098 2476 1256 2520 Verbo.
1293 2480 1501 2524 Formant

166 2572 177 2588 1
193 2567 284 2597 Joan.
305 2574 371 2602 viu,
391 2562 445 2604 42.
458 2578 497 2584 -—
516 2569 528 2584 ‘⁸
546 2564 639 2595 Rom.
658 2573 703 2603 m,
723 2560 776 2593 36.

281 2627 471 2657 cxxxvi.
1295 2614 1346 2652 30
