1803 3250
295 206 378 244 376
729 212 761 239 s.
799 212 1027 239 Auens-nm
1062 213 1239 238 EPISCOPI

295 282 476 333 cunctis,
502 288 715 338 quantum
738 277 793 322 ad
815 289 997 323 mortem
1023 278 1177 322 attinet
1194 277 1400 336 corporis,
1421 286 1568 321 utrum
1591 279 1678 322 sin-

295 352 492 412 gillatim,
515 366 568 394 an
586 348 710 394 simul
736 365 887 394 omnes
909 349 1157 408 pariterque
1181 349 1423 392 moriantur
1438 370 1449 406 3
1464 348 1544 392 nisi
1560 348 1680 408 quod

294 438 392 467 cum
416 420 573 479 singuli
608 421 883 475 moriuntur,
920 430 962 465 ct
994 436 1143 464 omnes
1178 430 1361 463 mortem
1386 429 1429 463 ct
1450 435 1599 464 omnes
1625 418 1681 464 de

295 495 476 540 mortuis
499 493 726 552 patiuntur
759 492 984 551 dolorem3
1009 508 1107 536 cnm
1140 501 1284 536 autem
1309 491 1437 535 simul
1460 492 1681 534 universos

295 566 402 624 rapit
437 580 548 608 unus
582 564 801 618 interitus,
837 563 988 608 saltem
1024 563 1185 607 nemini
1219 561 1481 622 relinquitur
1510 561 1684 605 luctus?

299 636 592 680 verumetiam
613 635 740 679 altius
754 636 796 678 in
820 634 894 679 illo
914 634 1079 678 diluvio
1093 633 1320 678 consilium
1344 634 1416 677 Dei
1435 632 1533 686 fuit,
1550 647 1683 692 quam

295 724 369 753 cor
388 707 629 751 infidelium
646 705 714 750 vel
733 706 852 750 novit
871 704 938 748 vel
961 705 1089 763 capit.
1115 704 1197 748 Sed
1216 704 1318 748 nolo
1331 719 1416 756 me,
1438 703 1683 762 apostolum

301 782 474 822 Petrum.
496 778 638 835 potius
662 776 810 820 audiat
832 776 909 818 iste
930 774 1148 818 dicentem
1172 793 1180 817 :
1211 793 1227 812 «
1241 776 1293 817 In
1310 774 1464 818 diebus
1480 776 1572 819 Noe·
1585 788 1687 818 cum

301 869 320 890 »
349 848 634 892 fabricaretur
657 861 770 899 arca,
796 854 894 890 octo
909 844 1073 888 animas
1088 843 1225 888 salvas
1242 843 1376 888 factas
1402 860 1478 904 per
1499 859 1683 904 aquam:

300 940 318 960 η
347 919 463 977 quod
481 933 521 961 et
545 933 635 967 vos„
667 916 825 976 inquit,
851 913 979 959 simili
1002 914 1139 958 forum
1165 915 1376 974 baptisma
1406 914 1545 958 salvos
1567 913 1685 969 facit,

301 1009 319 1030 »
347 1004 504 1032 noncai
520 988 581 1031 nis
594 987 805 1046 depositio
816 984 1026 1039 sordium,
1043 985 1117 1029 sed
1129 986 1405 1030 conscientiae
1417 985 1689 1030 bonaeinter-

301 1080 319 1101 η
348 1060 512 1117 rogatio
525 1060 564 1101 in
579 1062 715 1102 Deum
731 1073 806 1117 per
821 1057 1178 1101 resurrectionem
1193 1060 1298 1101 Jesu
1316 1056 1478 1101 Christi
1492 1058 1521 1099 ¹.
1539 1075 1558 1097 »
1576 1058 1690 1101 Ecce

301 1132 430 1175 habet
457 1130 696 1190 expositum
720 1128 874 1174 diluvii
896 1137 1230 1173 sacramentum.
1265 1128 1345 1172 Ubi
1379 1137 1604 1187 propterea
1628 1137 1692 1172 est

300 1202 514 1255 additum,
545 1222 563 1242 «
585 1204 663 1244 Per
685 1199 1041 1245 resurrectionem
1063 1201 1164 1243 Jesu
1181 1200 1339 1244 Christi
1358 1235 1368 1253 ,
1389 1218 1407 1240 n
1425 1208 1474 1243 ut
1488 1199 1605 1242 diem
1620 1199 1691 1242 in—

304 1273 595 1329 telligeremus
618 1280 842 1326 octavum,
869 1267 990 1331 quod
1013 1271 1271 1329 significavit
1294 1270 1337 1314 in
1363 1286 1460 1315 arca
1484 1285 1694 1314 numerus

303 1346 550 1389 hominum:
569 1353 721 1387 octavo
733 1343 851 1386 enim
863 1341 951 1397 die,
965 1343 1048 1386 hoc
1069 1351 1147 1396 est,
1166 1351 1261 1401 post
1276 1342 1507 1400 septimum
1523 1340 1692 1386 sabbati

304 1416 513 1460 Dominus
548 1414 795 1458 resurrexit.
828 1413 896 1457 Sic
919 1428 1023 1471 ergo
1045 1411 1118 1455 illa
1141 1428 1241 1472 quae
1273 1422 1390 1468 gesta
1419 1427 1693 1456 commemo·

306 1496 480 1537 rantur,
506 1486 540 1528 si
569 1486 664 1544 quis
694 1482 924 1541 intelligit,
957 1483 1087 1526 etiam
1112 1482 1354 1542 prophetiae
1378 1481 1572 1527 fuerunt.
1610 1482 1694 1528 Sed

302 1559 379 1600 iste
404 1566 558 1616 praeter
580 1570 723 1599 arcam
740 1590 749 1608 ‚
773 1554 819 1597 id
841 1563 919 1609 est,
945 1564 1103 1614 praeter
1134 1552 1369 1598 Ecclesiam
1400 1555 1664 1599 constitutus
1680 1589 1691 1610 ‚

303 1629 551 1672 submersus
574 1635 638 1670 est
659 1625 842 1679 diluvio,
865 1640 954 1669 non
973 1625 1165 1669 ablutus.

367 1700 519 1741 XLVI.
548 1701 607 1741 De
640 1696 887 1740 testimonio
910 1711 1088 1755 quoque
1123 1698 1248 1740 Isa‘i'ae
1280 1696 1505 1755 prophetae
1528 1695 1697 1741 calum-

308 1770 454 1813 niatur
478 1779 609 1828 atque
633 1767 922 1826 blasphemat,
948 1782 999 1811 eo
1023 1766 1141 1826 quod
1157 1766 1312 1810 dixerit
1336 1786 1345 1811 z
1375 1785 1394 1809 «
1414 1766 1545 1811 Filios
1568 1768 1697 1826 genui

311 1861 328 1881 η
356 1850 399 1884 et
428 1840 638 1893 exaltavi,
671 1839 749 1898 ipsi
777 1847 923 1882 autem
953 1853 1022 1881 me
1048 1841 1367 1897 spreverunt2:
1399 1857 1418 1879 »
1452 1848 1496 1882 et
1522 1838 1696 1884 eosdem

308 1912 438 1971 paulo
461 1921 558 1970 post
580 1908 863 1970 appellaverit
884 1923 1031 1953 semen
1054 1909 1283 1968 pessimum
1298 1944 1308 1963 ,
1333 1918 1544 1969 tanquam
1567 1925 1610 1952 se
1627 1925 1699 1954 os—

310 1981 491 2025 tendens
515 1982 755 2039 genitorem
777 1979 1010 2034 malorum,
1034 1980 1156 2038 cujus
1179 1979 1253 2023 filii
1276 1989 1378 2023 sunt
1399 1995 1546 2023 semen
1570 1980 1699 2039 pessi-

310 2069 427 2096 mum
451 2072 459 2097 :
482 2054 676 2097 nesciens
698 2052 755 2097 ol)
771 2052 854 2096 hoc
874 2066 946 2096 eos
961 2050 1045 2095 dici
1061 2066 1206 2095 semen
1225 2051 1475 2110 pessimum,
1491 2052 1701 2111 quoniam

310 2125 456 2182 gratiae
480 2124 555 2167 Dei
576 2140 663 2184 qua
686 2125 776 2184 ejus
797 2122 874 2167 filii
890 2122 994 2167 facti
1016 2121 1206 2176 fuerant,
1227 2121 1449 2183 peccando
1466 2122 1701 2181 degeneres

310 2197 561 2250 extiterunt,
588 2210 739 2240 eorum
761 2194 839 2239 filii
856 2194 960 2240 lacti
981 2210 1168 2255 quorum
1192 2194 1428 2239 imitatores
1443 2210 1533 2238 esse
1549 2193 1702 2240 volue-

313 2276 426 2310 runt.
446 2266 569 2311 Unde
580 2266 663 2311 illis
681 2265 766 2311 alio
783 2267 880 2311 loco
895 2265 1054 2310 dicitur
1073 2285 1082 2310 ε
1104 2269 1264 2310 «Pater
1282 2276 1382 2310 tuus
1396 2266 1697 2323 Arnorrhaeus,

317 2358 336 2380 »
362 2349 403 2383 et
427 2348 564 2382 mater
586 2347 660 2382 tua
682 2338 897 2383 Caetliaea3
919 2357 928 2383 :
953 2359 970 2380 »
997 2353 1182 2397 quarum
1202 2338 1397 2397 gentium
1420 2346 1522 2381 sunt
1545 2337 1701 2397 impie-

312 2420 444 2456 tatem
467 2410 763 2471 malitiamque
784 2411 960 2467 sectati,
985 2426 1035 2455 ex
1058 2411 1218 2471 quibus
1243 2419 1391 2455 tamen
1412 2409 1552 2455 carnis
1569 2410 1702 2470 origi-

313 2497 411 2527 nem
430 2497 518 2526 non
540 2481 776 2526 ducebant.
806 2482 889 2527 Sed
911 2481 1048 2528 solvat
1063 2483 1141 2527 iste
1163 2481 1448 2543 quaestionem
1467 2481 1701 2541 Evangeli-

363 2574 370 2588 ¹
396 2578 408 2599 1
429 2569 515 2601 I'ctr.
538 2578 586 2610 ιιι,
606 2576 661 2608 20,
679 2576 735 2600 21.
752 2585 791 2592 —-—
806 2574 818 2591 ²
838 2568 909 2601 lsai.
930 2568 954 2609 i,
974 2578 1005 2599 2.
1024 2585 1063 2594 --
1079 2566 1092 2591 ³
1107 2568 1221 2601 Ezech.
1243 2578 1309 2609 xw,
1331 2566 1364 2600 3.
