1803 3250
321 213 402 250 200
749 215 782 244 s.
819 215 1051 246 mausum
1083 216 1265 244 nmscom

323 308 340 328 η
378 287 492 329 niam
513 285 571 328 sic
589 284 793 342 scriptum
812 292 891 338 est,
917 292 959 327 et
981 284 1041 327 sic
1063 282 1294 341 oportebat
1313 283 1536 328 Christum
1557 285 1648 344 pati
1663 294 1705 330 et

323 379 339 399 υ
375 370 597 414 resurgere
621 371 643 399 a
664 354 843 399 mortuis
867 354 937 398 die
959 354 1103 408 tertio,
1131 363 1173 398 et
1197 354 1423 413 praedicari
1455 355 1501 399 in
1529 356 1705 402 nomine

319 449 338 470 »
374 429 464 487 ejus
487 427 792 486 poenitentiam
816 436 859 471 et
882 426 1173 471 remissionem
1198 436 1475 486 peccatorum
1496 427 1542 471 in
1557 443 1706 473 omnes

317 518 335 542 >›
373 509 535 558 gentes,
558 499 865 558 incipientibus
883 499 937 542 ab
955 497 1210 543 Jerusalem.
1234 501 1319 544 Vos
1341 509 1487 544 autem
1506 500 1603 544 estis
1618 510 1707 545 tes-

317 592 336 613 »
374 581 434 615 tes
454 572 624 615 horum.
649 573 702 615 Et
719 586 800 629 ego
819 570 986 614 mittam
1006 570 1262 629 promissum
1284 571 1419 615 Patris
1438 571 1523 615 mei
1540 572 1584 614 in
1601 586 1704 617 vos:

315 663 334 686 »
371 659 445 688 vos
476 652 620 687 autem
658 643 803 686 sedete
835 642 880 685 in
915 642 1089 686 civitate
1119 643 1266 702 quoad
1298 658 1437 702 usque
1465 641 1710 688 induamini

315 733 335 756 »
373 716 577 759 virtutem
601 730 652 758 ex
676 713 805 757 alto¹.
832 730 852 753 »
876 715 930 756 Et
952 728 1053 756 cum
1073 712 1327 756 reddidisset
1345 714 1541 758 codicem
1563 716 1710 759 Evan-

313 787 427 846 gelii,
455 787 622 845 accepit
646 790 778 829 Actus
803 782 1129 842 Apostolorum,
1155 792 1198 827 et
1220 784 1353 828 dixit:
1380 785 1642 829 Audivimus
1665 786 1711 831 in

314 857 552 915 Evangelio
575 870 934 901 commemorasse
953 854 1270 913 Evangelistam
1295 865 1492 899 sanctum
1523 858 1712 914 promis-

313 929 477 973 sionem
491 927 666 980 Christi,
683 942 782 986 quae
797 935 860 969 est
875 926 918 968 in
937 925 1176 984 Evangelio
1191 925 1434 970 secundum
1449 929 1711 985 Joannem²‚

312 1016 444 1061 quem
464 1014 650 1059 praesens
669 997 791 1042 Felix
811 997 1182 1042 commemoravit.
1206 997 1289 1041 Ubi
1309 997 1425 1042 enim
1439 998 1548 1042 dixit
1567 999 1716 1044 Domi-

313 1088 395 1115 nns
415 1091 421 1115 :
467 1091 486 1113 «
528 1071 656 1114 Mitto
693 1070 817 1114 vobis
859 1070 1070 1129 Spiritum
1112 1078 1311 1113 sanctum
1347 1069 1644 1125 Paracletum,
1689 1086 1711 1113 5»

315 1146 503 1187 Joannes
526 1140 789 1199 evangelista
812 1140 997 1197 scripsit.
1030 1143 1121 1184 Hoc
1145 1149 1289 1184 autem
1309 1140 1430 1200 quod
1455 1142 1586 1185 modo
1609 1141 1712 1200 legi,

318 1218 453 1258 Lucas
491 1210 751 1269 evangelista
791 1218 1017 1254 attestatus
1060 1220 1150 1266 est,
1193 1221 1236 1256 et
1278 1213 1509 1257 consonuit
1545 1214 1717 1258 veritati

315 1284 496 1344 apostoli
521 1283 716 1327 Joannis.
737 1281 971 1325 Videamus
992 1282 1121 1325 eiiam
1146 1282 1371 1342 quomodo
1390 1282 1634 1341 perfectum
1654 1293 1717 1329 est
1773 1284 1776 1288 ’

316 1356 435 1417 quod
469 1355 662 1414 promisit
688 1353 913 1407 Dominus,
942 1362 985 1396 et
1007 1354 1232 1412 quomodo
1255 1353 1511 1412 impletum:
1539 1364 1589 1398 ut
1611 1370 1715 1401 cum

317 1428 448 1471 fuerit
471 1444 520 1470 ex
546 1426 765 1470 canonicis
789 1425 908 1467 libris
931 1433 1092 1467 sanctae
1118 1423 1322 1468 Ecclesiae
1345 1440 1542 1484 expressa
1564 1425 1714 1486 imple-

317 1500 377 1543 tio
413 1497 708 1557 promissionis
742 1496 931 1551 Domini,
961 1494 1233 1540 Paracletum
1275 1497 1483 1555 Spiritum
1514 1507 1715 1543 sanctum

318 1570 502 1615 alterum
526 1585 613 1614 non
638 1582 899 1628 quaeramus,
921 1582 976 1612 ne
992 1567 1039 1611 in
1060 1568 1343 1612 seductorum
1363 1568 1543 1628 laqueos
1564 1570 1715 1614 incur-

319 1657 478 1686 ramus.

380 1715 455 1757 IV.
495 1715 551 1757 Et
587 1711 784 1756 recitavit
816 1726 868 1754 ex
899 1710 1083 1755 Actibus
1113 1710 1452 1770 Apostolorum:
1481 1712 1717 1758 «Primum

321 1802 341 1825 »
378 1784 556 1844 quidem
575 1798 820 1828 sermonem
843 1780 926 1827 feci
951 1782 1006 1826 de
1029 1783 1248 1838 omnibus,
1273 1799 1299 1827 o
1324 1784 1581 1843 Theophile,
1619 1774 1719 1845 quae

323 1874 342 1897 η
378 1856 514 1915 eoepit
537 1858 662 1899 Jesus
685 1853 826 1898 facere
849 1863 892 1898 et
912 1853 1086 1909 docere,
1108 1855 1152 1898 in
1176 1856 1245 1899 die
1263 1872 1352 1916 quo
1377 1856 1608 1915 Apostolos
1625 1855 1718 1901 ele-

321 1942 342 1968 »
379 1929 442 1985 git
460 1942 535 1985 per
556 1926 764 1985 Spiritum
787 1935 1003 1980 sanctum,
1029 1935 1070 1970 et
1091 1928 1295 1985 praecepit
1313 1926 1552 1986 praedicare
1575 1930 1721 1973 Evan-

323 2017 341 2039 »
380 1997 574 2056 gelium:
611 1997 770 2057 quibus
804 1997 993 2056 praebuit
1017 2012 1061 2041 se
1082 1997 1229 2041 vivum
1266 2007 1363 2055 post
1396 1998 1637 2057 passionem
1675 1999 1721 2045 in

323 2087 342 2109 >i
380 2067 528 2112 multis
551 2067 817 2127 argumentis
848 2068 1033 2123 dierum,
1069 2067 1185 2112 visus
1208 2068 1267 2112 eis
1299 2069 1389 2113 dies
1412 2068 1717 2129 quadraginta,

324 2159 343 2181 n
381 2150 424 2184 et
445 2140 606 2184 docens
641 2141 695 2183 de
730 2155 865 2199 regno
900 2140 992 2193 Dei,
1028 2148 1070 2183 et
1099 2139 1323 2200 quomodo
1346 2151 1626 2185 conversatus
1657 2151 1721 2187 est

328 2234 342 2252 »
381 2228 433 2256 cu
442 2228 479 2256 m
498 2212 595 2256 illis.
615 2215 671 2256 Et
686 2212 895 2272 praecepit
911 2212 969 2255 eis
984 2227 1038 2255 ne
1055 2210 1328 2257 discederent
1345 2212 1400 2256 ab
1419 2212 1717 2271 Jerosolymis,

323 2300 343 2322 »
381 2284 456 2326 sed
489 2284 752 2327 sustinerent
784 2282 1143 2343 pollicitationem
1177 2284 1329 2339 Patris,
1355 2299 1487 2344 quam
1519 2283 1717 2339 audistis,

327 2372 345 2393 »
382 2354 541 2411 inquit,
560 2370 608 2397 ex
629 2371 700 2398 ore
719 2371 839 2412 rne03
862 2355 1069 2415 quoniam
1088 2357 1276 2398 Joannes
1291 2356 1466 2412 quidem
1488 2353 1721 2412 baptizavit

328 2442 345 2463 »
383 2438 521 2481 siqua,
562 2438 636 2465 vos
670 2434 816 2465 autern
852 2425 1013 2480 Spiritu
1048 2432 1196 2465 sancto
1228 2423 1442 2482 incipietis
1474 2423 1714 2482 baptizari,

329 2514 336 2533 ›
384 2509 513 2553 quem
540 2503 581 2536 et
605 2493 823 2551 accepturi
845 2492 943 2537 estis
967 2508 1055 2536 non
1079 2502 1177 2552 post
1202 2494 1364 2539 multos
1386 2494 1487 2539 istos
1510 2493 1617 2549 dies,
1644 2510 1718 2540 us-

339 2515 346 2533 s.

375 2583 382 2597 ¹
406 2579 482 2608 Luc.
503 2588 592 2613 xxiv,
618 2577 656 2608 35
673 2582 704 2609 et
722 2587 809 2619 seqq.
828 2594 857 2600 —-
884 2584 895 2598 ²
913 2578 1003 2608 Joan.
1022 2587 1088 2617 xvr,
1111 2588 1141 2618 7.
