1803 3250
13 31 30 116 2}

15 194 22 273 ἰ

434 205 597 235 com-M
631 206 845 244 FAUSTUM,
880 208 962 235 Lm.
1000 210 1121 237 xxm.
1384 201 1465 238 135

81 271 228 317 futura
251 287 342 326 non
374 281 497 316 erant
522 291 530 317 ε
555 273 615 316 ita
650 270 793 316 omnia
833 286 932 331 quae
971 287 1068 317 vere
1095 274 1314 332 praeterita
1336 285 1464 331 sunt,

78 342 169 386 sine
196 342 336 388 dubio
357 342 678 402 praeterierunt.

136 414 191 457 V.
212 413 416 473 Quisquis
436 414 583 471 itaque
602 409 734 455 dicit:
757 410 800 455 Si
815 410 1091 469 omnipotens
1109 422 1172 457 est
1189 416 1320 470 Deus,
1339 414 1471 463 saciat

78 492 127 529 ut
148 498 249 544 quae
269 482 385 544 facta
415 490 543 538 sunt,
580 479 695 526 facta
727 496 818 527 non
840 480 1032 540 fuerint,
1057 498 1147 528 non
1167 484 1287 529 videt
1310 486 1393 532 hoc
1426 503 1471 533 Se

75 553 221 599 dicere
243 573 253 600 :
283 554 327 600 Si
344 553 621 613 omnipotens
642 561 734 609 est,
755 551 884 597 faciat
902 561 953 598 ut
973 568 1023 598 ea
1037 570 1137 614 quae
1157 570 1259 600 vera
1281 567 1398 614 sunt,
1419 573 1472 604 eo

77 627 171 685 ipso
187 639 277 686 quo
290 638 392 670 vera
411 632 516 670 sunt
535 622 643 669 falsa
665 624 766 669 sint.
798 627 946 669 Potest
979 624 1095 669 enim
1123 626 1266 672 facere
1283 661 1295 684 ,
1319 636 1371 672 ut
1392 629 1473 673 ali-

76 694 186 757 quid
206 710 298 741 non
314 696 369 740 sit
383 695 504 756 quod
522 703 614 741 erat
627 715 639 754 3
654 704 761 740 tunc
775 695 892 740 enim
904 693 1011 740 facit
1027 704 1078 741 ut
1089 711 1180 742 non
1201 697 1272 754 sit,
1292 699 1470 758 quando

74 766 121 811 id
142 781 233 811 esse
254 766 470 812 invenerit
492 765 549 811 de
565 781 655 827 quo
676 767 752 812 fiat
773 785 782 812 z
801 766 924 812 velut
940 782 1042 812 cum
1059 766 1268 829 aliquem,
1288 769 1366 829 qui
1382 784 1473 814 coe-

73 837 140 898 pit
174 852 265 883 esse
300 836 521 883 nascendo
539 872 550 893 ,
583 838 688 882 facit
716 852 808 883 non
834 853 926 884 esse
953 839 1185 885 moriendo
1201 873 1214 896 ,
1239 840 1324 886 hoc
1355 841 1474 886 enim

73 907 242 955 factum
263 910 452 966 invenit,
478 908 534 955 de
561 924 651 970 quo
680 910 820 954 fieret.
860 910 962 964 Quis
995 920 1142 957 autem
1171 910 1318 968 dicat,
1341 921 1393 957 ut
1426 912 1471 958 id

73 981 196 1040 quod
212 981 303 1040 jam
328 996 420 1026 non
442 990 532 1037 est,
558 978 689 1026 saciat
711 996 801 1026 non
820 983 943 1027 esse?
961 981 1189 1043 Quidquid
1208 983 1325 1028 enim
1352 998 1469 1043 prae-

72 1052 252 1098 teritum
271 1060 336 1096 est
350 1084 362 1105 ,
381 1052 474 1110 jam
492 1066 584 1096 non
603 1060 668 1095 est
689 1070 698 1096 z
724 1052 846 1111 quod
865 1053 899 1096 si
923 1062 967 1097 et
990 1053 1045 1097 de
1066 1054 1159 1112 ipso
1185 1053 1280 1098 fieri
1302 1054 1470 1115 aliquid

72 1131 237 1184 potest,
262 1121 409 1167 adhuc
429 1130 494 1166 est
515 1121 571 1166 de
607 1137 697 1181 quo
715 1122 820 1180 fiat3
845 1132 890 1167 et
926 1124 960 1167 si
992 1132 1082 1180 est,
1108 1124 1333 1184 quomodo
1355 1141 1470 1185 prae—-

71 1195 250 1240 teritum
271 1194 365 1238 est?
384 1195 483 1239 Non
502 1207 607 1252 ergo
625 1202 689 1237 est
703 1227 715 1249 ,
740 1193 862 1254 quod
883 1208 984 1240 vere
1003 1194 1189 1240 dicimus
1205 1194 1338 1241 fuisse
1358 1214 1368 1242 :
1394 1198 1471 1242 sed

71 1265 171 1311 ideo
188 1279 342 1311 verum
360 1272 425 1309 est
438 1262 551 1309 illud
564 1262 697 1310 fuisse
707 1298 719 1320 ,
735 1264 840 1324 quia
856 1264 903 1309 in
919 1275 1067 1310 nostra
1083 1268 1300 1313 sententia
1315 1282 1469 1314 verum

70 1345 162 1393 est,
180 1351 272 1382 non
290 1336 338 1381 in
353 1350 404 1380 ea
424 1349 472 1380 re
492 1350 592 1396 quae
607 1336 699 1396 jam
720 1350 812 1380 non
833 1345 914 1381 est.
940 1338 1166 1382 Sententia
1187 1339 1354 1399 quippe
1375 1356 1464 1400 qua

71 1407 257 1453 dicimus
278 1406 447 1467 aliquid
466 1406 600 1451 fuisse
617 1441 628 1462 ,
662 1405 762 1451 ideo
795 1421 895 1452 vera
927 1417 1012 1464 est,
1038 1408 1143 1470 quia
1163 1408 1276 1455 illud
1298 1410 1354 1454 de
1375 1426 1466 1471 quo

69 1478 282 1535 dicimus,
308 1479 402 1538 jam
422 1493 514 1524 non
533 1486 613 1523 est.
639 1479 763 1523 Hanc
784 1479 1045 1524 sententiam
1075 1483 1190 1525 Deus
1218 1479 1372 1526 falsam
1399 1480 1468 1527 fa·-

69 1565 168 1596 cere
194 1564 286 1594 non
309 1556 481 1609 potest,
516 1549 619 1609 quia
650 1564 741 1594 non
762 1558 827 1594 est
853 1551 1096 1595 contrarius
1122 1552 1309 1597 veritati.
1337 1552 1464 1606 Quod

68 1622 104 1668 si
124 1635 316 1683 quaeras,
340 1620 420 1664 ubi
439 1619 494 1664 sit
509 1620 605 1665 haec
627 1635 729 1665 vera
758 1621 972 1666 sententia
995 1641 1004 1667 ε
1026 1623 1146 1682 prius
1173 1623 1398 1669 invenitur
1418 1625 1464 1669 in

69 1693 217 1739 animo
232 1700 382 1738 nostro
396 1725 409 1748 ,
433 1707 536 1737 cum
559 1691 607 1736 id
629 1706 782 1737 verum
799 1693 956 1737 scimus
973 1702 1017 1738 et
1032 1693 1234 1739 dicimus.
1258 1695 1345 1740 Sed
1367 1696 1400 1739 si
1423 1705 1467 1740 et

69 1764 126 1811 de
143 1763 290 1809 auimo
308 1770 459 1808 nostro
481 1761 627 1807 ablata
643 1763 778 1807 suerit
792 1797 804 1819 ,
829 1758 932 1808 cum
947 1764 993 1808 id
1014 1764 1137 1824 quod
1157 1766 1316 1809 scimus
1339 1764 1467 1811 obliti

71 1836 307 1892 fuerimus,
337 1833 535 1880 manebit
560 1834 608 1878 in
633 1835 726 1894 ipsa
745 1835 941 1881 veritate.
970 1837 1149 1896 Semper
1169 1837 1288 1881 enim
1310 1851 1466 1882 verum

68 1908 151 1952 erit
170 1906 303 1951 fuisse
326 1903 439 1950 illud
458 1905 583 1965 quod
604 1913 718 1961 erat,
738 1914 782 1950 et
803 1920 895 1951 non
914 1915 1005 1964 θεῖς
1040 1915 1084 1951 θῖ
1110 1907 1174 1950 ibi
1205 1922 1361 1952 verum
1385 1909 1466 1953 erit

64 1979 156 2039 jam
175 1975 307 2021 fuisse
326 1974 451 2036 quod
466 1984 581 2031 erat,
605 1975 684 2020 ubi
704 1990 857 2022 verum
881 1985 974 2021 erat
990 1986 1227 2037 antequam
1244 1978 1370 2023 fieret
1386 1977 1462 2023 fu·-

68 2058 220 2095 turum
238 2062 330 2094 esse
344 2046 468 2108 quod
486 2062 579 2093 non
599 2056 706 2093 erat.
732 2047 848 2092 Huic
873 2048 1045 2094 veritati
1066 2051 1182 2094 Deus
1207 2064 1299 2094 non
1322 2058 1465 2109 potest

68 2119 286 2166 adversari
300 2119 348 2163 in
361 2133 453 2179 quo
469 2127 534 2163 est
546 2118 639 2178 ipsa
657 2133 826 2164 summa
842 2128 886 2164 θῖ
901 2119 1271 2165 incommutabilis
1287 2121 1461 2178 veritaS,

67 2206 158 2252 quo
178 2190 422 2235 illustratur
441 2198 493 2234 ut
511 2189 590 2246 sit,
625 2188 845 2251 quidquid
867 2190 913 2235 in
942 2205 1221 2251 quorumque
1243 2191 1398 2237 animis
1419 2201 1463 2237 et

69 2262 290 2308 mentibus
318 2261 410 2307 veri
437 2269 516 2306 est.
554 2261 914 2322 Omnipotentem
946 2272 1093 2308 autem
1121 2265 1262 2308 Deum
1289 2264 1461 2309 nonita

69 2333 284 2390 dicimus,
311 2346 360 2377 ac
381 2332 416 2378 si
438 2346 540 2377 eum
562 2331 692 2377 etiam
712 2333 824 2379 mori
855 2346 980 2394 posse
1001 2334 1233 2380 credamus
1260 2354 1270 2381 :
1294 2344 1339 2380 et
1359 2335 1463 2396 quia

70 2405 155 2450 hoc
174 2419 266 2450 non
285 2412 454 2465 potest,
478 2403 578 2450 ideo
611 2419 703 2450 non
734 2405 789 2450 sit
814 2404 1025 2451 dicendus
1056 2406 1349 2467 omnipotens.
1383 2405 1463 2451 Ille

70 2475 202 2536 plane
222 2476 500 2536 omnipotens
515 2490 618 2521 vere
639 2475 754 2521 solus
769 2476 930 2522 dicitur
946 2477 1024 2538 qui
1040 2492 1142 2524 vere
1155 2487 1219 2523 est
1234 2513 1246 2533 ,
1268 2486 1311 2522 et
1330 2493 1355 2522 a
1371 2491 1460 2536 quo

72 2546 165 2593 solo
187 2556 252 2594 est
273 2546 492 2608 quidquid
513 2545 662 2606 aliquo
682 2547 817 2593 modo
839 2558 903 2593 est
923 2547 994 2594 vel
1015 2548 1205 2608 spiritale
1217 2548 1285 2592 vel
1299 2561 1456 2605 corpo-
