1803 3250
340 216 410 252 'nos
762 224 795 247 s.
832 219 1060 247 AUGUSTml
1096 219 1273 245 Evlscom

330 306 428 335 ιιυιιι
443 292 533 332 sine
548 289 735 329 humana
751 286 893 328 anima
905 284 1101 328 Christus
1115 282 1406 341 assumpserit.
1424 284 1532 333 Quin
1545 281 1715 339 propria

330 358 500 404 haeresis
527 355 934 413 Apollinaristarum
952 363 1015 396 est
1038 373 1045 397 ;
1070 352 1145 395 sed
1163 351 1290 395 etiam
1305 350 1422 404 istos,
1438 349 1483 392 id
1495 358 1574 403 est,
1596 349 1718 392 Aria-

328 445 421 482 nos,
449 429 492 471 in
515 441 665 470 eorum
689 424 1082 484 disputationibus,
1114 438 1202 466 non
1229 421 1371 466 solum
1404 420 1623 464 Trinitatis
1646 418 1716 462 di-

328 514 467 543 versas
485 512 575 542 esse
598 505 788 550 naturas,
809 495 883 538 sed
905 495 1034 538 etiam
1051 496 1132 538 hoc
1155 492 1313 536 sentire
1328 489 1714 551 deprehendimus,
1775 536 1780 540 ἢ

326 570 446 630 quod
465 569 653 613 animam
672 582 761 610 non
777 566 934 610 habeat
947 566 1144 611 Christus
1161 565 1413 608 humanam.
1434 565 1596 606 Verum
1612 560 1657 605 id
1673 560 1719 604 in

328 643 455 700 hujus
477 639 780 699 disputationis
803 638 1172 698 consequentibus
1200 635 1441 680 evidentius
1470 633 1713 693 apparebit.

327 716 362 758 N
370 728 453 756 une
476 711 531 755 ad
555 712 647 755 haec
666 725 817 754 eorum
837 710 966 754 verba
989 724 1087 768 quae
1108 707 1409 766 proposuimus
1428 707 1510 750 hoc
1535 719 1718 764 respon—

327 785 502 838 demus,
534 792 582 826 ut
613 780 805 825 recolant
834 782 877 823 in
900 778 1090 838 Epistola
1112 793 1212 838 quae
1235 778 1290 821 ab
1316 777 1522 820 Hebraeos
1553 785 1639 831 est,
1664 775 1719 819 de

326 855 498 899 Christo
525 868 615 897 esse
644 850 918 895 intellectum
947 849 1068 909 quod
1096 848 1304 908 scriptum
1336 857 1430 892 est:
1458 846 1719 891 «Minorasti

331 944 349 965 »
377 939 477 968 eum
507 922 785 982 paulominus
808 921 862 964 ab
887 919 1090 979 Angelis¹
1112 939 1120 964 :
1143 938 1162 961 »
1191 929 1234 963 et
1257 918 1432 963 videant
1450 933 1539 962 non
1563 917 1617 961 ad
1649 916 1719 960 di-

326 995 573 1038 versitatem
597 1002 640 1036 et
660 990 1002 1051 inaequalitatem
1032 999 1200 1034 naturae
1224 989 1361 1034 Patris
1387 998 1430 1033 et
1457 988 1554 1032 Filii
1577 987 1720 1033 valere

326 1065 445 1124 quod
463 1064 571 1108 dixit
595 1082 603 1107 :
630 1082 649 1105 «
670 1066 795 1106 Pater
817 1063 953 1122 major
985 1076 1052 1105 me
1076 1070 1141 1105 est
1155 1064 1171 1086 '²
1194 1080 1202 1105 :
1226 1079 1245 1102 ι)
1272 1060 1348 1104 sed
1365 1059 1418 1103 ad
1442 1058 1554 1103 illud
1575 1059 1720 1118 potius

326 1137 446 1196 quod
474 1136 519 1179 in
543 1134 681 1179 forma
703 1134 814 1177 servi
839 1141 1016 1192 propter
1037 1132 1335 1176 infirmitatem
1351 1166 1362 1186 ‚
1389 1132 1435 1175 in
1458 1147 1545 1191 qua
1564 1131 1655 1190 pati
1677 1138 1721 1174 et

326 1207 431 1251 mori
460 1206 617 1265 potuit,
646 1205 787 1248 minor
806 1204 935 1248 etiam
955 1203 1131 1262 Angelis
1149 1202 1288 1247 sactus
1311 1211 1389 1246 est.

387 1281 461 1322 Vl.
500 1281 609 1321 ltem
628 1276 808 1320 dicunt:
838 1294 858 1318 «
875 1277 1005 1328 Cum,
1030 1274 1191 1334 inquit,
1216 1274 1336 1318 venit
1358 1271 1588 1332 plenitudo
1606 1281 1719 1317 tem-

327 1349 455 1408 poris,
484 1349 599 1391 misit
625 1351 737 1391 Deus
766 1346 927 1390 Filium
951 1361 1077 1390 suum
1107 1354 1260 1389 natum
1290 1362 1339 1389 ex
1372 1344 1594 1388 muliere3.
1624 1347 1720 1403 Ipse

324 1422 400 1482 qui
423 1422 649 1465 voluntate
672 1419 808 1463 Patris
830 1433 1004 1463 earnem
1027 1418 1230 1476 suscepit,
1257 1419 1346 1476 ipse
1369 1426 1413 1461 et
1434 1417 1659 1461 voluntate
1676 1425 1720 1461 et

327 1501 544 1550 praecepto
566 1491 699 1549 ipsius
720 1490 766 1532 in
788 1505 969 1548 corpore
987 1498 1265 1533 conversatus
1285 1498 1363 1543 est,
1389 1487 1500 1533 sicut
1521 1490 1612 1548 ipse
1630 1489 1689 1533 ait
1707 1507 1716 1533 ε

325 1581 344 1603 «
374 1561 584 1606 Descendi
614 1561 668 1605 de
696 1561 808 1606 coelo
827 1596 838 1616 ‚
872 1577 963 1606 non
995 1571 1046 1605 ut
1066 1562 1222 1606 faciam
1257 1561 1527 1606 voluntatem
1550 1576 1716 1617 meam,

327 1652 346 1674 »
373 1634 446 1677 sed
478 1632 750 1677 voluntatem
774 1634 865 1693 ejus
887 1634 963 1692 qui
986 1649 1056 1677 me
1075 1634 1234 1677 misit&
1259 1652 1277 1675 η
1303 1637 1398 1693 Ipse
1422 1643 1464 1677 et
1491 1633 1718 1679 voluntate

325 1704 460 1748 Patris
489 1704 664 1762 triginta
694 1719 909 1749 annorum
943 1705 1212 1763 baptizatus,
1243 1720 1348 1749 voce
1371 1714 1414 1748 et
1444 1705 1717 1749 testimonio⁵

324 1776 460 1820 Patris
478 1777 793 1832 manifestatus,
809 1776 1036 1821 voluntate
1051 1786 1093 1820 et
1116 1786 1335 1836 praecepto
1356 1777 1490 1820 Patris
1514 1779 1717 1836 Evange-

322 1845 425 1889 lium
450 1847 572 1906 regni
595 1847 809 1891 coelorum
833 1846 1114 1906 praedicabat,
1138 1847 1252 1891 sicut
1272 1846 1363 1905 ipse
1382 1847 1440 1891 ait
1462 1866 1471 1892 ι
1501 1865 1520 1888 «
1543 1850 1598 1891 Et
1625 1847 1717 1891 aliis

325 1935 344 1957 »
370 1917 616 1962 civitatibus
644 1926 816 1977 oportet
846 1932 916 1961 me
942 1917 1231 1976 Evangelium
1255 1917 1518 1976 praedicare,
1552 1918 1597 1961 in
1633 1918 1716 1962 hoc

324 2006 343 2028 »
370 1988 485 2031 enim
511 1988 664 2031 missus
688 1988 827 2031 sumfi.
850 2005 868 2029 »
900 1990 980 2043 Et,
1022 2006 1040 2029 «
1057 1990 1152 2046 Ipse
1177 1988 1282 2030 mihi
1313 1988 1569 2032 mandatum
1593 1988 1716 2033 dedit

325 2077 343 2099 n
370 2058 478 2118 quid
500 2059 659 2113 dicam,
686 2068 761 2103 aut
778 2058 885 2117 quid
897 2058 1096 2118 loquar⁷.
1119 2078 1137 2099 »
1161 2059 1286 2103 Etsie
1306 2058 1531 2104 voluntate
1554 2070 1715 2118 etprae-

316 2138 444 2188 cepto
473 2130 610 2173 Patris
646 2129 700 2173 ad
732 2130 972 2188 passionem
1002 2138 1045 2172 et
1073 2138 1258 2172 mortem
1294 2130 1570 2188 properavit,
1602 2130 1714 2174 sicut

318 2200 407 2258 ipse
430 2200 489 2243 ait
514 2219 523 2244 2
554 2203 728 2255 «Pater,
746 2209 934 2243 transeat
953 2215 975 2243 a
995 2215 1063 2243 me
1080 2199 1188 2243 calix
1204 2200 1305 2257 iste3
1331 2216 1419 2244 non
1436 2209 1581 2244 tamen
1593 2201 1714 2260 quod

318 2290 337 2311 »
365 2286 444 2328 ego
464 2271 564 2315 volo
582 2306 592 2326 ‚
623 2272 698 2315 sed
721 2271 841 2331 quod
869 2280 917 2315 tu
937 2271 1043 2315 visss.
1061 2288 1080 2310 υ
1114 2273 1169 2315 Et
1194 2271 1401 2330 Apostolo
1431 2281 1645 2316 asserente
1667 2281 1710 2317 et

314 2342 512 2386 dicente:
542 2361 561 2383 «
579 2341 816 2395 Obediens,
844 2341 1008 2400 inquit,
1034 2341 1175 2385 factus
1199 2342 1315 2385 Patri
1340 2359 1478 2401 usque
1507 2342 1561 2386 ad
1590 2358 1708 2387 mor-

365 2464 369 2477 ¹
395 2456 491 2488 llebr.
520 2469 556 2496 ιι,
590 2468 620 2498 7.
637 2472 675 2478 ’-
699 2462 710 2477 2
731 2459 821 2488 Joan.
855 2468 917 2496 xiv,
939 2456 991 2487 28.
1015 2474 1049 2478 —·
1067 2454 1078 2476 3
1105 2456 1173 2487 Gal.
1194 2467 1239 2497 lv,
1262 2455 1292 2496 ά.
1309 2474 1347 2479 --
1366 2455 1381 2485 4
1412 2459 1505 2488 Joan.
1527 2469 1571 2497 vi,
1592 2456 1645 2489 38.
1665 2475 1707 2480 —-

314 2512 326 2534 5
356 2514 431 2544 Luc.
457 2523 508 2552 ιιι,
531 2522 584 2543 21.
599 2511 669 2535 -6
687 2513 733 2544 Id.
757 2523 807 2552 ιν,
828 2510 881 2552 43.
901 2528 942 2535 --
962 2518 975 2545 7
993 2514 1085 2543 Joan.
1118 2522 1174 2553 xii,
1208 2511 1262 2553 239.
1279 2528 1319 2534 -
1334 2510 1349 2534 8
1378 2513 1498 2546 Matth.
1524 2524 1611 2552 xxvi,
1645 2514 1705 2555 39;

315 2570 411 2600 Marc.
430 2579 497 2606 xiv,
517 2567 571 2606 30,
590 2573 618 2598 et
638 2570 713 2600 Luc.
731 2579 808 2606 xxii,
825 2567 879 2609 42.
