1803 3250
331 207 412 245 478
767 217 798 241 a.
836 214 1066 240 mucosum
1100 213 1280 240 zmscom

330 281 476 326 verbo.
503 278 633 331 Quod
654 278 687 321 si
712 276 846 321 Filius
864 278 940 321 Dei
958 292 1032 337 per
1050 278 1133 321 'hoc
1152 277 1271 336 quod
1292 275 1409 320 filius
1426 276 1616 320 hominis
1636 285 1716 331 est,

328 348 562 395 descendet
583 348 638 392 de
657 348 769 392 coelo
803 367 811 392 :
838 363 939 406 ergo
972 364 1047 408 per
1071 350 1152 392 hoc
1175 347 1296 406 quod
1318 347 1515 391 Verbum
1537 355 1624 402 est,
1645 361 1722 406 per

329 425 469 481 ipsum
488 420 671 480 jubetur
693 429 742 463 ut
765 418 1002 465 descendat
1023 417 1230 464 de'coelo.
1254 421 1363 464 Nam
1386 419 1421 462 si
1444 434 1533 463 non
1551 433 1627 478 per
1652 418 1721 477 ip·

329 507 426 536 sum
441 495 566 535 Pater
575 491 721 551 jubet,
743 506 830 535 non
848 506 951 550 ergo
972 494 1095 535 Pater
1111 505 1186 548 per
1204 503 1337 534 suurn
1354 489 1553 533 Verbum
1563 489 1692 549 jubet
1710 506 1719 532 :

331 571 405 606 aut
427 560 547 606 aliud
564 562 643 605 erit
662 561 854 606 Verbum
875 577 950 621 per
971 560 1091 621 quod
1101 561 1309 621 jubeatur
1331 559 1462 604 unico
1477 560 1641 604 Verbo.
1669 561 1726 602 Et

330 632 464 676 miror
499 632 532 675 si
556 633 646 691 jam
680 630 791 676 illud
822 632 999 676 unicum
1032 633 1136 686 erit,
1171 632 1205 675 si
1232 639 1276 675 et
1298 629 1418 674 aliud
1445 629 1541 674 erit.
1576 632 1726 673 Factae

330 712 433 747 sunt
453 701 633 762 quidem
654 703 789 747 Patris
814 704 868 746 ad
892 702 1052 746 Filium
1081 701 1285 761 quaedam
1308 701 1441 744 etiam
1469 699 1726 759 temporali-

331 784 396 818 ter
419 788 544 820 voces
562 809 572 825 ‚
597 774 708 818 sicut
731 773 784 816 de
802 773 920 816 nube
946 771 1092 815 sonuit
1120 790 1128 815 :
1154 790 1174 813 «
1202 774 1268 814 Tu
1290 785 1333 814 es
1355 770 1492 814 Filius
1514 786 1637 814 meus
1660 769 1728 814 di-

337 862 356 884 s»
380 844 518 888 lectus
544 846 554 867 ¹
573 860 584 886 .·
609 862 627 884 »
654 858 742 886 non
762 851 905 886 tamen
927 850 976 886 ut
999 839 1135 886 Filius
1152 840 1404 900 unigenitus
1427 856 1505 900 per
1529 840 1622 885 illas
1642 839 1726 884 ali-

332 914 438 973 quid
471 913 677 970 disceret3
708 913 783 957 sed
816 913 862 956 hi
894 913 1038 971 potius
1065 928 1174 973 quos
1204 912 1265 956 ita
1297 912 1529 972 oportebat
1556 912 1724 956 audire.

333 988 395 1028 Ac
413 1000 489 1043 per
513 985 595 1029 hoc
620 983 750 1027 etiam
777 981 852 1027 ille
874 983 1196 1028 transeuntium
1219 983 1455 1028 verborum
1477 997 1608 1027 sonus
1639 997 1729 1027 non

332 1056 424 1098 sine
445 1054 556 1098 Filio
578 1053 719 1098 factus
742 1063 805 1098 est
825 1053 937 1098 Filio
963 1072 972 1099 ε
993 1053 1191 1114 alioquin
1214 1069 1304 1098 non
1326 1053 1474 1098 omnia
1487 1068 1565 1112 per
1581 1053 1725 1112 ipsum

332 1125 445 1170 facta
467 1135 584 1170 sunt.
613 1125 696 1171 Sed
714 1124 931 1186 numquid
945 1161 956 1181 ‚
980 1141 1082 1170 cum
1094 1125 1326 1186 jubebitur
1343 1134 1396 1169 ut
1416 1124 1654 1169 descendat
1675 1124 1730 1168 de

333 1197 472 1252 coelo⁷
507 1196 668 1241 talibus
701 1198 815 1241 sonis
844 1206 888 1241 et
915 1197 1096 1242 vocibus
1120 1212 1230 1256 opus
1264 1196 1370 1252 erit,
1397 1196 1559 1256 quibus
1591 1194 1730 1240 Filius

333 1277 556 1327 paternam
587 1267 756 1311 noverit
781 1267 1078 1312 voluntatem?
1101 1268 1227 1312 Absit
1252 1268 1336 1312 hoc
1364 1267 1556 1312 credere.
1591 1264 1732 1319 Quid-

333 1338 441 1397 quid
467 1353 568 1396 ergo
591 1337 701 1381 illud
724 1338 806 1382 erit
837 1337 958 1396 quod
988 1338 1084 1381 fieri
1108 1337 1328 1396 oportebit
1350 1337 1405 1381 ad
1429 1337 1615 1392 Filium,
1641 1351 1732 1381 non

334 1408 463 1453 faciet
494 1413 618 1453 Pater
643 1409 722 1452 nisi
750 1424 826 1467 per
854 1409 1060 1452 eumdem
1087 1408 1243 1452 filiurn.
1274 1408 1343 1452 Ad
1368 1408 1511 1466 ipsum
1542 1406 1728 1463 scilicet,

334 1479 437 1538 quia
460 1478 595 1522 Filius
622 1479 808 1522 hominis
834 1487 899 1521 est
923 1487 966 1521 et
987 1477 1128 1522 factus
1151 1487 1216 1522 est
1236 1478 1350 1522 inter
1370 1479 1532 1523 omnia.
1560 1482 1640 1522 Per
1662 1479 1732 1537 ip·-

334 1564 431 1592 sum
454 1558 622 1603 autem,
651 1549 753 1608 quia
776 1548 912 1593 Filius
931 1548 1010 1593 Dei
1028 1558 1092 1593 est
1117 1559 1160 1593 et
1182 1565 1259 1609 per
1279 1549 1405 1594 illum
1424 1550 1536 1593 fiunt
1562 1565 1587 1594 a
1606 1553 1732 1594 Patre

335 1621 496 1664 omnia.
514 1619 573 1665 „Si
597 1629 743 1663 autem
765 1618 885 1679 quod
913 1620 1080 1664 dictum
1105 1629 1168 1664 est
1203 1639 1212 1664 ε
1254 1639 1274 1662 «
1306 1624 1357 1664 In
1383 1621 1505 1679 jussu
1523 1655 1534 1675 ,
1558 1620 1604 1664 in
1625 1635 1733 1665 voce

338 1709 358 1732 »
385 1690 644 1749 Archangeli
657 1694 696 1748 ‘23
715 1709 734 1732 »
756 1691 890 1750 ipsius
903 1691 1167 1750 Archangeli
1175 1692 1346 1751 jussum
1358 1689 1514 1735 volunt
1527 1691 1729 1750 intelligi,

333 1762 445 1806 sicut
466 1760 598 1806 verba
620 1761 711 1821 ipsa
743 1760 949 1806 videntur
973 1776 1127 1806 sonare
1150 1780 1158 1805 :
1191 1760 1301 1822 quid
1323 1762 1382 1805 eis
1404 1770 1556 1815 restat,
1581 1762 1661 1805 nisi
1684 1770 1733 1806 ut

333 1832 510 1891 Angelis
532 1833 662 1878 etiam
694 1833 907 1877 minorem
931 1832 1080 1877 dicant
1101 1832 1383 1892 unigenitum
1406 1832 1595 1888 Filium,
1622 1849 1732 1893 quo-

334 1918 431 1947 rum
448 1904 578 1963 jussis
600 1902 778 1948 obedire
809 1903 1068 1963 perhibetur
1083 1939 1094 1959 ‚
1129 1904 1162 1947 si
1179 1904 1366 1963 jubente
1400 1904 1544 1948 minor
1577 1913 1640 1948 est
1663 1905 1731 1948 cui

328 1973 537 2033 jubetur?
562 1974 768 2028 Quamvis
785 1973 903 2033 quod
929 1973 1099 2018 dictum
1122 1982 1186 2018 est
1212 1992 1221 2018 ε
1251 1991 1271 2015 «
1298 1976 1346 2018 In
1366 1975 1490 2033 jussu
1509 2008 1521 2029 ‚
1552 1975 1596 2018 in
1627 1980 1733 2019 voce

337 2062 356 2086 »
372 2043 655 2102 Archangeli:
671 2063 690 2085 »
708 2043 981 2102 possitetiam
993 2044 1052 2088 sic
1065 2043 1266 2103 intelligi,
1284 2053 1334 2088 ut
1346 2044 1437 2103 ipsa
1450 2059 1532 2088 vox
1542 2045 1734 2090 Archan-

333 2114 417 2172 geli
435 2115 559 2174 jussu
580 2115 656 2158 Dei
673 2114 766 2158 fieri
788 2113 1041 2174 accipiatur,
1067 2113 1112 2158 id
1135 2123 1214 2170 est,
1240 2123 1290 2158 ut
1309 2114 1506 2173 Angelus
1529 2116 1606 2175 qui
1625 2116 1732 2160 tuba

334 2184 411 2228 Dei
435 2199 526 2229 esse
546 2183 857 2244 intelligendus
886 2194 972 2240 est,
999 2200 1023 2230 a
1045 2185 1234 2229 Domino
1266 2188 1357 2230 Deo
1372 2185 1584 2245 jubeatur
1604 2187 1733 2230 emit-

334 2263 425 2299 tere
439 2270 591 2301 vocem
608 2270 749 2309 suam,
768 2254 889 2315 quod
903 2254 1099 2300 inferiori
1117 2265 1330 2300 creaturae
1344 2257 1633 2301 necessarium
1651 2257 1730 2300 erit

335 2324 512 2381 audire,
537 2341 638 2370 cum
661 2325 798 2370 Filius
822 2326 899 2370 Dei
921 2325 1154 2371 descendet
1172 2327 1226 2371 de
1252 2326 1382 2372 coelo.
1407 2330 1505 2387 Ipsa
1528 2337 1593 2372 est
1612 2328 1730 2371 enim

271 2433 274 2437 ,
332 2396 439 2441 tuba
460 2397 515 2441 de
536 2413 624 2458 qua
640 2397 748 2442 dicit
765 2396 850 2442 alio
872 2398 971 2443 loco
992 2416 1002 2444 2
1029 2416 1051 2441 «
1070 2399 1212 2444 Canet
1224 2400 1340 2443 enim
1356 2399 1536 2454 tuba‚et
1565 2400 1731 2443 mortui

338 2485 359 2508 n
384 2476 609 2527 resurgent
631 2468 876 2528 incorrupti
897 2469 929 2512 3.
955 2487 975 2511 »

385 2557 393 2574 ¹
413 2551 529 2591 Matth.
552 2563 598 2595 iu,
620 2562 658 2595 17
674 2562 685 2593 ;
702 2554 802 2587 Marc.
829 2563 852 2592 1,
876 2562 928 2586 ιι.
943 2558 1011 2576 -2
1033 2563 1047 2586 1
1066 2551 1173 2586 Thess.
1192 2563 1236 2595 iv,
1256 2552 1308 2587 15.
1326 2551 1391 2578 —3
1413 2563 1426 2586 1
1447 2555 1522 2588 Cor.
1541 2564 1597 2595 xv,
1617 2554 1669 2588 52.
