1803 3250
329 223 413 261 332
766 232 799 259 s.
836 231 1068 260 Ancus-nm
1103 234 1283 262 zmscom

327 300 442 359 peri,
470 298 710 340 detestatur
741 300 880 342 Deum
905 298 1056 343 mundi
1081 297 1386 345 fabricatorem
1410 320 1418 346 z
1445 317 1546 346 cum
1571 305 1713 349 Mani-

325 369 456 423 chaei,
502 369 698 428 quamvis
734 368 897 414 librum
937 372 1151 416 Geneseos
1176 387 1265 416 non
1295 372 1509 432 accipiant
1529 409 1539 429 ,
1586 385 1716 435 atque

328 439 652 498 blasphement,
676 442 813 484 Deum
838 450 983 485 tamen
1018 443 1185 487 bonum
1215 441 1445 488 fabricasse
1469 445 1712 502 mundum,

322 511 398 554 etsi
433 526 482 554 ex
511 509 647 555 aliena
682 521 835 558 natura
874 522 1006 573 atque
1041 514 1248 570 materia,
1288 515 1597 559 confiteantur.
1628 516 1712 562 Sed

322 597 573 642 quanquam
592 598 680 627 non
701 583 805 627 mihi
829 585 1104 643 apparuerit,
1130 586 1253 645 cujus
1276 594 1403 630 sectae
1427 586 1481 630 sit
1498 586 1576 631 iste
1597 586 1715 632 blas-

322 654 506 713 phemus
525 689 534 709 ‚
560 652 839 699 defendenda
858 665 922 699 est
939 655 1144 700 adversus
1163 658 1255 715 ejus
1277 656 1471 716 linguam
1497 652 1716 717 Scriptura

322 723 468 768 divina
488 760 498 779 ‚
539 741 670 784 quam
710 726 932 769 maledicis
967 725 1338 784 disputationibus
1374 728 1624 772 insectatur.
1661 732 1717 774 Et

322 795 530 856 quoniam
548 811 728 856 quoquo
744 795 875 840 modo
897 796 1184 840 christianum
1207 812 1251 841 se
1267 797 1406 842 videri
1423 799 1545 858 cupit
1560 834 1570 854 ,
1597 799 1716 844 unde

321 876 436 910 etex
456 866 693 925 Evangelio
716 875 758 910 et
787 882 838 911 ex
868 866 1078 925 Apostolo
1107 868 1232 926 ponit
1265 867 1409 928 aliqua
1443 870 1713 929 testimonia;

320 939 450 981 etiam
481 938 711 997 Scripturis
745 936 800 982 ad
831 940 1003 983 Novum
1035 941 1360 984 Testamentum
1395 941 1716 999 pertinentibus

320 1007 584 1053 refellendus
608 1018 670 1053 est
693 1028 701 1054 2
728 1018 776 1054 ut
799 1008 1055 1054 ostendatur
1087 1010 1133 1053 in
1156 1010 1492 1069 reprehensione
1519 1021 1714 1057 veterum

322 1080 713 1125 inconsiderantius
730 1096 862 1141 quam
882 1081 1096 1125 versutius
1113 1080 1318 1125 insanire.

382 1155 439 1196 ΙΙ.
475 1156 537 1197 Ac
566 1153 753 1212 primum
771 1188 781 1208 ‚
818 1153 940 1213 quod
973 1153 1070 1213 pius
1097 1162 1269 1212 poterat
1301 1152 1500 1212 religioso
1522 1189 1533 1209 ,
1558 1154 1717 1214 quaerit

320 1225 399 1269 istc
422 1224 579 1284 impius
602 1239 675 1269 ore
697 1223 922 1284 sacrilego,
946 1225 1172 1284 quomodo
1187 1224 1494 1284 accipiendum
1516 1225 1570 1269 sit
1596 1225 1717 1285 quod

320 1297 530 1356 scriptum
543 1305 606 1340 est
626 1315 633 1341 :
657 1315 675 1338 «
700 1299 750 1340 In
766 1296 978 1356 principio
992 1295 1096 1341 fecit
1109 1299 1221 1341 Deus
1237 1296 1401 1341 coelum
1419 1306 1462 1341 et
1478 1306 1633 1341 terram
1651 1300 1678 1342 ¹:
1695 1315 1715 1338 »

322 1384 577 1429 quanquam
601 1384 691 1413 non
707 1367 924 1413 addiderit
943 1387 963 1410 ι(
981 1377 1158 1424 terram,
1173 1385 1193 1409 >›
1220 1367 1274 1411 de
1290 1384 1375 1428 qua
1389 1376 1486 1427 post
1503 1368 1714 1429 loquitur.

323 1442 488 1494 Quaerit
512 1456 612 1499 ergo
634 1456 721 1501 quo
743 1441 979 1500 principio,
1012 1442 1188 1501 ejus-ne
1222 1455 1310 1500 quo
1341 1440 1458 1484 idem
1482 1443 1597 1485 Deus
1628 1455 1718 1485 esse

323 1512 482 1572 coepit,
509 1527 563 1556 an
586 1527 636 1555 ex
654 1526 706 1556 eo
730 1526 819 1571 quo
842 1510 966 1554 illum
990 1526 1078 1555 esse
1103 1526 1292 1555 vacuum
1318 1510 1473 1556 taeduit
1494 1513 1511 1553 ‘3
1533 1512 1604 1556 cui
1628 1527 1718 1556 res-

322 1584 561 1644 pondetur,
588 1584 690 1644 quia
714 1598 793 1627 nec
812 1586 925 1627 Deus
943 1598 1033 1627 esse
1055 1583 1214 1643 coepit,
1245 1598 1326 1628 nec
1353 1599 1453 1628 eum
1483 1585 1721 1630 vacationis

324 1672 414 1700 suae
439 1654 618 1714 taeduit3
643 1656 717 1715 qui
737 1671 880 1716 neque
903 1654 1140 1716 aliquando
1162 1671 1251 1700 non
1272 1655 1379 1712 fuit,
1405 1671 1486 1701 nec
1515 1655 1720 1702 cessando

325 1729 503 1788 torpuit,
530 1744 609 1772 nec
632 1727 855 1787 operando
881 1727 1096 1773 laboravit
1117 1747 1126 1773 ε
1151 1743 1231 1772 nec
1258 1727 1350 1772 sine
1373 1727 1487 1773 coelo
1510 1728 1620 1773 sedis
1648 1729 1720 1773 in-

322 1799 486 1858 diguit,
519 1815 599 1844 nec
629 1799 744 1844 facto
777 1797 891 1843 coelo
923 1798 1070 1843 sedem
1100 1808 1310 1859 tanquam
1337 1799 1470 1843 finitis
1501 1800 1720 1845 erroribus

324 1871 576 1931 peregrinus
598 1869 779 1914 invenit.
809 1873 968 1914 Potens
988 1879 1052 1914 est
1073 1870 1190 1913 enim
1216 1869 1460 1914 beatissime
1477 1885 1653 1914 manere
1674 1871 1720 1915 in

321 1945 575 2002 semetipso,
601 1942 765 2001 templo
788 1950 936 1986 autern
967 1956 1045 1986 suo
1067 1939 1189 2001 quod
1212 1950 1314 1985 sunt
1340 1956 1489 1985 omnes
1520 1942 1655 1986 sancti
1676 1951 1719 1986 et

323 2014 478 2073 Angeli
494 2050 504 2069 ,
531 2023 573 2058 et
597 2014 811 2068 homines,
837 2014 896 2058 sic
927 2013 1138 2072 impertiri
1160 2012 1475 2056 habitationem
1498 2028 1620 2057 suam
1637 2049 1647 2068 ‚
1669 2023 1717 2058 ut

323 2085 384 2129 illi
402 2101 450 2129 ex
472 2087 565 2144 ipso
581 2085 771 2129 habeant
787 2083 873 2129 tale
896 2084 1064 2129 bonum
1083 2100 1172 2145 quo
1191 2084 1307 2128 beati
1322 2099 1411 2148 esse
1426 2085 1608 2145 possint,
1629 2100 1719 2130 non

324 2173 373 2201 cx
397 2158 456 2201 eis
475 2156 548 2201 ille
570 2156 702 2201 talem
724 2155 906 2201 domum
929 2156 1021 2201 sine
1049 2172 1135 2216 qua
1162 2156 1314 2200 beatus
1338 2171 1428 2201 esse
1455 2172 1545 2201 non
1566 2158 1716 2216 possit.

325 2232 413 2272 Aut
438 2243 539 2286 ergo
571 2228 630 2272 sic
658 2226 995 2287 intelligendum
1029 2236 1092 2271 est
1121 2225 1241 2287 quod
1263 2227 1474 2286 scriptum
1497 2236 1560 2271 est
1587 2246 1596 2271 :
1631 2246 1649 2269 «
1669 2230 1721 2271 In

324 2300 538 2359 principio
560 2299 664 2344 fecit
687 2302 802 2344 Deus
825 2299 987 2343 coelum
1004 2307 1045 2342 et
1064 2308 1247 2352 terram,
1272 2315 1290 2338 n
1317 2306 1367 2341 ut
1384 2298 1649 2358 principium,
1666 2298 1720 2343 sit

325 2386 374 2415 ex
397 2387 485 2431 quo
507 2387 597 2416 esse
618 2381 871 2431 coepe1·unt;
908 2386 998 2415 non
1026 2370 1142 2414 enim
1175 2373 1265 2414 Deo
1299 2379 1516 2414 coaeterna
1551 2385 1721 2430 semper

326 2444 531 2497 fuerunt,
552 2443 627 2488 sed
646 2443 759 2488 facta
780 2443 954 2487 initium
977 2457 1027 2486 ex
1050 2457 1139 2501 quo
1162 2456 1251 2486 esse
1275 2441 1517 2501 inciperent
1540 2457 1722 2502 accepe-

327 2523 429 2558 runt
451 2534 460 2558 :
488 2523 562 2558 aut
584 2523 699 2560 certe
721 2515 823 2575 quia
845 2514 891 2559 in
908 2513 1122 2574 principio
1140 2512 1223 2557 sibi
1241 2521 1461 2559 coaeterno
1484 2511 1588 2558 fecit
1607 2515 1721 2557 Deus

376 2608 384 2624 ¹
407 2603 487 2634 Gen.
511 2612 534 2641 ι,
563 2612 592 2634 1.
