1803 3250
431 219 595 249 CONTRA
629 219 844 256 ῈΑυετυΜ,
880 219 962 245 Lm.
1000 220 1141 247 xxxu.
1392 209 1469 247 171

91 307 111 330 »
139 287 315 343 meniac,
342 296 416 331 aut
435 286 732 340 sabbatorum,
759 284 879 344 quod
894 293 957 328 est
975 285 1130 329 umbra
1151 282 1471 330 futurorum¹.»

90 361 154 402 lta
175 357 339 417 quippe
352 365 395 400 et
416 372 494 400 cur
515 371 562 399 ea
581 354 667 413 legi
680 362 810 413 atque
829 353 964 412 accipi
984 363 1182 413 oporteat
1202 355 1407 410 ostendit,
1432 355 1475 400 id

86 436 166 483 est,
188 443 242 471 ne
259 426 533 487 prophetiam
551 426 869 482 extinguamus,
891 424 993 483 quia
1011 424 1056 468 in
1078 425 1232 469 umbra
1246 424 1357 470 facta
1375 435 1477 471 sunt

85 498 336 544 futurorum
349 519 360 556 3
380 506 422 542 et
432 511 586 541 curare
597 511 676 540 nos
691 511 780 540 non
797 495 958 539 debere
972 511 1044 540 eos
1058 497 1132 556 qui
1149 511 1227 540 nos
1240 497 1342 542 hinc
1356 497 1476 557 judi-

83 585 182 616 care
188 569 421 624 voluerint,
432 567 554 628 quod
562 566 844 627 corporaliter
850 567 940 627 jam
950 582 1039 611 non
1050 567 1327 611 observemus
1342 587 1351 613 ε
1366 570 1477 615 sicut

84 642 187 687 alibi
216 640 305 687 tale
335 638 548 702 quiddam
579 639 713 684 dixit:
744 657 763 680 «
785 640 889 683 Haec
926 639 972 682 in
1002 639 1141 697 figura
1163 639 1476 698 contingebant

85 731 105 754 »
129 711 236 766 illis,
261 711 420 770 scripta
442 719 545 754 sunt
566 718 712 754 autem
729 718 907 769 propter
924 709 1245 769 correptionem
1264 718 1473 765 nostram,

83 802 104 825 »
129 784 174 827 in
195 798 305 844 quos
327 782 424 827 finis
446 781 708 826 saeculorum
736 781 958 826 obvenit2.
981 800 1000 822 »
1027 782 1142 826 Cum
1165 795 1269 840 ergo
1293 780 1378 825 tale
1401 782 1478 826 ali-

79 852 185 915 quid
207 853 368 914 legitur
392 854 438 897 in
461 854 753 899 instrumento
774 854 942 898 Veteris
974 854 1267 909 Testamenti,
1293 853 1424 915 quale
1454 871 1477 900 a

78 924 204 970 nobis
215 924 434 970 observari
446 923 514 970 vel
529 925 698 984 jussum
719 940 809 969 non
821 933 885 969 est
898 924 944 968 in
958 926 1081 970 Novo
1097 926 1390 980 Testamento‚
1406 926 1475 970 vel

76 998 207 1042 etiam
224 997 495 1058 prohibitum
507 1032 518 1053 ‚
540 996 649 1058 quid
667 996 878 1055 significet
898 994 1186 1056 quaerendum
1199 1004 1284 1051 est,
1303 1011 1391 1041 non
1406 1012 1477 1040 re-

76 1067 440 1128 prehendendum
463 1087 472 1111 z
496 1068 599 1127 quia
635 1082 687 1111 eo
709 1067 802 1126 ipso
820 1102 830 1121 ‚
856 1081 945 1126 quo
968 1068 1057 1126 jam
1083 1081 1172 1110 non
1195 1067 1472 1124 observatur,

74 1155 165 1184 non
187 1138 462 1194 damnatum,
488 1136 564 1181 sed
594 1136 823 1197 impletum
849 1138 1061 1196 probatur
1083 1156 1092 1182 ε
1116 1136 1234 1182 unde
1253 1139 1408 1194 multa,
1433 1148 1475 1183 et

75 1225 188 1270 saepe
203 1210 295 1270 jam
316 1207 503 1253 dixmus.

133 1282 192 1324 X.
227 1278 360 1324 Velut
387 1279 470 1323 hoc
487 1278 632 1338 ipsum
654 1276 775 1337 quod
797 1277 931 1323 modo
953 1293 1042 1323 non
1064 1277 1311 1338 intelligens
1333 1282 1471 1325 Faus-

77 1360 146 1396 tus
177 1351 394 1395 mandatis
427 1349 594 1394 Veteris
632 1350 898 1394 Testamenti
930 1364 1009 1408 pro
1044 1349 1226 1393 crimine
1267 1350 1470 1413 obiecitss,

70 1421 192 1484 quod
209 1436 388 1466 uxorem
403 1420 549 1465 fratris
565 1418 620 1465 ad
634 1420 718 1465 hoc
742 1420 875 1465 frater
883 1422 1027 1481 jussus
1039 1430 1102 1465 est
1119 1420 1296 1477 ducere,
1314 1430 1365 1466 ut
1382 1438 1469 1469 non

71 1493 151 1538 sibi
167 1529 179 1550 ‚
205 1492 282 1538 sed
302 1492 364 1537 illi
378 1491 572 1537 sobolem
595 1493 823 1537 suscitaret
839 1527 850 1548 ,
871 1494 1052 1554 ejusque
1068 1503 1243 1538 vocaret
1260 1495 1437 1540 nomine
1456 1531 1468 1551 ‚

70 1565 191 1626 quod
215 1563 319 1609 inde
339 1573 590 1608 nasceretur
604 1598 615 1619 ‚
639 1562 749 1624 quid
772 1563 892 1608 aliud
910 1564 955 1608 in
973 1565 1111 1623 figura
1133 1576 1467 1624 praemonstrat,

71 1635 152 1680 nisi
172 1634 275 1695 quia
303 1634 606 1694 unusquisque
634 1632 860 1692 Evangelii
892 1634 1151 1694 praedicator
1181 1637 1238 1680 ita
1270 1636 1403 1682 debet
1424 1637 1468 1681 in

71 1705 263 1751 Ecclesia
290 1703 516 1760 laborare,
550 1713 602 1748 ut
631 1704 843 1750 defuncto
878 1703 1028 1761 fratri,
1062 1706 1145 1751 hoc
1174 1715 1238 1751 est
1267 1708 1465 1764 Christo,

69 1778 247 1823 suscitet
268 1791 439 1832 semen,
463 1776 542 1836 qui
563 1791 643 1835 pro
660 1776 786 1821 nobis
805 1786 1003 1821 mortuus
1021 1785 1085 1821 est
1101 1794 1112 1828 ;
1134 1786 1178 1822 et
1195 1778 1316 1838 quod
1330 1780 1467 1824 susci-

68 1858 210 1895 tatum
231 1847 366 1892 fuerit
380 1883 392 1903 ,
418 1849 511 1908 ejus
533 1862 695 1892 nomen
720 1848 933 1908 accipiat?
955 1849 1154 1909 Denique
1179 1850 1262 1895 hoc
1283 1851 1467 1911 implens

66 1919 301 1980 Apostolus
315 1955 326 1975 ‚
351 1935 442 1964 non
459 1920 550 1980 jam
573 1920 804 1965 carnaliter
827 1921 872 1964 in
888 1921 1108 1981 praemissa
1128 1922 1461 1981 significatione,

65 1992 142 2036 sed
164 1990 413 2051 spiritaliter
433 1991 478 2035 in
495 1991 712 2051 completa
732 1992 939 2048 veritate,
971 2009 1080 2053 quos
1099 1993 1144 2038 in
1167 1994 1343 2040 Christo
1360 1997 1461 2041 Jesu

66 2079 143 2123 per
160 2061 449 2122 Evangelium
466 2078 510 2107 se
533 2063 731 2122 genuisse
752 2074 1089 2121 commemorat,
1111 2076 1336 2112 succenset
1354 2068 1412 2111 eis
1428 2069 1461 2123 ⁴,

64 2144 109 2181 et
132 2150 204 2180 eos
224 2135 454 2195 increpans
475 2135 674 2195 corrigit,
699 2135 894 2181 volentes
914 2151 1005 2181 esse
1028 2136 1152 2183 Pauli
1175 2157 1183 2183 :
1209 2138 1462 2199 «Numquid

67 2226 90 2250 »
116 2206 302 2263 Paulus,
330 2207 475 2268 inquit
488 2242 499 2261 ‚
523 2222 605 2266 pro
621 2208 744 2253 vobis
761 2208 994 2253 crucifixus
1011 2217 1102 2265 est,
1129 2218 1205 2254 aut
1220 2210 1267 2254 in
1282 2210 1462 2255 nomine

65 2297 85 2319 »
110 2276 235 2321 Pauli
273 2277 480 2336 baptizati
517 2278 616 2322 estis
632 2279 647 2304 ⁵
664 2280 683 2323 Ρ
699 2297 720 2320 »
758 2281 985 2340 Tanquam
1018 2279 1209 2336 diceret,
1248 2280 1461 2327 defuncto

60 2348 184 2393 fratri
203 2363 280 2393 vos
302 2349 459 2407 genui,
491 2350 724 2395 Christiani
745 2351 989 2406 vocamini,
1021 2366 1112 2396 non
1148 2351 1365 2397 Pauliani.
1401 2356 1459 2398 A't

59 2434 164 2464 vero
195 2420 272 2480 qui
300 2418 463 2464 electus
494 2419 550 2464 ab
582 2421 773 2467 Ecclesia
806 2422 1094 2467 ministerium
1131 2422 1456 2483 evangelizandi

105 2509 224 2543 Coloss.
243 2522 278 2553 u,
308 2511 412 2545 16.-
430 2517 442 2535 ²
464 2522 478 2545 1
497 2513 572 2546 Cor·
592 2523 626 2555 x,
651 2524 702 2547 11.
720 2531 761 2538 --
777 2512 790 2538 3
811 2517 906 2548 Deut.
926 2524 1006 2556 xxv,
1030 2514 1063 2548 5.
1078 2515 1150 2543 -4
1174 2517 1247 2550 Cor.
1263 2526 1311 2558 iv,
1343 2516 1394 2548 15.
1409 2532 1449 2538 —

63 2564 78 2589 ⁵
98 2566 146 2599 ld.
167 2577 190 2608 1,
222 2566 273 2599 13.
