1803 3250
446 195 609 226 CONTRA
644 194 857 233 FAUSTUM,
894 197 975 223 LIB·
1013 198 1133 224 xxiv.
1397 188 1477 226 125

99 280 118 302 »
146 270 237 306 tute
253 281 260 306 :
278 262 514 308 seminatur
528 277 683 322 corpus
698 260 897 316 animale,
913 272 1225 323 surgetcorpus
1238 262 1474 323 spiritale.»

93 335 239 392 Atque
267 333 369 378 inde
391 334 540 379 volens
562 332 787 378 ostendere
810 332 1021 391 originem
1041 335 1232 394 corporis
1254 333 1449 379 animalis
1467 355 1476 379 :

98 421 118 443 «
144 402 188 448 Si
214 412 303 458 est,
340 404 508 464 inquit,
544 418 700 463 corpus
728 401 913 446 animale
930 437 941 457 ,
976 413 1039 447 est
1060 413 1104 448 et
1125 405 1314 463 spiritale
1333 440 1344 460 ‚
1370 406 1482 450 sicut

95 491 116 515 »
140 474 348 534 scriptum
371 484 433 519 est
452 494 461 520 ε
482 477 642 520 Factus
665 483 728 519 est
750 474 912 534 primus
931 475 1062 519 homo
1080 476 1221 519 Adam
1236 477 1279 519 in
1293 477 1480 521 animam

96 562 115 585 »
142 545 441 590 viventem1.»
474 547 568 591 Hoc
597 555 744 590 autem
772 545 818 588 in
849 546 1004 590 Genesi
1035 546 1244 604 scriptum
1281 556 1369 602 est,
1406 548 1482 592 ubi

92 625 308 671 narratur,
333 616 556 677 quomodo
568 619 683 661 Deus
702 616 927 660 hominem
943 614 1108 671 fecerit,
1132 625 1174 659 et
1192 632 1348 676 corpus
1362 619 1482 676 quod

92 686 146 730 de
166 696 278 732 terra
294 686 554 733 formaverat
568 688 863 732 animaveriffl.
882 689 1084 732 Veterem
1099 697 1244 732 autem
1259 688 1483 733 hominem

90 757 200 802 nihil
221 758 341 804 aliud
363 759 597 819 Apostolus
618 775 751 820 quam
776 760 908 804 vitam
931 768 1124 804 veterem
1153 758 1281 814 dicit,
1315 774 1414 819 quae
1438 761 1483 804 in

90 839 270 890 peccato
291 840 371 886 est,
395 831 442 876 in
464 848 553 893 quo
571 830 815 877 secundum
838 830 977 875 Adam
1002 831 1159 875 vivitur
1190 850 1198 876 :
1227 830 1281 875 de
1302 847 1392 892 quo
1414 831 1483 875 di-

90 901 149 946 cit
168 921 176 946 ;
206 920 226 945 «
248 905 328 946 Per
349 918 489 947 unum
513 903 734 948 hominem
752 911 981 962 peccatum
994 902 1172 947 intravit
1185 903 1230 946 in
1247 902 1480 959 mundum,

93 990 113 1013 »
139 980 181 1017 et
204 988 280 1032 per
301 983 531 1033 peccatum
552 990 669 1019 mors
689 993 698 1019 z
715 974 828 1018 etita
841 973 887 1017 in
903 989 1054 1018 omnes
1072 973 1270 1019 homines
1285 983 1482 1034 pertran-

93 1060 114 1084 »
139 1042 261 1098 sivit,
303 1043 349 1087 in
387 1060 476 1104 quo
513 1060 665 1088 omnes
704 1045 1037 1103 peccaverunt&
1061 1063 1079 1085 »
1114 1047 1230 1102 Ergo
1265 1054 1382 1090 totus
1410 1044 1483 1090 ille

90 1112 238 1168 homo,
263 1112 308 1156 id
331 1122 410 1168 est,
437 1123 480 1157 et
500 1113 706 1158 interiore
730 1122 773 1157 et
794 1114 1004 1158 exteriore
1021 1114 1087 1157 sui
1110 1124 1249 1173 parte,
1269 1115 1484 1160 invetera-

89 1183 152 1229 vit
174 1192 353 1243 propter
373 1193 620 1244 peccatum,
641 1193 684 1228 et
706 1199 851 1243 poenae
874 1183 1146 1230 mortalitatis
1165 1185 1365 1230 addictus
1385 1195 1449 1231 est
1471 1205 1480 1232 z

89 1263 325 1300 renovatur
346 1264 493 1300 autem
525 1270 644 1299 nunc
675 1253 919 1299 secundum
947 1255 1198 1300 interiorem
1227 1257 1477 1313 hominem,

89 1324 167 1369 ubi
187 1324 429 1370 secundum
447 1324 514 1369 sui
530 1324 747 1371 Creatoris
764 1324 998 1383 imaginem
1020 1324 1300 1382 reformatur,
1322 1342 1482 1371 exuens

88 1412 133 1441 se
153 1397 425 1458 injustitiam,
442 1398 526 1443 hoc
539 1406 618 1452 est,
636 1406 828 1442 veterem
842 1397 1068 1441 hominem
1086 1418 1097 1455 ς
1122 1407 1166 1442 et
1188 1397 1374 1443 induens
1386 1400 1482 1460 jus-

90 1466 244 1524 titiam,
270 1468 354 1513 hoc
376 1477 455 1523 θεῖ,
480 1483 644 1513 novum
666 1467 906 1511 hominem.
926 1469 1048 1512 Tunc
1064 1477 1211 1513 autem
1228 1483 1329 1513 cum
1344 1484 1481 1514 resur·

90 1547 162 1598 get
202 1554 360 1599 corpus
398 1539 588 1599 spiritale
604 1574 615 1594 ‚
664 1537 786 1600 quod
827 1538 1065 1583 seminatur
1098 1539 1306 1595 animale,
1348 1542 1478 1586 etiam

89 1612 272 1657 exterior
315 1612 525 1671 percipiet
553 1610 741 1655 coelestis
780 1610 1052 1655 habitudinis
1090 1610 1346 1669 dignitatem
1384 1632 1392 1658 z
1433 1622 1482 1658 ut

89 1691 232 1727 totum
269 1683 391 1744 quod
433 1692 629 1728 creatum
673 1691 734 1726 est
754 1717 765 1737 ,
812 1692 1030 1743 recreetur
1051 1703 1062 1740 3
1107 1692 1150 1727 et
1186 1692 1328 1728 totum
1359 1684 1480 1744 quod

88 1753 255 1799 factum
277 1763 342 1799 est
375 1755 619 1809 reficiatur,
655 1752 730 1798 illo
758 1763 979 1798 recreante
1008 1754 1085 1814 qui
1118 1755 1309 1810 creavit,
1348 1764 1391 1800 et
1412 1772 1480 1801 re-

90 1825 262 1870 ficiente
299 1825 377 1886 qui
413 1825 533 1870 fecit.
585 1824 715 1878 Quod
757 1824 950 1869 breviter
992 1824 1178 1884 explicat
1205 1861 1216 1881 ,
1268 1827 1345 1870 ubi
1379 1828 1438 1872 ait
1467 1846 1476 1873 :

94 1915 112 1936 «
137 1898 306 1957 Corpus
326 1896 504 1958 quidem
520 1905 744 1941 mortuum
759 1904 824 1940 est
841 1904 1019 1956 propter
1036 1906 1282 1955 peccatum,
1303 1898 1480 1958 spiritus

91 1984 113 2008 »
139 1977 286 2012 autem
301 1969 390 2013 vita
413 1976 476 2013 est
496 1976 674 2027 propter
689 1966 917 2028 justitiam.
944 1967 987 2012 Si
1010 1976 1154 2012 autem
1180 1968 1364 2028 Spiritus
1386 1971 1479 2030 ejus

91 2055 111 2079 »
137 2038 215 2099 qui
246 2039 465 2084 suscitavit
499 2041 649 2083 Jesum
679 2054 703 2082 a
735 2037 918 2082 mortuis
946 2037 1116 2082 habitat
1145 2038 1191 2082 in
1223 2039 1376 2095 vobis,
1403 2041 1479 2100 qui

90 2125 111 2150 »
135 2109 359 2154 suscitavit
379 2109 602 2155 Christum
624 2125 647 2153 a
664 2108 846 2153 mortuis
859 2107 1096 2152 vivificabit
1109 2117 1152 2153 et
1162 2109 1361 2155 mortalia
1379 2126 1478 2156 cor-

89 2199 110 2222 »
135 2196 241 2240 pora
257 2190 398 2226 vestra
420 2196 496 2241 per
514 2181 835 2225 inhabitantem
859 2180 1067 2240 Spiritum
1091 2181 1183 2240 ejus
1204 2181 1251 2225 in
1270 2182 1437 2228 vobis4.
1453 2202 1473 2225 »

87 2254 196 2298 Nam
219 2252 315 2312 quis
337 2251 548 2296 catholica
563 2252 744 2296 veritate
765 2251 1002 2295 instructus
1016 2251 1189 2309 ignorat
1203 2287 1213 2307 ‚
1234 2252 1478 2299 secundum

87 2338 245 2383 corpus
267 2338 357 2369 esse
379 2323 482 2368 alios
506 2323 704 2368 homines
727 2321 941 2368 masculos
956 2357 967 2372 ,
1001 2321 1105 2366 alios
1128 2322 1355 2382 foeminas,
1386 2342 1477 2371 non

88 2395 327 2439 secundum
353 2394 551 2453 spiritum
571 2394 743 2449 mentis,
770 2394 814 2437 in
840 2409 929 2453 quo
951 2408 1214 2439 renovamur
1234 2397 1476 2442 secundum

88 2465 320 2525 imaginem
338 2466 448 2510 Dei?
472 2468 783 2510 Verumtamen
811 2464 912 2525 quia
935 2472 1174 2525 utrumque
1204 2469 1318 2513 Deus
1346 2468 1471 2524 fecit,

136 2561 146 2576 ¹
168 2565 179 2587 1
200 2555 271 2586 Cor.
295 2564 350 2595 ιιι,
369 2552 490 2595 [43-45.
507 2569 548 2576 —
564 2560 576 2575 ²
599 2555 679 2587 Gen.
702 2563 737 2595 n,
758 2564 789 2595 7.
806 2569 847 2576 —
862 2551 875 2576 3
898 2556 989 2586 Rom.
1010 2563 1041 2594 v,
1064 2562 1113 2587 12.
1130 2553 1264 2588 —41d.
1289 2565 1356 2593 vui,
1379 2566 1427 2588 10.
