1803 3250
415 257 576 285 CONTRA
609 257 842 285 SERMONEM
874 255 1143 286 ΑΜΑΝοῙωΜ.
1388 247 1468 288 491

92 335 163 365 me
185 321 397 379 audierit3
417 322 510 377 sed,
534 337 825 382 quaecumque
847 321 1030 367 audierit
1049 322 1268 383 loquetur.
1287 325 1377 369 Cur
1398 340 1475 369 au-

90 400 178 435 tem
200 391 364 435 dictum
404 392 485 446 sit,
524 392 653 451 paulo
681 400 780 435 ante
809 392 893 450 jam
929 392 1084 437 claruit
1113 409 1161 437 ex
1190 394 1320 452 ipsius
1341 410 1474 454 quam

89 462 422 506 commemoravi
454 463 624 506 Domini
656 461 933 518 expositione,
965 463 1042 506 ubi
1063 464 1123 508 ait
1153 483 1160 508 :
1191 465 1347 508 Omnia
1372 480 1472 524 quae

89 531 223 575 habet
239 535 364 575 Pater
378 547 473 576 mea
488 541 604 583 sunt,
624 540 851 591 propterea
872 531 958 575 dixi
981 549 988 573 :
1017 552 1031 572 «
1048 536 1110 577 De
1128 549 1225 578 meo
1243 535 1467 594 accipiet.»

89 600 366 645 Undeautem
376 601 573 659 accipiet,
596 601 698 644 inde
716 610 777 644 est
793 601 945 659 procul
961 601 1096 647 dubio
1110 603 1229 662 quod
1246 603 1468 664 loquetur3

86 671 188 729 quia
209 671 310 714 inde
332 669 480 725 audit,
516 671 634 714 unde
655 669 866 729 procedit.
895 671 982 715 Scit
1005 673 1119 716 enim
1144 674 1220 716 Dei
1248 675 1465 729 Verbum,

86 740 365 799 procedendo
390 741 490 784 inde
512 739 630 785 unde
647 742 838 785 nascitur
865 741 1086 797 Verbum,
1119 743 1178 786 ita
1201 753 1249 787 ut
1272 745 1325 788 sit
1347 759 1469 788 eom-

86 809 276 854 muniter
300 810 484 869 Spiritus
506 819 549 854 et
569 811 705 855 Patris
723 820 765 854 et
787 810 933 854 Verbi.

142 882 231 925 Nec
254 889 426 924 moveat
448 880 569 940 quod
586 879 723 924 futuri
738 881 944 938 temporis
961 879 1143 924 verbum
1162 889 1242 935 est,
1262 881 1466 940 accipiet,

84 950 206 1010 quasi
241 949 439 994 nondum
473 951 668 995 haberet.
717 950 1023 995 Indifferenter
1053 952 1215 1010 quippe
1261 951 1469 996 dicuntur

83 1019 288 1078 temporis
308 1020 439 1064 verba
456 1055 466 1073 ‚
498 1022 694 1080 quamvis
715 1021 806 1065 sine
828 1029 1024 1080 tempore
1052 1036 1227 1065 manere
1248 1020 1466 1080 intelliga-

84 1099 157 1134 tur
177 1090 407 1133 aeternitas.
434 1092 543 1136 Nam
565 1100 608 1134 et
630 1092 822 1150 accepit,
858 1093 960 1152 quia
989 1090 1044 1135 de
1073 1094 1199 1135 Patre
1229 1092 1465 1151 processit3

86 1169 129 1204 et
149 1160 320 1218 accipit,
345 1161 444 1219 quia
480 1159 534 1204 de
565 1164 690 1204 Patre
724 1161 946 1220 procedit3
977 1171 1019 1206 et
1041 1162 1251 1220 accipiet,
1283 1161 1384 1220 quia
1412 1161 1467 1205 de

84 1232 210 1273 Patre
236 1229 469 1288 procedere
504 1246 729 1290 nunquam
750 1231 917 1276 desinet
950 1251 958 1277 :
985 1233 1095 1276 sicut
1125 1235 1239 1276 Deus
1259 1240 1302 1275 et
1318 1241 1405 1287 est,
1426 1241 1469 1276 et

8 1341 14 1346 .
79 1300 180 1354 fuit,
213 1309 256 1344 et
288 1301 398 1357 erit,
437 1310 479 1344 et
514 1310 658 1344 tamen
681 1302 854 1345 initium
882 1302 951 1346 vel
980 1304 1112 1347 finem
1135 1303 1362 1361 temporis,
1387 1317 1466 1346 nec

79 1370 211 1415 habet
226 1405 237 1424 ,
259 1385 339 1415 nec
358 1371 527 1426 habuit,
549 1387 628 1415 nec
645 1371 838 1416 habebit.

138 1442 260 1484 XXI.
298 1440 449 1494 Filius,
477 1441 710 1501 inquiunt,
748 1457 825 1500 pro
848 1441 974 1485 nobis
994 1440 1242 1501 interpellat
1261 1445 1433 1486 Patrem
1453 1476 1464 1498 ,

80 1519 123 1555 et
143 1511 326 1570 Spiritus
350 1525 426 1569 pro
447 1511 571 1555 nobis
596 1511 785 1570 postulat
810 1511 984 1554 Filium.
1010 1512 1129 1556 Sicut
1151 1512 1320 1570 legunt,
1345 1512 1466 1571 quod

80 1581 215 1625 Filius
236 1580 485 1640 interpellat
508 1585 695 1634 Patrem,
721 1583 961 1626 secuudum
984 1598 1031 1625 ea
1055 1597 1154 1641 quae
1171 1583 1367 1640 superius
1385 1598 1465 1626 nos

80 1651 210 1695 etiam
241 1644 630 1696 commemorantes
665 1650 973 1695 disseruimus:
1000 1652 1058 1695 ita
1091 1651 1315 1695 inveniant
1348 1652 1466 1695 unde

79 1721 320 1781 proferant,
348 1721 468 1781 quod
494 1722 676 1781 Spiritus
698 1721 888 1780 postulet
912 1721 1086 1765 Filium.
1114 1723 1242 1774 Quod
1261 1722 1374 1765 enim
1397 1721 1465 1765 di-

81 1795 140 1837 cit
162 1792 424 1851 Apostolus:
453 1791 608 1845 «Quid
637 1794 752 1836 enim
787 1808 960 1836 oremus
994 1793 1105 1836 sicut
1128 1801 1299 1850 oportet
1327 1792 1464 1836 nesci-

85 1881 103 1904 »
130 1879 242 1917 mus,
268 1862 342 1907 sed
365 1863 455 1921 ipse
475 1863 658 1921 Spiritus
681 1861 929 1921 interpellat
947 1862 1178 1920 gemitibus
1200 1861 1467 1905 inenarrabi-

82 1951 102 1974 »
127 1932 243 1977 libus
258 1935 290 1988 ¹,
309 1951 328 1973 n
355 1933 431 1992 qui
451 1942 597 1976 autem
619 1942 838 1976 scrutatur
861 1932 1016 1986 corda,
1051 1933 1128 1975 scit
1153 1931 1260 1991 quid
1287 1932 1466 1990 Spiritus

78 2003 230 2062 sapiat,
250 2003 351 2063 quia
375 2001 616 2046 secundum
638 2006 773 2045 Deum
791 2001 1039 2061 interpellat
1053 2018 1131 2060 pro
1153 2002 1310 2045 sanctis
1326 2020 1334 2044 :
1353 2017 1463 2060 quo-

78 2074 320 2128 modolibet
343 2074 410 2117 isti
428 2073 657 2132 accipiant,
688 2072 904 2129 (multum
927 2073 1042 2114 enim
1063 2072 1114 2115 ad
1140 2087 1211 2115 eos
1234 2081 1295 2115 est
1311 2073 1394 2115 hoc
1407 2072 1466 2115 sic

79 2147 287 2204 accipere,
310 2143 684 2204 quemadmodum
704 2141 1006 2201 accipiendum
1034 2144 1145 2199 est‚)
1167 2157 1255 2185 non
1283 2151 1345 2185 est
1373 2141 1464 2186 dic-

80 2228 187 2270 tum,
217 2215 462 2274 interpellat
480 2215 718 2269 Christum,
745 2223 819 2257 aut
839 2211 1089 2271 interpellat
1114 2212 1272 2256 Filium
1296 2232 1304 2257 z
1332 2213 1466 2256 inter-

78 2285 209 2345 pellat
233 2295 378 2328 autem
396 2285 577 2343 Spiritus
591 2294 764 2329 sanctus
787 2284 953 2327 dictum
972 2295 1048 2335 est,
1072 2283 1173 2342 quia
1189 2281 1465 2340 interpellare

78 2372 155 2399 nos
191 2356 303 2398 lacit.
340 2356 459 2399 Sicut
491 2358 603 2398 Deus
636 2354 742 2398 dicit
771 2375 778 2398 :
808 2357 931 2397 Nunc
964 2353 1182 2411 cognovi3
1221 2353 1342 2411 quasi
1365 2362 1464 2396 ante

78 2425 295 2469 nesciebat
323 2445 331 2470 :
357 2424 475 2484 quod
499 2423 605 2484 quid
632 2434 695 2468 est
732 2424 877 2477 aliud,
915 2423 995 2466 nisi
1024 2422 1106 2466 feci
1136 2431 1185 2466 ut
1206 2424 1464 2480 cognoscas?

78 2497 187 2540 Inde
220 2505 282 2538 est
313 2505 356 2539 et
384 2494 493 2538 illud
532 2493 728 2554 Apostoli
757 2514 764 2540 :
801 2514 820 2536 «
842 2497 967 2539 Nunc
989 2502 1133 2538 autem
1156 2502 1463 2551 cognoscentes

130 2589 135 2603 ¹
161 2582 252 2612 Rom.
273 2590 343 2619 vm,
364 2580 416 2610 26.
