1803 3250
318 236 403 279 442
743 245 777 275 s.
813 245 1045 277 Anaua-nm
1078 247 1262 276 nuscum

317 314 491 367 factam,
508 310 608 356 ideo
621 311 829 371 quoniam
844 312 1061 373 quidquid
1076 315 1189 357 Deus
1204 312 1324 369 fecit,
1343 315 1570 361 voluntate
1587 315 1705 374 fecit,

314 399 415 444 quae
430 382 631 427 voluntas
646 382 801 442 utique
819 397 909 428 non
924 392 989 428 est
1009 383 1118 428 nihil
1138 402 1146 428 :
1168 383 1399 443 respiciant
1417 387 1536 431 unde
1553 403 1708 433 secun-

313 456 419 500 dum
441 469 598 514 corpus
620 453 762 499 factus
785 455 840 499 sit
859 455 1007 500 homo.
1031 458 1159 501 Certe
1181 456 1294 500 enim
1309 490 1320 511 ‚
1345 456 1458 502 sicut
1487 460 1709 519 Scriptura

313 534 511 581 testatur,
534 539 636 570 eum
653 525 708 571 de
730 525 836 570 limo
858 525 928 571 vel
944 526 1000 571 de
1017 526 1197 586 pulvere
1219 535 1344 571 terrae
1364 531 1480 573 Deus
1497 530 1644 585 feeit¹‚
1664 540 1709 576 et

311 596 465 658 procul
477 596 616 642 dubio
633 597 860 642 voluntate
872 596 976 643 fecit
989 617 997 643 :
1009 613 1090 642 nec
1101 607 1249 642 tamen
1257 597 1459 644 voluntas
1473 601 1551 644 Dei
1566 601 1709 661 pulvis

311 678 387 713 aut
405 667 534 713 limus
556 677 635 713 est.
665 669 787 714 Sicut
803 683 907 728 ergo
930 670 975 713 in
997 683 1049 713 eo
1071 668 1193 729 quod
1222 684 1273 713 ex
1294 670 1401 715 limo
1421 670 1590 716 factum
1611 682 1676 718 est
1693 708 1705 729 ,

309 741 507 802 quamvis
526 740 755 785 voluntate
771 741 824 785 sit
845 739 1026 794 factum,
1054 755 1143 784 non
1161 749 1226 784 est
1248 739 1450 786 voluntas
1464 742 1596 788 limus
1612 779 1622 797 ,
1647 744 1707 790 ita

310 813 355 856 in
368 827 419 857 eo
431 810 553 872 quod
569 827 619 855 ex
636 811 777 856 nihilo
792 810 976 866 iactum,
996 811 1196 871 quamvis
1209 810 1436 857 voluntate
1448 814 1501 858 sit
1517 813 1703 871 factum,

310 899 400 929 non
422 892 486 928 est
507 882 709 927 voluntas
732 882 858 926 nihil.

370 955 446 997 IV.
482 956 683 997 Jamvero
705 952 827 1012 quod
848 951 1091 997 dolendum
1121 951 1342 1009 addidisti,
1371 969 1423 999 ex
1449 956 1707 1002 Priscilliani

309 1025 461 1070 haeresi
485 1024 542 1069 ad
563 1038 755 1069 errorem
777 1023 974 1082 Origenis
1003 1025 1122 1083 apud
1149 1039 1227 1070 vos
1248 1026 1444 1071 homines
1467 1026 1601 1072 fuisse
1623 1028 1705 1073 de—

308 1096 465 1155 lapsos,
489 1110 569 1140 nec
593 1095 648 1141 ab
664 1094 737 1140 illa
750 1104 872 1156 peste
888 1095 1080 1155 potuisse
1101 1096 1266 1151 sanari,
1289 1097 1372 1141 nisi
1395 1107 1440 1142 et
1456 1098 1549 1157 ipsa
1561 1098 1705 1143 medi—

308 1168 404 1214 cina
433 1166 684 1213 morbidum
707 1166 874 1227 aliquid
894 1167 1138 1225 intulisset,
1171 1182 1261 1212 non
1283 1177 1347 1212 est
1368 1168 1549 1228 quidem
1579 1169 1708 1216 dolor

308 1240 388 1284 iste
409 1238 654 1298 culpandus
682 1258 690 1285 ε
715 1239 872 1284 veritas
900 1239 1018 1283 enim
1041 1238 1221 1294 debuit,
1253 1254 1345 1284 non
1366 1238 1527 1285 falsitas
1545 1241 1708 1300 pellere

308 1310 539 1355 falsi-tatem
557 1332 568 1368 3
593 1325 693 1356 nam
712 1311 795 1356 hoc
807 1347 818 1366 ,
835 1319 1006 1355 mutare
1020 1319 1084 1355 est
1103 1310 1285 1366 malum,
1304 1326 1394 1355 non
1416 1313 1594 1357 evitare.
1617 1315 1707 1358 Ve-

308 1391 557 1426 rumtamen
580 1382 682 1441 quia
700 1382 755 1426 de
777 1382 870 1440 ipso
894 1384 983 1426 Deo
999 1390 1300 1426 creaturarum
1323 1382 1520 1426 omnium
1546 1383 1706 1428 condi-

308 1462 417 1507 tore,
442 1452 527 1496 hoc
546 1460 626 1507 est,
643 1452 698 1495 de
712 1453 802 1511 ipsa
815 1462 1032 1496 coaeterna
1049 1461 1094 1496 et
1106 1452 1458 1497 incommutabili
1476 1454 1703 1512 Trinitate‚

306 1524 360 1567 ab
382 1524 440 1568 eis
463 1523 539 1583 qui
558 1522 613 1567 ad
640 1538 715 1567 vos
736 1522 870 1567 libros
894 1523 1095 1582 Origenis
1125 1523 1391 1579 attulerunt,
1416 1524 1462 1569 id
1492 1525 1704 1571 traditum

307 1608 395 1637 esse
417 1607 734 1637 commemoras
753 1595 875 1653 quod
896 1595 1054 1638 veritas
1073 1593 1235 1651 habet,
1264 1604 1417 1640 contra
1433 1611 1568 1655 quam
1592 1597 1706 1640 veri-

308 1674 439 1709 tatem
457 1664 747 1709 Priscillianus
763 1664 1059 1709 Sabellianum
1073 1665 1306 1726 antiquum
1321 1665 1480 1725 dogma
1497 1668 1703 1723 restituit,

307 1736 383 1779 ubi
395 1737 484 1794 ipse
502 1739 627 1779 Pater
641 1736 718 1795 qui
732 1734 884 1790 Filius,
896 1736 972 1796 qui
985 1737 1222 1796 etSpiritus
1236 1745 1411 1781 sanctus
1428 1737 1702 1796 perhibetur,
1738 1769 1740 1771 >

307 1808 390 1852 hoc
411 1806 491 1851 iste
507 1808 645 1867 pejor,
670 1808 793 1867 quod
815 1808 946 1852 etiam
963 1809 1019 1852 de
1036 1809 1180 1852 anima
1193 1809 1251 1853 ita
1269 1809 1415 1864 sentit,
1438 1818 1489 1853 ut
1505 1825 1595 1855 non
1609 1824 1706 1854 eam

306 1877 527 1937 propriam
548 1878 655 1922 velit
685 1878 846 1923 habere
864 1889 1081 1934 naturam,
1103 1878 1180 1923 sed
1197 1879 1252 1923 de
1274 1879 1367 1939 ipso
1386 1882 1476 1924 Deo
1494 1889 1706 1940 tanquam

304 1949 565 2009 particulam
588 1949 799 2006 defluere,
819 1960 862 1994 et
885 1960 973 1995 tam
984 1938 1249 1995 ¹'deformiter
1271 1951 1490 2010 inquinari
1510 1960 1643 2012 atque
1657 1953 1704 1997 in

306 2019 496 2064 deterius
507 2022 769 2065 commutari
786 2036 887 2066 cum
909 2021 1160 2066 Manichaeis
1174 2021 1333 2065 audeat
1352 2022 1568 2067 affirmare
1587 2039 1705 2068 :non

304 2105 458 2150 parum
482 2090 588 2135 boni
611 2105 662 2134 ex
690 2090 812 2135 libris
831 2091 914 2134 illis
931 2091 1150 2150 provincia
1173 2100 1313 2135 vestra
1336 2095 1550 2151 percepit,
1584 2094 1630 2138 in
1651 2109 1701 2139 ea

305 2176 351 2205 re
371 2162 559 2206 maxime
573 2161 619 2206 in
635 2177 722 2222 qua
743 2162 986 2222 capitaliter
1007 2171 1198 2219 erratur,
1219 2162 1274 2206 de
1296 2165 1503 2208 Creatore
1516 2166 1698 2224 quippe,

304 2248 394 2277 non
415 2232 470 2277 de
490 2241 705 2289 creatura,
730 2242 820 2278 tam
844 2232 950 2278 falsa
964 2243 1008 2278 et
1026 2243 1113 2278 tam
1129 2233 1293 2279 nefaria
1316 2237 1581 2280 sentiuntur.
1603 2237 1702 2282 Sive

304 2318 407 2363 ergo
427 2305 475 2348 in
491 2305 605 2350 hanc
625 2305 760 2350 fidem
778 2306 855 2366 qui
872 2304 1149 2350 deviaverant
1173 2307 1359 2351 restituti
1375 2316 1493 2361 sunt,
1518 2308 1608 2352 sive
1622 2308 1699 2368 qui
1743 2337 1746 2339 Δ

307 2389 402 2419 eam
430 2375 630 2421 nondum
656 2385 894 2431 noverant,
928 2375 1102 2420 illarum
1135 2376 1483 2436 disputationum
1513 2377 1702 2423 lectione

307 2443 558 2491 didicerunt
571 2482 582 2502 ,
617 2448 699 2492 hoc
726 2461 770 2491 se
802 2446 1021 2507 gaudeant
1047 2446 1248 2492 didicisse
1275 2447 1396 2508 quod
1433 2463 1583 2492 sanum
1619 2458 1698 2494 est.

306 2515 438 2569 Quod
463 2526 608 2562 autem
626 2526 670 2562 et
691 2517 738 2562 in
755 2518 816 2562 eis
838 2518 993 2562 erroris
1013 2527 1092 2573 est,
1118 2534 1373 2579 quanquam
1392 2529 1435 2563 tc
1448 2519 1701 2579 cognovisse

356 2607 366 2623 ¹
390 2601 470 2634 Gen.
490 2611 530 2642 11,
556 2611 587 2641 7.
