1803 3250
328 212 491 245 coNTRA
524 214 831 244 AnszsAmum
864 217 999 255 LEGIS,
1036 217 1118 244 Lm.
1157 218 1183 243 1.
1367 206 1452 248 349

126 284 269 328 XXII.
307 285 340 326 F
344 281 457 327 latus
477 292 623 327 autem
650 282 724 327 ille
753 283 824 326 Dei
858 283 934 343 qui
962 282 1185 328 hominem
1215 283 1449 342 animavit,

65 351 205 398 factus
225 362 289 398 est
323 353 378 398 ab
413 354 505 412 ipso
530 389 542 408 ,
576 370 665 398 non
687 353 742 397 de
773 353 880 411 ipso.
908 354 1017 406 Quia
1048 369 1128 398 nec
1160 354 1344 400 hominis
1371 356 1452 401 ssa-

63 431 150 477 tus,
176 424 363 469 hominis
385 440 482 483 pars
500 434 591 482 est·
616 440 697 468 nec
714 424 846 467 homo
866 439 964 468 eum
984 424 1087 469 facit
1109 424 1164 469 de
1185 442 1229 470 se
1247 427 1355 486 ipso,
1376 426 1453 473 sed

0 514 1 550 i
64 508 117 538 ex
138 493 254 538 aelio
278 493 415 538 halitu
437 503 611 554 sumpto
633 504 676 539 et
698 494 873 540 efluso:
901 497 1012 539 Deus
1034 511 1136 540 vero
1160 498 1305 556 potuit
1334 507 1378 543 et
1398 498 1453 543 de

60 564 213 618 nihilo,
238 575 282 610 et
302 566 450 610 vivum
476 564 836 626 rationalemque,
863 566 983 626 quod
1016 583 1103 611 non
1133 577 1276 626 potest
1299 569 1445 615 homo.

4 659 7 663 ·
59 637 267 690 Quamvis
289 635 486 681 nonnulli
511 637 753 680 existiment
769 652 854 680 non
874 646 979 681 tunc
994 638 1233 682 animatum
1254 640 1445 698 piimum

60 706 297 761 hominem,
323 708 501 770 quando
523 712 632 753 Deus
655 709 698 752 in
721 710 812 768 ejus
835 708 990 754 faciem
1012 710 1217 763 sufflavit,
1245 720 1288 755 et
1309 712 1451 757 factus

60 788 123 824 est
143 779 189 823 in
212 782 401 825 animam
426 782 594 838 vivam,
619 781 694 825 sed
719 790 823 826 tunc
846 782 1060 840 accepisse
1093 781 1301 841 Spiritum
1324 799 1449 829 sanc-

61 861 169 896 tum.
186 852 425 905 Quodlibet
441 862 585 897 autem
602 854 757 897 horum
773 853 1025 898 credibilius
1042 853 1312 908 ostendatur,
1332 857 1452 900 unde

59 938 176 968 nunc
192 922 375 982 longum
394 933 458 968 est
477 923 697 983 disputare
714 945 726 982 3
751 925 940 968 animam
970 935 1116 970 tamen
1135 941 1224 970 non
1247 941 1334 970 esse
1353 942 1452 986 par-

60 1003 146 1038 tem
166 995 272 1048 Dei,
311 1010 391 1040 nec
428 995 482 1039 de
510 996 751 1039 substantia
773 1005 816 1040 et
843 1006 998 1040 natura
1027 998 1118 1056 ejus
1147 1007 1335 1041 creatam
1363 998 1450 1042 sive

59 1065 288 1124 prolatam,
318 1066 392 1110 sed
415 1082 465 1109 ex
488 1065 625 1110 nihilo
647 1066 822 1120 factam,
845 1066 1046 1111 dubitare
1069 1067 1132 1111 fas
1153 1083 1242 1112 non
1266 1079 1345 1113 est.

115 1139 284 1181 XXIII.
308 1139 402 1181 Non
425 1138 587 1197 itaque,
606 1138 716 1181 sicut
731 1139 789 1181 ait
811 1139 890 1182 iste
908 1137 1200 1197 blasphemuS,
1223 1140 1449 1185 invenitur

56 1223 232 1267 serpens
252 1208 298 1251 in
319 1206 417 1251 loco
441 1207 617 1252 meliore
634 1224 766 1267 quam
793 1212 919 1263 Deus,
945 1210 1045 1267 quia
1066 1210 1297 1269 praevaluit
1326 1211 1446 1256 deci-

55 1296 158 1341 perc
180 1280 399 1324 hominem
416 1295 547 1338 quem
564 1279 725 1324 fecerat
743 1283 871 1324 Deus.
889 1280 1019 1325 Nullo
1038 1283 1152 1325 enim
1173 1283 1304 1327 modo
1317 1284 1449 1328 homo

56 1351 346 1411 deciperetur,
370 1351 405 1394 si
428 1365 516 1394 non
535 1349 580 1392 in
597 1365 641 1393 se
663 1349 850 1394 exaltato
873 1352 1006 1395 corde
1031 1353 1270 1396 recessisset
1293 1370 1315 1397 a
1340 1357 1443 1398 Deo.

57 1425 168 1468 Vera
191 1423 369 1484 quippe,
395 1422 603 1481 quoniam
633 1421 777 1465 divina
805 1431 890 1477 est,
915 1421 989 1467 illa
1018 1424 1231 1468 sententia
1253 1444 1263 1469 ε
1294 1444 1314 1467 «
1335 1428 1448 1470 Ante

57 1514 78 1537 ι)
101 1493 272 1538 ruinam
290 1491 501 1537 exaltatur
520 1508 595 1536 cor
611 1495 640 1534 ².
663 1511 682 1532 »
712 1495 766 1536 Et
786 1493 859 1536 ubi
878 1503 1029 1538 contra
1050 1497 1185 1538 Deum
1210 1495 1444 1551 exaltatur,

54 1565 114 1611 ibi
136 1563 284 1610 abillo
307 1564 535 1618 deseritur,
560 1573 603 1607 et
625 1563 670 1606 in
688 1578 732 1606 se
754 1563 1024 1608 tenebratur.
1052 1564 1168 1618 Quid
1192 1575 1335 1610 autem
1361 1567 1445 1611 mi-

56 1653 170 1692 rum,
194 1636 230 1682 si
251 1635 359 1680 dum
381 1633 650 1688 tenebratur,
682 1634 818 1678 nescit
843 1634 951 1695 quid
973 1645 1181 1696 sequatur
1203 1654 1211 1681 ε
1236 1638 1445 1697 quoniam

54 1725 143 1755 non
159 1725 182 1753 a
201 1723 246 1752 se
263 1708 356 1767 ipso
375 1705 525 1750 lumen
539 1715 617 1761 est,
635 1704 710 1749 sed
730 1705 877 1750 abillo
892 1707 965 1766 qui
986 1716 1049 1751 est
1067 1707 1216 1751 lumen
1230 1708 1446 1753 illumina-

54 1791 141 1826 tur.
158 1778 286 1834 Quod
301 1793 404 1837 ergo
420 1781 533 1822 Deus
545 1792 713 1836 semper
726 1777 912 1822 invictus
929 1778 998 1834 sit,
1013 1781 1142 1823 etiam
1158 1780 1290 1824 homo
1305 1780 1445 1825 victus

53 1851 245 1898 ostendit
271 1869 280 1895 :
306 1850 407 1909 quia
428 1849 568 1893 victus
589 1864 678 1892 non
699 1847 867 1902 fuisset,
893 1848 927 1892 si
950 1849 1005 1892 ab
1026 1850 1188 1894 invicto
1205 1866 1292 1895 non
1311 1867 1445 1896 reces-

53 1925 189 1969 sisset.
214 1921 446 1976 Quomodo
469 1929 533 1964 est
554 1929 700 1963 autem
721 1920 859 1963 victor
882 1921 1067 1964 hominis
1091 1921 1314 1981 deceptor,
1343 1939 1443 1967 cum

54 2014 76 2041 a
99 1993 329 2052 semetipso
349 1992 403 2036 sit
423 1992 554 2035 etiam
572 1992 663 2049 ipse
682 1991 922 2050 deceptus?
941 1992 1066 2035 Unde
1080 2002 1122 2037 et
1137 1992 1210 2036 ille
1227 1996 1301 2054 qui
1317 1993 1444 2038 dece-

51 2067 132 2128 pit,
158 2076 201 2110 et
222 2063 296 2108 ille
323 2077 451 2124 quem
482 2061 669 2120 decepit,
696 2061 824 2106 ambo
846 2063 1015 2121 decepti
1043 2072 1167 2118 sunt,
1199 2063 1442 2110 recedendo

53 2139 181 2183 abeo
201 2136 278 2198 qui
299 2150 387 2179 non
420 2142 558 2193 potest
593 2131 759 2191 decipi3
798 2142 841 2178 et
865 2133 995 2178 ambo
1028 2143 1130 2178 sunt
1163 2136 1287 2190 victi,
1323 2152 1442 2180 rece-

53 2211 200 2256 dendo
222 2210 277 2253 ab
302 2223 353 2252 eo
375 2206 451 2266 qui
476 2221 563 2250 non
587 2213 726 2264 potest
749 2205 877 2250 vinci.
905 2210 940 2249 A
963 2222 1052 2265 quo
1071 2206 1223 2266 utique
1247 2208 1323 2268 qui
1345 2208 1441 2267 plus

50 2283 241 2336 recedit,
267 2281 364 2341 plus
382 2279 595 2335 vincitur3
621 2277 723 2337 quia
741 2286 862 2321 tanto
884 2287 947 2320 est
964 2277 1157 2331 inferior,
1179 2288 1345 2338 quanto
1364 2279 1441 2323 de·-

52 2357 198 2401 terior.
221 2357 278 2398 Et
296 2352 394 2396 ideo
417 2365 586 2394 necesse
607 2358 684 2403 est,
705 2357 753 2392 ut
776 2349 852 2409 qui
874 2348 1033 2392 malum
1055 2348 1178 2393 alteri
1198 2350 1312 2409 prius
1330 2351 1440 2394 infe-

51 2427 189 2473 rendo
221 2426 393 2471 vincere
428 2421 614 2474 videtur,
652 2420 836 2479 amplius
866 2420 954 2478 ipse
996 2421 1162 2465 honum
1197 2422 1438 2467 amittendo

53 2500 251 2545 vincatur
271 2518 280 2542 :
306 2512 385 2541 nec
401 2494 490 2538 fieri
507 2500 647 2550 potest
666 2501 715 2537 ut
735 2492 772 2536 ei
795 2492 848 2536 sit
864 2491 985 2536 locus
1003 2492 1169 2547 melior,
1191 2508 1291 2537 cum
1310 2510 1436 2538 causa

106 2587 226 2618 ¹Prov.
250 2596 317 2622 xvi⁷
347 2588 393 2615 1⁵⁴.
