1803 3250
412 213 574 240 CONTRA
609 212 823 249 FAUSTUM,
860 213 940 238 ιω.
978 213 1119 238 xxxir.
1381 202 1456 237 167

80 280 300 339 impietate
321 281 493 339 cognati
511 280 577 324 sui
599 277 834 338 querelam,
862 287 910 321 ut
934 277 1063 322 iidem
1086 278 1336 322 accersitum
1363 293 1460 321 cum

79 350 272 395 censoria
302 350 512 408 gravitate
540 352 770 393 coerceant
795 366 804 392 z
829 348 904 407 qui
938 348 970 391 si
994 349 1320 407 pernegaverit,
1346 348 1463 407 apud

77 435 150 465 eos
171 435 261 465 non
281 420 392 464 ferat
412 419 608 478 impune,
625 417 700 462 sed
721 416 981 462 excalciatus
1003 417 1141 461 dextri
1162 418 1283 477 pedis
1304 417 1461 462 calcia-

77 499 242 546 mento,
265 506 290 535 a
310 488 519 550 praedicta
541 487 723 533 muliere
745 486 939 532 caedatur
958 487 1003 531 in
1024 487 1196 542 faciem,
1213 498 1257 532 et
1274 504 1462 548 conspu-

77 571 144 606 tus
177 577 227 606 ac
259 559 516 604 maledictus
554 560 750 614 recedat,
796 559 1025 603 habiturus
1060 558 1145 602 hoc
1174 560 1461 618 opprobrium

71 631 384 690 sempiternum
405 630 452 674 in
475 630 681 689 progenie
703 644 793 673 sua.
823 631 927 673 Haec
954 628 1089 688 igitur
1117 637 1248 688 atque
1271 628 1352 673 alia
1376 630 1462 673 hu-

70 700 262 762 jusmodi
283 710 385 746 sunt
410 700 671 746 Testamenti
684 700 850 744 Veteris
871 708 915 744 et
936 698 1132 759 exempla
1152 708 1196 744 et
1211 699 1312 759 jura
1332 717 1341 744 2
1365 716 1465 759 quae

76 771 111 816 si
131 771 249 817 bona
269 781 373 816 sunt
388 806 399 826 ‚
425 787 504 815 cur
520 786 610 815 non
631 770 894 815 imitamini?
916 770 951 815 si
972 769 1103 825 mala,
1128 785 1206 814 cur
1228 785 1317 814 non
1339 769 1467 814 dam-

73 843 184 887 natis
206 852 445 899 auctorem,
469 842 514 887 id
532 852 611 898 est,
638 845 962 888 Testamentum
980 843 1121 902 ipsum
1143 843 1306 887 Vetus?
1323 846 1413 887 Aut
1432 844 1465 886 si

75 912 182 958 falsa
201 914 296 959 haec
315 915 376 969 ei,
401 922 612 974 tanquam
633 929 711 959 nos
734 913 790 958 de
817 929 932 959 novo
961 913 1201 969 credimus,
1225 912 1357 957 etiam
1389 928 1465 959 vos

73 986 233 1044 putatis
254 986 430 1041 inserta,
454 1000 576 1045 pares
602 1001 705 1045 ergo
723 1001 886 1030 sumus.
907 985 1095 1029 Desinite
1108 986 1198 1045 jam
1216 983 1399 1044 proinde
1411 985 1457 1028 id

73 1072 97 1102 a
119 1057 246 1101 nohis
269 1057 440 1115 exigere
457 1057 502 1100 in
521 1059 798 1101 Testamento
817 1059 955 1112 Novo,
980 1056 1100 1116 quod
1122 1071 1197 1101 vos
1217 1071 1308 1101 non
1327 1071 1463 1102 serve-2

71 1128 124 1173 tis
140 1128 186 1171 in
205 1129 377 1172 Vetere.
397 1144 418 1168 »

127 1201 183 1243 V.
222 1216 240 1239 «
263 1197 481 1258 Equidem
503 1212 586 1255 ego
607 1206 824 1256 quantum
839 1196 1051 1252 arbitror,
1075 1206 1294 1256 quatenus
1311 1198 1460 1257 idjam

67 1283 322 1330 persuasum
354 1283 445 1315 esse
477 1267 697 1323 voluistis,
723 1277 771 1312 ut
794 1268 849 1313 sit
869 1283 922 1312 ex
945 1272 1035 1313 Deo
1057 1269 1189 1313 etiam
1213 1271 1465 1314 Testamen-

70 1350 161 1387 tum
184 1342 342 1396 Vetus,
365 1338 638 1384 commodius
659 1339 759 1384 satis
788 1348 922 1400 atque
945 1339 1188 1384 excusatius
1216 1339 1340 1384 vobis
1369 1349 1433 1385 est
1447 1375 1458 1395 ,

65 1427 155 1456 non
186 1410 458 1455 servantibus
489 1411 580 1469 ejus
613 1410 842 1464 mandata,
881 1411 916 1453 si
948 1409 1173 1455 fateamini
1209 1411 1459 1468 incongruis

64 1496 152 1526 esse
166 1481 484 1542 adjectionibus
503 1481 722 1536 vitiatum,
739 1497 871 1541 quam
886 1481 920 1525 si
932 1481 1192 1526 inviolatum
1209 1480 1324 1525 idem
1341 1496 1458 1541 sper·

66 1552 178 1597 natis
195 1561 240 1596 et
260 1552 580 1612 incorruptum.
608 1551 796 1596 Proinde
819 1553 932 1598 hanc
962 1552 1016 1597 de
1036 1552 1160 1597 vobis
1181 1567 1260 1611 ego
1283 1563 1458 1599 senten—

68 1624 173 1669 tiam
194 1623 327 1667 habui
343 1638 512 1682 semper
527 1658 538 1678 ,
564 1632 608 1667 et
629 1623 793 1679 habeo,
826 1625 997 1683 quoties
1018 1625 1229 1684 quaeritur
1252 1639 1330 1668 cur
1348 1640 1457 1685 prae-

64 1693 314 1739 varicemini
346 1694 609 1738 Testamenti
632 1694 798 1738 Veteris
829 1695 972 1754 jussa,
1013 1694 1134 1754 quod
1167 1696 1258 1754 ejus
1294 1706 1369 1740 aut
1404 1706 1453 1740 ut

61 1765 275 1824 sapientes
296 1764 576 1809 contemnitis
591 1763 716 1820 falsa,
742 1774 817 1809 aut
837 1774 885 1809 ut
906 1774 1185 1810 contumaces
1200 1775 1243 1810 et
1257 1765 1452 1812 indevoti

60 1836 278 1896 negligitis
298 1851 416 1881 vera.
443 1836 624 1880 Interim
648 1836 751 1896 quia
767 1850 838 1880 me
854 1837 909 1880 ad
927 1836 1144 1881 credenda
1166 1838 1327 1893 omnia,
1352 1854 1452 1898 quae

60 1907 169 1954 Novi
188 1907 450 1952 Testamenti
468 1907 765 1952 monumentis
786 1907 945 1952 inserta
957 1917 1075 1962 sunt,
1098 1908 1231 1967 cogis,
1256 1908 1291 1952 si
1308 1909 1450 1968 ipsum

59 1980 293 2039 accipiam,
316 1980 423 2024 scias
451 1988 495 2023 et
517 1988 585 2034 te,
611 1988 828 2039 quantum
857 1980 912 2023 ad
940 1980 1135 2024 animum
1154 2015 1165 2036 ,
1189 1980 1328 2026 multa
1360 1997 1450 2027 non

58 2050 251 2106 credere,
275 2065 376 2111 quae
393 2050 439 2094 in
456 2051 613 2094 Vetere
629 2050 714 2095 sint
733 2053 1023 2106 Testamento,
1037 2051 1236 2110 quamvis
1251 2052 1391 2111 ipsum
1408 2061 1451 2096 tc

56 2122 296 2182 profitearis
325 2122 534 2182 accipere.
570 2125 722 2183 Neque
744 2123 862 2166 enim
885 2132 928 2166 et
955 2122 1067 2166 illud
1097 2122 1142 2167 in
1170 2123 1374 2167 confessis
1396 2139 1447 2167 ex

58 2193 213 2238 eodem
233 2192 369 2238 habes
391 2202 434 2237 et
454 2192 751 2248 credibilibus,
777 2208 866 2237 esse
887 2192 1170 2237 maledictum
1184 2209 1359 2238 omnem
1371 2195 1447 2254 qui

57 2264 313 2324 pependerit
334 2265 380 2308 in
400 2264 522 2323 ligno
537 2267 575 2322 13
599 2266 701 2324 quia
728 2264 773 2308 id
801 2266 955 2324 utique
986 2266 1199 2324 pertineat
1223 2275 1266 2310 et
1294 2266 1349 2310 ad
1371 2268 1446 2310 Je-

57 2350 154 2380 sum
178 2354 187 2379 :
212 2344 288 2380 aut
310 2351 411 2379 eum
431 2352 610 2396 quoque
631 2337 677 2380 in
697 2336 938 2380 maledictis
954 2337 1129 2391 haberi,
1154 2337 1335 2397 quinon
1352 2354 1445 2382 sus-

57 2406 254 2450 citaverit
271 2421 418 2450 semen
439 2406 485 2451 in
505 2406 686 2465 Israel23
712 2408 814 2467 quia
836 2406 882 2451 id
906 2408 1090 2466 virgines
1106 2424 1283 2468 quoque
1297 2424 1446 2453 omnes

58 2477 423 2536 comprehendat,
450 2486 493 2522 et
515 2493 671 2536 pueros
695 2479 800 2522 Dei³
819 2498 827 2523 ι
850 2488 925 2522 aut
947 2478 1145 2523 funditus
1170 2479 1445 2524 interiturum

104 2568 114 2583 ¹
134 2564 228 2594 Deut.
246 2572 314 2602 xxx,
342 2562 397 2594 23.
415 2579 454 2585 —
470 2569 483 2585 ²
504 2563 600 2596 Exod.
622 2574 716 2604 xxm,
736 2564 789 2595 26.
806 2581 847 2587 —-
865 2562 877 2587 3
898 2567 988 2596 Dent.
1010 2576 1067 2597 vn.
1100 2565 1161 2605 143
1187 2568 1265 2596 Gen.
1290 2576 1368 2604 xvii,
1397 2566 1446 2606 ¹4·
