1803 3250
393 218 555 248 CONTRA
589 216 804 256 ἙΑυεΤυΜ,
840 219 922 246 Lm.
959 218 1116 247 xxvm.
1369 208 1451 247 145

69 284 194 343 ipsis,
228 284 398 343 inquit,
430 284 583 330 litteris
607 284 760 343 probo,
795 298 928 343 quam
957 285 1015 327 eis
1050 299 1140 328 non
1169 283 1334 344 ubique
1356 300 1452 329 cre-

68 354 262 398 dendum
285 355 364 411 sit,
395 356 601 416 quoniam
629 353 845 399 contraria
867 353 946 397 sibi
967 353 1226 413 loquuntur.
1253 356 1342 400 Cur
1364 370 1455 400 non

68 439 169 483 ergo
191 425 295 470 dicis
318 426 462 485 potius
489 440 705 485 nusquam
728 424 788 467 eis
811 438 902 467 esse
925 423 1190 468 credendum
1207 460 1217 480 ‚
1247 434 1453 485 tanquam

65 495 412 540 inconstantibus
435 510 614 554 seseque
632 493 990 554 impugnantibus
1012 495 1227 538 testibus?
1252 496 1336 540 Sed
1350 497 1452 550 hoc,

65 565 234 625 inquit,
260 566 373 624 eligo
388 600 398 620 ‚
424 564 544 625 quod
567 574 907 610 consentaneum
930 564 1055 608 video
1077 564 1264 609 veritati.
1282 566 1364 610 Cui
1378 581 1455 610 ve-

64 635 179 679 ritati
197 637 215 677 ‘3
238 634 418 679 Fabulae
439 634 603 679 scilieet
622 644 725 690 tuae,
751 634 932 678 habenti
954 634 999 677 in
1017 635 1157 693 capite
1176 633 1342 678 bellum
1358 637 1449 689 Dei,

62 705 107 749 in
125 704 268 750 medio
290 706 708 750 contaminationem
730 706 822 760 Dei,
841 705 887 748 in
911 705 998 748 fine
1015 703 1340 749 damnationem
1360 708 1450 750 Dei.

65 779 118 823 Et
134 791 366 836 nusquam,
386 778 547 836 inquit,
575 777 768 822 creditur
796 775 949 820 litteris
974 775 1149 820 sibimet
1176 775 1363 820 adversis
1388 786 1455 821 at*

62 863 149 908 que
170 847 409 893 contrariis.
438 849 524 893 Sed
545 849 644 893 ideo
667 849 746 892 tibi
767 849 851 892 hoe
872 847 1045 892 videtur
1066 847 1168 907 quia
1186 863 1274 893 non
1293 847 1454 892 intelli-

62 919 125 977 gis
161 938 170 963 ε
206 934 307 963 nam
344 928 388 964 et
424 918 637 980 quidquid
666 918 884 979 protulisti
923 919 1044 978 quod
1082 917 1169 962 tale
1209 918 1456 974 videretur,

59 988 405 1035 demonstratum
427 999 491 1035 est
513 1006 644 1050 quam
668 1007 758 1035 non
780 989 1022 1047 intelligas3
1049 998 1091 1033 et
1113 988 1331 1050 quidquid
1350 1006 1454 1050 pro·

59 1059 207 1104 tuleris
226 1095 237 1115 ,
278 1059 663 1105 demonstrabitur.
690 1060 820 1106 Nulla
838 1075 940 1119 ergo
956 1076 1082 1104 causa
1106 1069 1192 1114 est,
1219 1076 1355 1120 quare
1369 1060 1453 1104 illis

56 1128 208 1175 litteris
228 1139 346 1174 tanta
369 1130 626 1174 auctoritate
649 1130 839 1189 praeditis
862 1145 952 1174 non
974 1129 1204 1174 credamus
1230 1149 1238 1174 :
1265 1139 1308 1174 et
1326 1129 1455 1189 plane

55 1200 135 1245 ista
153 1200 337 1245 maxima
355 1215 484 1245 causa
505 1209 594 1256 est,
620 1215 699 1245 cur
720 1215 793 1245 eos
815 1200 891 1260 qui
914 1199 1034 1245 aliud
1055 1200 1323 1246 annuntiant
1345 1217 1454 1247 ana—

57 1271 318 1316 thememus.

210 2616 399 2647 cxxxvi.
1192 2608 1241 2648 10
