1803 3250
332 238 418 279 494
765 251 799 276 s.
837 247 1065 277 Aucus-nm
1099 248 1280 276 nasoon

327 325 369 360 et
394 315 588 358 Verbum
612 328 711 357 earo
737 313 896 358 factum
920 323 983 358 est
1010 316 1040 367 ¹,
1068 328 1155 357 non
1176 313 1231 357 sit
1252 320 1423 367 natura,
1449 312 1524 356 sed
1546 314 1679 370 gratia
1701 331 1710 357 :

329 385 459 429 Verbi
480 394 641 439 tamen,
667 384 795 438 Quod
815 385 928 428 Patri
946 385 1114 444 aequale
1137 393 1215 438 est,
1237 392 1520 442 permanente
1538 392 1710 428 natura.

330 456 490 499 Deinde
515 455 818 514 respondeant,
836 456 937 516 quia
957 471 1045 500 non
1064 455 1218 509 filium,
1237 454 1312 498 sed
1328 455 1516 512 primum
1539 463 1583 498 et
1602 470 1713 512 prae-

323 526 501 584 cipuum
524 540 632 585 opus
658 525 751 568 Filii
773 541 859 585 prae
882 526 1046 570 caeteris
1069 524 1278 569 universis
1292 524 1446 568 dicunt
1463 539 1552 567 esse
1572 524 1708 582 Spiri-

327 606 419 640 tum
437 605 651 650 sanctum,
676 605 823 640 utrum
852 595 915 639 illi
944 596 1018 639 filii
1045 596 1241 639 meliores
1274 594 1411 639 futuri
1439 594 1524 639 sint
1550 595 1713 653 Spiritu

321 675 485 719 saneto,
525 681 634 725 quos
667 665 907 710 voluntarie
939 667 1088 723 genuit
1127 669 1252 709 Pater
1286 664 1422 709 verbo
1460 664 1710 708 veritatis²P

321 737 555 789 Quomodo
589 737 704 780 enim
739 753 827 780 non
863 745 1079 793 coguntur
1100 736 1183 779 hoc
1213 734 1359 779 dicere
1379 770 1389 789 ,
1428 750 1529 779 cum
1560 734 1711 793 procul

319 807 454 851 dubio
478 807 630 851 melius
651 808 702 849 sit
722 807 830 850 filios
853 822 941 850 esse
966 805 1117 859 Patris,
1144 821 1276 865 quam
1305 820 1413 864 opus
1438 805 1569 848 Filii?
1605 807 1707 849 Haec

320 878 534 936 cogitent,
560 886 602 920 et
625 877 859 920 emendent
883 893 1013 921 vanas
1037 877 1278 937 impiasque
1300 875 1611 936 blasphemias,
1639 887 1706 920 at-

268 997 276 1003 ,
319 963 405 1007 que
427 946 646 991 fateantur
667 948 711 990 in
736 947 806 990 illa
831 947 1039 991 Trinitate
1072 946 1240 991 nullam
1268 962 1518 1005 personam,
1549 956 1707 1005 praeter

319 1015 439 1077 quod
463 1016 598 1060 Filius
622 1032 798 1060 manens
817 1019 947 1072 Deus,
971 1018 1105 1061 homo
1135 1015 1274 1061 factus
1301 1026 1386 1071 est,
1413 1017 1593 1061 omnino
1616 1032 1705 1060 esse

318 1097 582 1141 creaturam,
609 1096 683 1131 aut
705 1086 869 1147 aliquid
900 1103 923 1132 a
954 1090 1043 1132 Deo
1069 1086 1235 1132 factum
1263 1106 1272 1132 :
1298 1086 1375 1131 sed
1405 1096 1547 1131 toturn
1573 1086 1705 1147 quid·
1765 1129 1771 1133 .

317 1158 424 1217 quid
446 1158 556 1202 illud
576 1167 663 1213 est,
689 1174 926 1213 summum,
948 1173 1118 1213 verum,
1145 1157 1467 1202 immutabilem
1494 1160 1647 1201 Deum.

376 1231 538 1272 XXIV.
575 1229 699 1273 Absit
711 1230 826 1272 enim
847 1239 908 1284 ut,
931 1227 1306 1289 quemadmodum
1327 1228 1520 1288 sapiunt,
1546 1248 1565 1270 «
1585 1231 1712 1273 Pater

322 1320 338 1340 »
366 1301 502 1359 major
530 1301 582 1344 sit
618 1299 726 1344 Filio
764 1315 894 1355 suo,»
931 1299 1174 1344 secundum
1208 1299 1254 1343 id
1287 1299 1407 1358 quod
1431 1299 1711 1357 unigenitum

319 1371 509 1414 Verbum
544 1371 635 1430 ejus
665 1379 729 1414 est
755 1389 763 1414 :
790 1370 864 1414 sed
897 1369 1140 1413 secundum
1163 1369 1208 1413 id
1231 1371 1349 1428 quod
1386 1370 1582 1413 Verbum
1611 1384 1712 1414 caro

316 1440 482 1484 factum
519 1449 582 1484 est
610 1459 616 1483 :
656 1440 739 1484 Sed
774 1441 882 1498 quid
917 1441 1074 1482 mirum
1094 1475 1104 1494 ,
1131 1439 1308 1499 quando
1331 1440 1376 1482 in
1404 1439 1559 1483 eadem
1583 1455 1713 1484 carne

314 1509 453 1553 factus
471 1519 533 1553 est
555 1510 684 1552 etiam
702 1510 876 1566 Angelis
901 1510 1074 1553 minor?
1098 1510 1221 1553 Absit
1248 1519 1310 1564 ut,
1334 1510 1710 1569 quemadmodum

315 1579 634 1638 blasphemant,
660 1599 678 1621 «
694 1579 1099 1638 Incomparabiliter
1118 1581 1255 1640 major
1275 1589 1318 1623 et
1333 1581 1486 1625 melior
1506 1582 1560 1626 sit
1575 1581 1710 1626 Filius

320 1670 336 1690 ι)
355 1651 517 1708 Spiritu
531 1659 680 1693 sancto
697 1670 708 1706 3
725 1668 743 1690 »
770 1659 812 1693 et
826 1650 947 1708 quod
961 1649 1282 1695 insanissimum
1304 1659 1367 1695 est
1382 1652 1575 1706 credere,
1596 1661 1709 1696 tem-

312 1720 434 1779 plum
459 1721 638 1764 minoris
660 1720 746 1764 sint
769 1721 968 1763 membra
993 1721 1179 1779 majoris.

370 1793 508 1835 XXV.
537 1794 664 1835 Pater
676 1790 872 1850 quidem,
895 1810 915 1833 «
935 1794 1050 1834 Deus
1070 1800 1113 1835 et
1132 1791 1340 1835 Dominus
1354 1800 1417 1835 est
1435 1792 1545 1836 Filio
1564 1808 1662 1837 suo:
1682 1811 1702 1834 »

313 1863 414 1922 quia
436 1863 546 1907 inest
565 1862 611 1906 in
635 1878 685 1906 eo
711 1861 851 1906 forma
874 1861 1037 1905 servilis
1054 1896 1065 1917 ,
1092 1877 1192 1921 quae
1216 1863 1576 1921 prophetabatur,
1607 1879 1707 1907 cum

311 1931 529 1977 diceretur
551 1952 560 1977 2
590 1952 610 1975 «
630 1933 837 1977 Dominus
861 1932 971 1976 dixit
991 1932 1046 1976 ad
1069 1947 1137 1976 me
1157 1951 1165 1976 :
1191 1932 1326 1976 Filius
1352 1948 1474 1977 meus
1496 1949 1540 1977 es
1567 1943 1614 1977 tu
1629 1936 1659 1977 ³.
1684 1952 1703 1974 »

309 2004 391 2048 Cui
419 2004 550 2047 etiam
578 2004 623 2046 in
651 2002 804 2047 cadem
837 2003 1065 2062 prophetia
1102 2002 1208 2047 dicit
1243 2003 1361 2047 idem
1398 2004 1531 2048 Filius
1563 2024 1571 2049 :
1603 2024 1622 2046 «
1643 2008 1706 2049 De

316 2091 335 2114 »
357 2082 509 2117 ventre
548 2073 696 2116 matris
736 2087 843 2116 meoe
883 2076 996 2116 Deus
1038 2087 1158 2116 meus
1197 2088 1240 2117 es
1282 2082 1330 2117 tu
1351 2075 1382 2117 ⁴.
1406 2092 1425 2115 η
1464 2077 1525 2118 De
1554 2084 1705 2118 ventre

312 2144 475 2203 quippe
493 2143 638 2190 matris
657 2144 766 2203 ejus,
782 2142 858 2186 uhi
876 2142 1099 2186 hominem
1115 2144 1358 2202 assumpsit,
1381 2147 1494 2188 Deus
1512 2146 1603 2204 ejus
1621 2155 1698 2189 est.

313 2214 398 2267 Qui
420 2222 596 2273 propter
617 2211 736 2273 quod
761 2228 861 2258 eum
884 2228 974 2257 non
1002 2212 1144 2257 solum
1176 2223 1275 2258 ante
1305 2224 1501 2258 ventrem
1526 2217 1673 2259 matris
1691 2251 1701 2270 ,

312 2284 388 2328 sed
409 2293 509 2328 ante
532 2284 677 2328 omnia
695 2282 851 2328 saecula
869 2293 1135 2328 coaeternum
1155 2284 1306 2343 genuit
1328 2303 1337 2329 ε
1365 2289 1492 2329 Pater
1513 2287 1550 2346 ej
1559 2302 1605 2330 us
1621 2296 1699 2330 est.

316 2355 398 2399 Ubi
426 2364 572 2399 autem
598 2354 667 2399 vel
689 2355 734 2399 in
755 2356 916 2399 somnis
939 2355 1171 2399 audierunt
1208 2356 1471 2415 Scripturam
1509 2366 1701 2401 sanctam

311 2423 463 2471 dixisse
481 2424 640 2468 Filium
660 2427 797 2469 Deum
817 2433 859 2468 et
881 2424 1116 2469 Dominum
1141 2440 1229 2469 esse
1251 2426 1426 2484 spiritus
1448 2427 1615 2470 sancti?

369 2496 530 2539 XXVI.
571 2514 587 2534 «
614 2498 753 2550 Pater,
777 2495 1000 2554 inquiunt,
1018 2494 1302 2538 immobiliter
1321 2496 1700 2555 etimpassibiliter

360 2584 370 2600 ¹
388 2579 480 2611 Joan.
500 2590 525 2618 ι,
548 2577 598 2619 14.
620 2595 655 2602 —
672 2586 683 2600 ²
701 2577 815 2612 Jacob.
836 2589 859 2621 1,
882 2577 934 2611 ι8.
953 2575 1022 2601 -3
1042 2577 1125 2611 Pnal.
1144 2589 1178 2620 n,
1199 2589 1230 2620 7.
1247 2578 1314 2609 -4
1335 2579 1381 2612 Id.
1402 2589 1467 2622 xxi,
1490 2590 1539 2613 ιι.
