1803 3250
415 228 579 258 coxrnA
615 229 830 267 musaeu,
867 232 948 258 Lm.
988 232 1095 258 xxii.
1395 221 1444 257 13

58 312 113 340 ne
134 295 168 339 si
189 296 402 339 intrarent
422 296 617 355 quinque
639 295 732 339 aliae
756 295 942 354 virgines
966 296 1009 339 in
1032 310 1217 354 regnum
1241 297 1333 355 ejus
1354 329 1365 350 ‚
1389 296 1446 339 vi-

58 374 209 410 verent
230 366 274 409 in
297 376 508 409 aeternum
531 386 541 422 3
562 374 711 410 contra
736 381 842 425 quas
864 366 921 408 ita
943 365 1097 409 clausit
1114 401 1124 420 ,
1150 375 1200 409 ut
1217 381 1297 409 nec
1319 365 1448 410 mise-

59 436 252 481 rabiliter
274 435 547 496 pulsantibus
571 437 771 495 aperiret‚
797 434 919 479 velut
937 436 1196 480 obliviscens
1214 437 1335 496 quod
1357 437 1448 497 ipse

59 509 339 568 promiserat,
367 507 514 552 dicens
537 527 545 552 :
577 528 596 550 «
622 507 792 552 Pulsate
813 517 855 552 et
877 508 1094 566 aperietur
1118 508 1241 551 vobis
1261 510 1273 534 ¹
1303 528 1312 552 ;
1342 527 1361 549 »
1388 510 1447 552 si-

58 588 134 624 cut
155 579 234 623 iste
257 579 433 622 invidiae
457 578 711 638 timorisque
734 578 876 636 arguit
900 581 1039 621 Deum
1056 613 1066 631 ‚
1093 578 1213 637 quod
1236 578 1290 622 ad
1313 579 1445 623 vitam

58 658 266 693 aeternam
300 665 389 693 non
420 649 641 693 admiserit
665 658 954 708 peccatorem.
982 648 1151 691 Diceret
1176 658 1219 692 et
1242 658 1450 707 appeten-

60 729 146 764 tem
164 754 175 775 ,
202 735 291 763 non
308 719 529 778 pecudum
545 755 556 775 ‚
583 718 658 763 sed
676 720 904 763 hominum
922 718 1142 776 sanguinis
1160 753 1170 773 ‚
1197 719 1298 778 quia
1316 717 1447 763 dixit:

63 808 82 832 «
107 790 190 843 Qui
213 789 448 849 perdiderit
466 790 656 834 animam
675 805 796 834 suam
816 799 993 849 propter
1010 804 1094 842 me,
1116 789 1161 832 in
1180 789 1313 832 vitam
1331 798 1452 832 aeter-

61 880 81 904 »
108 877 210 906 nam
241 862 435 907 inveniet
467 866 624 907 eam2:
655 881 673 903 »
706 862 816 906 sicut
838 862 917 905 iste
945 860 1000 905 de
1035 860 1254 905 sacrificiis
1287 861 1449 906 anima-

58 932 190 988 lium,
222 932 384 993 quibus
401 934 549 991 figuris
572 933 907 992 promittebatur
924 932 1181 976 sacrificium
1201 933 1421 990 sanguinis
1437 967 1448 987 ,

58 1020 147 1064 quo
175 1004 390 1064 redempti
411 1020 588 1059 sumus,
619 1004 759 1049 voluit
789 1003 1059 1048 calumniari.
1096 1002 1453 1062 Reprehenderet·

59 1084 103 1119 et
124 1075 335 1119 zelantem
355 1110 367 1130 ‚
392 1075 495 1135 quia
523 1090 624 1119 cum
657 1085 849 1118 ementes
871 1083 913 1117 et
947 1073 1184 1119 vendentes
1212 1074 1266 1118 de
1289 1074 1455 1134 templo

7 1135 10 1139 ⁵
60 1145 324 1204 flagellando
343 1147 534 1206 ejecisset
550 1147 565 1171 3
585 1181 596 1201 ,
621 1145 978 1190 commemoravit
996 1144 1270 1204 Evangelista
1299 1144 1354 1189 de
1377 1145 1457 1190 illo

59 1232 148 1261 esse
170 1217 378 1276 scriptum
404 1236 412 1261 :
439 1235 459 1258 «
487 1216 613 1261 Zelus
632 1215 788 1260 domus
807 1224 893 1259 tuae
915 1214 1106 1261 comedit
1123 1231 1193 1259 me
1212 1216 1227 1239 4
1254 1234 1262 1260 :
1295 1234 1314 1257 »
1341 1217 1453 1261 sicut

59 1288 138 1332 iste
169 1288 385 1332 accusavit
416 1288 630 1333 zelantem
667 1290 805 1331 Deum
826 1322 836 1341 ‚
868 1286 989 1346 quod
1013 1286 1104 1330 aliis
1126 1287 1354 1332 sacrificari
1376 1303 1454 1333 ve-

62 1359 226 1404 tuisset.
252 1359 424 1404 Diceret
451 1359 707 1406 irascentem
735 1359 781 1403 in
808 1374 908 1402 suos
933 1366 976 1401 et
1005 1357 1049 1401 in
1072 1357 1235 1403 alienos
1257 1377 1266 1403 ε
1287 1359 1331 1402 in
1353 1375 1453 1403 suos

59 1429 238 1490 quidem
254 1465 265 1486 ‚
290 1430 394 1490 quia
416 1429 523 1474 dixit
546 1448 555 1474 2
585 1448 605 1472 «
634 1432 789 1474 Servus
806 1429 883 1489 qui
900 1428 979 1473 scit
995 1427 1268 1473 voluntatem
1286 1428 1453 1474 domini

64 1521 82 1544 »
109 1503 202 1558 sui,
228 1512 272 1547 et
293 1518 382 1547 non
406 1500 509 1547 facit
533 1501 665 1560 digna
684 1537 694 1556 ,
722 1500 858 1560 plagis
878 1500 1102 1560 vapulabit
1124 1500 1271 1546 multis
1289 1502 1303 1527 ⁵
1324 1522 1335 1560 3
1364 1520 1382 1544 »
1408 1502 1453 1546 in

61 1572 223 1618 alienos
252 1583 397 1618 autem
416 1609 426 1628 ‚
456 1573 559 1634 quia
586 1572 694 1617 dixit
720 1592 728 1617 ε
759 1592 775 1612 (ι
806 1572 850 1617 Si
874 1572 970 1631 quis
1002 1587 1079 1616 vos
1101 1587 1191 1617 non
1213 1574 1450 1632 receperit,

65 1665 83 1686 »
109 1645 299 1688 excutite
327 1643 410 1687 illis
440 1643 665 1703 pulverem
696 1642 750 1686 de
778 1642 1080 1686 calceamentis
1108 1642 1273 1687 vestris.
1313 1646 1455 1688 Amen

65 1734 85 1755 ›»
110 1714 206 1759 dico
228 1715 351 1759 vobis
369 1749 378 1769 ,
405 1715 504 1773 quia
524 1712 792 1757 tolerabilius
815 1712 895 1756 erit
914 1712 1115 1757 Sodomae
1132 1713 1178 1756 in
1195 1712 1266 1757 die
1277 1712 1449 1773 judicii,

66 1805 85 1828 »
112 1801 245 1846 quam
276 1784 338 1829 illi
367 1784 562 1828 civitati6
587 1803 595 1828 :
624 1802 643 1824 »
671 1784 782 1827 sieut
803 1783 881 1826 iste
910 1782 1165 1827 criminatur
1196 1783 1454 1828 irascentem

62 1861 200 1903 Deum
222 1893 232 1912 ‚
259 1856 444 1902 nuncin
476 1856 638 1900 alienos
655 1891 666 1909 ‚
708 1871 827 1900 nunc
862 1855 905 1898 in
939 1870 1038 1900 suos
1055 1890 1065 1908 ,
1107 1870 1216 1914 quos
1244 1864 1453 1915 utrosque

62 1928 296 1989 Apostolus
318 1937 655 1981 commemorat,
681 1925 828 1971 dicens
855 1945 863 1971 :
895 1944 914 1967 «
936 1926 1211 1985 Quicumque
1229 1926 1342 1969 enim
1361 1927 1453 1970 sine

66 2019 86 2042 »
110 1999 207 2059 lege
228 2008 518 2060 peccaverunt
535 2034 546 2053 ,
571 2000 661 2042 sine
683 1997 781 2057 lege
803 1997 1036 2057 peribunt3
1062 2006 1105 2041 et
1122 1997 1390 2057 quicumque
1408 1998 1451 2041 in

70 2092 86 2113 »
112 2071 206 2130 lege
229 2078 517 2131 peceaverunt
535 2105 545 2125 ‚
583 2085 658 2129 per
682 2068 823 2128 legem
839 2067 1156 2129 judicabuntur
1175 2070 1204 2111 ⁷.
1237 2087 1255 2109 »
1284 2069 1455 2113 Diceret

65 2152 108 2187 et
131 2142 418 2195 trucidantem
447 2150 490 2185 et
520 2140 822 2185 effundentem
851 2138 1092 2184 multorum
1116 2140 1372 2198 sanguinem
1396 2140 1453 2184 ob

63 2213 177 2259 levia
197 2214 374 2274 quidem
398 2212 468 2257 vel
497 2212 614 2256 nulla
648 2212 888 2256 commissa.
929 2214 1042 2255 Leve
1071 2211 1234 2270 quippe
1256 2221 1331 2254 aut
1353 2211 1454 2255 nul-

64 2286 155 2331 lum
191 2284 468 2329 commissum
506 2297 674 2342 pagano
705 2282 956 2336 videretur⁷
998 2280 1065 2325 vel
1096 2297 1185 2325 non
1212 2281 1373 2325 habere
1408 2283 1452 2326 in

65 2358 263 2403 convivio
280 2356 531 2414 nuptiarum
548 2365 707 2398 vestem
722 2354 1004 2412 nuptialemS,
1028 2362 1205 2412 propter
1220 2354 1340 2413 quod
1359 2356 1452 2397 Rex

65 2439 212 2475 noster
234 2429 278 2472 in
302 2426 677 2486 Evangeliojussit
694 2426 916 2470 hominem
938 2424 1076 2483 ligatis
1098 2425 1300 2469 manibus
1322 2434 1365 2469 et
1382 2440 1454 2484 pe-

114 2541 120 2555 ·
147 2534 259 2566 Matth.
288 2545 341 2573 vn,
365 2544 394 2574 7.
412 2550 452 2554 —
471 2540 480 2552 't
502 2532 546 2563 Id.
567 2544 597 2571 x,
617 2532 668 2571 39.
690 2547 728 2552 —-
749 2528 759 2551 3
777 2532 867 2561 Joan.
888 2540 924 2570 ιι,
945 2528 993 2560 15.
1014 2526 1083 2552 -4
1103 2528 1184 2561 Psal.
1208 2539 1319 2570 vam,
1342 2539 1394 2561 ιο.
1411 2546 1450 2552 -

67 2589 81 2613 5
101 2591 175 2623 Luc.
199 2601 252 2630 xn,
271 2589 325 2630 47.
344 2587 407 2611 ——0'
430 2587 538 2619 Matth.
564 2598 594 2627 x,
626 2586 672 2627 ¹4·
689 2602 719 2609 -
746 2593 757 2619 ῖ
783 2589 872 2620 Rom.
896 2586 930 2626 ii,
957 2594 1006 2617 12.
1028 2601 1067 2608 -—
1083 2583 1098 2608 8
1116 2584 1230 2617 Matth.
1252 2586 1329 2627 xxn,
1354 2586 1404 2616 13.
