1803 3250
318 215 402 254 450
759 224 792 252 s.
829 226 1057 254 auc-usum
1093 227 1270 253 Eriscom

313 308 414 353 quae
436 293 478 334 iu
497 300 646 334 sancto
669 289 780 333 libro
801 289 1000 349 quolibet
1025 291 1183 349 scripta
1204 300 1307 334 sunt
1326 291 1601 350 recipientes,
1627 307 1705 336 co·-

312 377 464 422 gamur
488 360 636 415 fateri,
656 361 779 420 quod
801 361 930 417 absit,
956 377 1055 406 vera
1073 371 1115 405 et
1128 362 1243 421 justa
1267 360 1414 415 fuisse,
1437 377 1536 421 quae
1550 362 1707 408 marito

307 442 456 478 sancto
491 432 648 476 mulier
680 433 887 492 insipiens
914 434 1200 492 suggerebat,
1232 442 1283 477 ut
1303 432 1470 492 aliquid
1501 433 1706 479 adversus

308 508 448 549 Deum
470 500 659 564 loquens
678 504 734 548 ab
758 503 833 549 illa
855 503 1120 549 intolerabili
1145 519 1274 564 poena
1294 503 1521 549 moriendo
1542 505 1706 550 libera-

306 585 428 621 retur
452 578 482 620 ¹.
504 574 636 629 Quod
658 591 748 621 non
774 575 876 621 ideo
892 575 1097 631 dixerim,
1119 577 1224 637 quia
1242 575 1306 620 illi
1325 577 1451 620 amici
1469 591 1493 620 a
1519 577 1708 622 Domino

303 647 541 708 reprobati,
558 656 602 692 et
619 648 676 692 ab
694 647 787 707 ipso
802 656 952 692 sancto
974 648 1048 692 Dei
1061 663 1187 693 servo
1208 648 1364 692 merito
1380 647 1575 707 culpati,
1596 647 1707 692 nihil

305 719 398 765 veri
423 718 549 779 loqui
576 727 819 779 potuerunt
857 739 868 765 ι
900 719 978 764 sed
1005 719 1109 778 quia
1140 734 1231 763 non
1262 719 1410 763 omnia
1439 735 1540 779 quae
1572 719 1711 765 locuti

307 798 428 846 sunt,
462 805 563 836 vera
597 789 792 849 putanda
823 798 940 834 sunt.
974 789 1183 843 Quamvis
1217 790 1334 834 enim
1365 789 1594 835 adversum
1623 791 1710 835 Job

311 861 424 906 nihil
440 875 595 907 verum
616 860 822 904 dixerunt
838 894 849 914 ,
876 868 1019 919 potest
1040 869 1189 905 tamen
1209 861 1338 905 etiam
1362 876 1412 906 ex
1437 877 1589 906 eorum
1611 877 1712 906 ver-

313 933 380 977 bis
399 931 593 992 aliquam
611 946 761 976 sanam
782 931 1045 976 sententiam
1062 932 1108 976 in
1125 932 1422 977 testimonium
1441 933 1636 977 veritatis
1653 948 1714 977 as·

317 1018 512 1058 sumere,
537 1004 615 1063 qui
632 1003 756 1048 novit
768 1003 985 1062 sapienter
1004 1002 1121 1048 dicta
1137 1002 1381 1049 discernere
1402 1024 1411 1050 :
1437 1004 1513 1050 sed
1533 1003 1714 1065 quando

316 1074 587 1134 inquirentes
603 1108 614 1129 ,
651 1074 828 1133 probari
862 1073 987 1118 nobis
1028 1071 1196 1134 aliquid
1228 1074 1432 1120 volumus
1466 1075 1729 1120 testimonio

316 1155 568 1193 sanctorum
601 1145 879 1206 eloquiorum
901 1181 911 1201 ,
952 1161 1042 1190 non
1075 1147 1201 1191 nobis
1239 1146 1412 1192 dicatur
1443 1145 1719 1192 credendum

318 1234 409 1264 esse
425 1218 556 1263 etiam
579 1219 701 1278 quod
723 1218 768 1262 in
792 1217 1032 1277 Evangelio
1048 1218 1259 1278 scriptum
1272 1228 1352 1274 est,
1377 1219 1413 1263 si
1430 1218 1544 1264 forte
1564 1222 1715 1264 Evan-

318 1289 469 1348 gelista
497 1304 599 1334 eum
621 1290 704 1334 hoc
733 1287 890 1333 dixisse
918 1299 1257 1344 commemorat,
1281 1290 1353 1334 cui
1374 1289 1484 1334 fides
1514 1287 1717 1334 habenda

317 1376 409 1406 non
431 1369 509 1405 est.
535 1362 644 1406 Nam
671 1358 841 1405 dictum
859 1369 923 1404 est
944 1359 1033 1404 illic
1055 1376 1079 1404 a
1103 1360 1266 1404 Judaeis
1290 1361 1478 1404 Domino
1499 1360 1677 1405 Christo
1705 1378 1714 1404 ;

324 1451 345 1475 «
369 1434 526 1479 Nonne
539 1445 691 1477 verum
713 1431 922 1486 dicimus,
948 1432 1049 1490 quia
1077 1432 1370 1476 Samaritanus
1392 1447 1436 1476 es
1451 1467 1463 1487 ,
1488 1441 1532 1477 et
1549 1431 1717 1476 daemo-

320 1522 342 1546 »
367 1504 492 1548 nium
507 1503 696 1547 habes2?
720 1520 739 1543 »
758 1504 900 1555 Quam
917 1518 1065 1547 vocem
1082 1511 1205 1548 tanto
1223 1504 1411 1562 amplius
1429 1504 1716 1559 detestamur,

321 1584 490 1635 quanto
512 1574 639 1619 nobis
655 1573 854 1620 Christus
876 1583 940 1618 est
961 1574 1135 1618 charior
1161 1593 1170 1620 :
1196 1575 1393 1619 emissam
1418 1584 1565 1620 tamen
1586 1591 1677 1620 esse
1696 1591 1719 1619 a

320 1647 486 1693 Judaeis
515 1646 719 1692 dubitare
746 1661 838 1692 non
861 1661 1116 1705 possumus,
1147 1647 1223 1707 qui
1252 1648 1547 1706 evangelicam
1570 1663 1722 1692 narra-

321 1720 487 1764 tionem
515 1718 781 1764 verissimam
810 1718 1045 1763 credimus.
1079 1721 1144 1762 Ita
1168 1733 1248 1762 nec
1274 1720 1567 1778 Evangelistae
1588 1720 1720 1765 dero-

324 1806 474 1850 gamus
505 1790 638 1835 fidem
672 1790 910 1845 scribenti,
948 1800 990 1834 et
1020 1790 1163 1834 Judaei
1192 1806 1344 1835 vocem
1380 1791 1724 1851 blasphemantis

328 1877 593 1908 execramur.
636 1865 726 1907 Nec
765 1860 906 1906 solum
942 1861 1087 1921 impiis
1126 1871 1169 1905 et
1203 1860 1404 1906 nefandis
1438 1863 1692 1907 hominibus
1708 1897 1719 1916 ,

326 1933 403 1979 sed
424 1948 506 1978 nec
532 1933 634 1992 ipsis
662 1933 707 1976 in
729 1931 817 1976 fide
846 1930 1038 1991 parvulis
1062 1941 1193 1992 atque
1215 1932 1361 1976 adhuc
1383 1932 1565 1977 rudibus
1588 1943 1631 1977 et
1652 1933 1723 1976 in·

326 2004 482 2058 doctis,
508 2003 585 2063 qui
606 2003 718 2048 forte
739 2003 800 2047 ibi
824 2002 1055 2063 loquentes
1075 2013 1492 2058 commemorantur,
1513 2014 1723 2064 tanquam

329 2075 552 2121 canonicae
574 2074 824 2119 auctoritati
847 2073 1227 2123 accommodamus
1250 2072 1399 2118 fidem.
1426 2077 1578 2135 Neque
1609 2076 1725 2119 enim

328 2148 433 2209 quia
454 2145 528 2191 ille
553 2148 677 2207 cujus
700 2145 804 2190 caeci
828 2146 919 2189 nati
942 2145 1092 2190 oculos
1114 2145 1325 2189 Dominus
1348 2155 1601 2204 aperuerat,
1628 2150 1687 2190 ait
1713 2165 1722 2191 :

334 2239 355 2262 «
382 2220 551 2266 Scimus
572 2220 675 2279 quia
696 2227 946 2284 peccatores
974 2220 1086 2261 Deus
1109 2232 1200 2261 non
1228 2217 1406 2261 exaudit
1431 2219 1470 2272 ³,
1500 2236 1519 2258 »
1547 2217 1649 2262 ideo
1670 2219 1728 2262 is-

330 2300 421 2335 tam
452 2291 714 2335 sententiam
745 2304 825 2348 pro
854 2286 1101 2346 evangelica
1135 2288 1394 2332 auctoritate
1426 2288 1486 2333 sic
1515 2288 1728 2332 debemus

330 2363 550 2422 accipere,
573 2371 623 2406 ut
639 2361 740 2421 ipsis
760 2361 806 2405 in
830 2360 1068 2419 Evangelio
1090 2360 1232 2404 verbis
1258 2360 1430 2404 Domini
1449 2360 1696 2405 resistamus
1712 2395 1724 2416 ,

333 2435 411 2495 qui
432 2449 534 2480 eum
557 2434 633 2493 qui
655 2432 763 2477 dixit
784 2452 793 2478 :
820 2451 840 2475 «
868 2431 1067 2487 Domine,
1094 2432 1308 2492 propitius
1330 2442 1424 2477 esto
1447 2432 1553 2477 mihi
1571 2447 1726 2492 pecca-

335 2525 358 2550 »
381 2508 468 2552 tori
481 2507 515 2561 4,
540 2523 561 2547 »
582 2505 718 2564 magis
725 2503 1013 2565 justificatum
1023 2503 1296 2548 descendisse
1311 2503 1366 2548 de
1387 2502 1576 2563 templo,
1592 2518 1727 2564 quam

384 2597 393 2614 ¹
412 2591 488 2634 Job,
502 2602 535 2633 u,
550 2601 584 2634 9.
600 2597 666 2614 —2
685 2593 778 2623 Joan.
798 2601 868 2630 vm,
887 2588 941 2631 48.
958 2607 1001 2614 -
1019 2587 1097 2622 ³1d.
1117 2600 1162 2631 ix,
1181 2589 1238 2622 31.
1251 2605 1293 2613 -·-
1307 2588 1323 2619 4
1346 2591 1424 2623 Luc.
1445 2600 1538 2631 xvm,
1562 2589 1613 2622 13.
