<?xml version="1.0" encoding="UTF-8"?>
<!DOCTYPE html PUBLIC "-//W3C//DTD XHTML 1.0 Transitional//EN"
    "http://www.w3.org/TR/xhtml1/DTD/xhtml1-transitional.dtd">
<html xmlns="http://www.w3.org/1999/xhtml" xml:lang="en" lang="en">
 <head>
  <title>
</title>
<meta http-equiv="Content-Type" content="text/html;charset=utf-8" />
  <meta name='ocr-system' content='tesseract 3.04.00' />
  <meta name='ocr-capabilities' content='ocr_page ocr_carea ocr_par ocr_line ocrx_word'/>
</head>
<body>
  <div class='ocr_page' id='page_1' title='image "./operaomniaaccura29auguuoft/operaomniaaccura29auguuoft_0174.png"; bbox 0 0 1803 3250; ppageno 0'>
   <div class='ocr_carea' id='block_1_1' title="bbox 358 211 1294 250">
    <p class='ocr_par' dir='ltr' id='par_1_1' title="bbox 358 211 1294 250">
     <span class='ocr_line' id='line_1_1' title="bbox 358 211 1294 250; baseline -0.002 0"><span class='ocrx_word' id='word_1_1' title='bbox 358 211 439 250; x_wconf 77' lang='lat'>164</span> <span class='ocrx_word' id='word_1_2' title='bbox 786 216 819 247; x_wconf 78' lang='lat' dir='ltr'>s.</span> <span class='ocrx_word' id='word_1_3' title='bbox 856 217 1085 248; x_wconf 71' lang='lat' dir='ltr'>mensum</span> <span class='ocrx_word' id='word_1_4' title='bbox 1118 219 1294 248; x_wconf 69' lang='lat' dir='ltr'>EPISCOPJ</span> 
     </span>
    </p>
   </div>
   <div class='ocr_carea' id='block_1_2' title="bbox 347 424 1727 444">
    <p class='ocr_par' dir='ltr' id='par_1_2' title="bbox 347 424 1727 444">
     <span class='ocr_line' id='line_1_2' title="bbox 347 424 1727 444; baseline -0.001 -2"><span class='ocrx_word' id='word_1_5' title='bbox 347 425 483 443; x_wconf 52' lang='lat' dir='ltr'>{tunm</span> <span class='ocrx_word' id='word_1_6' title='bbox 490 424 557 441; x_wconf 58' lang='lat' dir='ltr'>mm</span> <span class='ocrx_word' id='word_1_7' title='bbox 561 425 841 443; x_wconf 55' lang='lat' dir='ltr'>§mmm</span> <span class='ocrx_word' id='word_1_8' title='bbox 845 426 913 444; x_wconf 55' lang='lat' dir='ltr'>Nm</span> <span class='ocrx_word' id='word_1_9' title='bbox 917 426 950 443; x_wconf 76' lang='lat' dir='ltr'>W</span> <span class='ocrx_word' id='word_1_10' title='bbox 955 426 1022 444; x_wconf 53' lang='lat' dir='ltr'>WS&#39;!</span> <span class='ocrx_word' id='word_1_11' title='bbox 1027 425 1374 443; x_wconf 67' lang='lat' dir='ltr'>wvwvuumumww</span> <span class='ocrx_word' id='word_1_12' title='bbox 1378 425 1445 441; x_wconf 55' lang='lat' dir='ltr'>§m</span> <span class='ocrx_word' id='word_1_13' title='bbox 1449 425 1515 441; x_wconf 55' lang='grc' dir='ltr'>ἱννὶ</span> <span class='ocrx_word' id='word_1_14' title='bbox 1520 425 1587 442; x_wconf 51' lang='lat' dir='ltr'>§ww</span> <span class='ocrx_word' id='word_1_15' title='bbox 1591 425 1656 441; x_wconf 60' lang='lat' dir='ltr'>hm</span> <span class='ocrx_word' id='word_1_16' title='bbox 1662 424 1727 441; x_wconf 55' lang='lat'>“⁴1</span> 
     </span>
    </p>
   </div>
   <div class='ocr_carea' id='block_1_3' title="bbox 788 619 1286 676">
    <p class='ocr_par' dir='ltr' id='par_1_3' title="bbox 788 619 1286 676">
     <span class='ocr_line' id='line_1_3' title="bbox 788 619 1286 676; baseline -0.004 -1"><span class='ocrx_word' id='word_1_17' title='bbox 788 621 1005 676; x_wconf 73' lang='lat' dir='ltr'>LIBER</span> <span class='ocrx_word' id='word_1_18' title='bbox 1044 619 1286 676; x_wconf 81' lang='lat' dir='ltr'>XXXss.</span> 
     </span>
    </p>
   </div>
   <div class='ocr_carea' id='block_1_4' title="bbox 316 845 1727 2541">
    <p class='ocr_par' dir='ltr' id='par_1_4' title="bbox 327 845 1727 1826">
     <span class='ocr_line' id='line_1_4' title="bbox 398 845 1726 907; baseline 0 -17"><span class='ocrx_word' id='word_1_19' title='bbox 398 849 429 890; x_wconf 89' lang='lat'>1.</span> <span class='ocrx_word' id='word_1_20' title='bbox 467 848 500 890; x_wconf 90' lang='lat' dir='ltr'>F</span> <span class='ocrx_word' id='word_1_21' title='bbox 507 861 660 892; x_wconf 64' lang='lat' dir='ltr'>Ausa-us</span> <span class='ocrx_word' id='word_1_22' title='bbox 703 845 810 890; x_wconf 83' lang='lat' dir='ltr'>dixit</span> <span class='ocrx_word' id='word_1_23' title='bbox 836 863 844 891; x_wconf 91' lang='lat'>:</span> <span class='ocrx_word' id='word_1_24' title='bbox 883 865 903 888; x_wconf 89' lang='lat'>«</span> <span class='ocrx_word' id='word_1_25' title='bbox 923 847 966 891; x_wconf 91' lang='lat' dir='ltr'>Si</span> <span class='ocrx_word' id='word_1_26' title='bbox 1001 846 1157 906; x_wconf 78' lang='lat' dir='ltr'>accipis</span> <span class='ocrx_word' id='word_1_27' title='bbox 1192 847 1479 907; x_wconf 83' lang='lat' dir='ltr'>Evangelium</span> <span class='ocrx_word' id='word_1_28' title='bbox 1499 882 1509 901; x_wconf 86' lang='lat'>‚</span> <span class='ocrx_word' id='word_1_29' title='bbox 1551 846 1726 892; x_wconf 83' lang='lat' dir='ltr'>credere</span> 
     </span>
     <span class='ocr_line' id='line_1_5' title="bbox 336 915 1723 978; baseline 0 -17"><span class='ocrx_word' id='word_1_30' title='bbox 336 916 481 961; x_wconf 88' lang='lat' dir='ltr'>omnia</span> <span class='ocrx_word' id='word_1_31' title='bbox 503 915 658 970; x_wconf 86' lang='lat' dir='ltr'>debes,</span> <span class='ocrx_word' id='word_1_32' title='bbox 687 931 786 977; x_wconf 88' lang='lat' dir='ltr'>quae</span> <span class='ocrx_word' id='word_1_33' title='bbox 807 915 854 959; x_wconf 90' lang='lat' dir='ltr'>in</span> <span class='ocrx_word' id='word_1_34' title='bbox 877 915 1031 961; x_wconf 88' lang='lat' dir='ltr'>eodem</span> <span class='ocrx_word' id='word_1_35' title='bbox 1056 917 1214 978; x_wconf 81' lang='lat' dir='ltr'>scripta</span> <span class='ocrx_word' id='word_1_36' title='bbox 1231 927 1347 962; x_wconf 86' lang='lat' dir='ltr'>sunt.</span> <span class='ocrx_word' id='word_1_37' title='bbox 1376 918 1494 971; x_wconf 89' lang='lat' dir='ltr'>Quid</span> <span class='ocrx_word' id='word_1_38' title='bbox 1514 918 1630 961; x_wconf 88' lang='lat' dir='ltr'>enim</span> <span class='ocrx_word' id='word_1_39' title='bbox 1655 926 1723 971; x_wconf 81' lang='lat' dir='ltr'>tu,</span> 
     </span>
     <span class='ocr_line' id='line_1_6' title="bbox 335 987 1727 1047; baseline 0.001 -16"><span class='ocrx_word' id='word_1_40' title='bbox 335 987 438 1047; x_wconf 88' lang='lat' dir='ltr'>quia</span> <span class='ocrx_word' id='word_1_41' title='bbox 461 989 595 1031; x_wconf 90' lang='lat' dir='ltr'>Vetus</span> <span class='ocrx_word' id='word_1_42' title='bbox 613 987 771 1046; x_wconf 81' lang='lat' dir='ltr'>accipis</span> <span class='ocrx_word' id='word_1_43' title='bbox 792 989 1134 1042; x_wconf 69' lang='lat' dir='ltr'><strong>Testamentum,</strong></span> <span class='ocrx_word' id='word_1_44' title='bbox 1156 988 1398 1034; x_wconf 86' lang='lat' dir='ltr'>idcirco-ne</span> <span class='ocrx_word' id='word_1_45' title='bbox 1420 987 1559 1033; x_wconf 83' lang='lat' dir='ltr'>credis</span> <span class='ocrx_word' id='word_1_46' title='bbox 1581 989 1727 1033; x_wconf 90' lang='lat' dir='ltr'>omnia</span> 
     </span>
     <span class='ocr_line' id='line_1_7' title="bbox 332 1057 1726 1119; baseline 0.001 -19"><span class='ocrx_word' id='word_1_47' title='bbox 332 1057 508 1116; x_wconf 78' lang='lat' dir='ltr'>passim,</span> <span class='ocrx_word' id='word_1_48' title='bbox 534 1073 633 1117; x_wconf 86' lang='lat' dir='ltr'>quae</span> <span class='ocrx_word' id='word_1_49' title='bbox 655 1058 701 1101; x_wconf 87' lang='lat' dir='ltr'>in</span> <span class='ocrx_word' id='word_1_50' title='bbox 724 1057 877 1102; x_wconf 89' lang='lat' dir='ltr'>eodem</span> <span class='ocrx_word' id='word_1_51' title='bbox 891 1058 1048 1117; x_wconf 85' lang='lat' dir='ltr'>scripta</span> <span class='ocrx_word' id='word_1_52' title='bbox 1066 1061 1200 1103; x_wconf 77' lang='lat' dir='ltr'>sunt?</span> <span class='ocrx_word' id='word_1_53' title='bbox 1222 1061 1387 1119; x_wconf 90' lang='lat' dir='ltr'>Nempe</span> <span class='ocrx_word' id='word_1_54' title='bbox 1404 1058 1513 1104; x_wconf 87' lang='lat' dir='ltr'>solas</span> <span class='ocrx_word' id='word_1_55' title='bbox 1530 1058 1726 1104; x_wconf 86' lang='lat' dir='ltr'>indidem</span> 
     </span>
     <span class='ocr_line' id='line_1_8' title="bbox 333 1129 1727 1189; baseline 0.001 -16"><span class='ocrx_word' id='word_1_56' title='bbox 333 1137 612 1188; x_wconf 83' lang='lat' dir='ltr'>excerpentes</span> <span class='ocrx_word' id='word_1_57' title='bbox 633 1129 879 1188; x_wconf 85' lang='lat' dir='ltr'>prophetias</span> <span class='ocrx_word' id='word_1_58' title='bbox 893 1145 993 1188; x_wconf 85' lang='lat' dir='ltr'>quae</span> <span class='ocrx_word' id='word_1_59' title='bbox 1011 1144 1152 1187; x_wconf 84' lang='lat' dir='ltr'>regem</span> <span class='ocrx_word' id='word_1_60' title='bbox 1167 1132 1191 1174; x_wconf 86' lang='lat' dir='ltr'>J</span> <span class='ocrx_word' id='word_1_61' title='bbox 1196 1130 1331 1174; x_wconf 83' lang='lat' dir='ltr'>udaeis</span> <span class='ocrx_word' id='word_1_62' title='bbox 1348 1140 1583 1175; x_wconf 80' lang='lat' dir='ltr'>venturum</span> <span class='ocrx_word' id='word_1_63' title='bbox 1599 1130 1727 1189; x_wconf 87' lang='lat' dir='ltr'>signi-</span> 
     </span>
     <span class='ocr_line' id='line_1_9' title="bbox 331 1199 1726 1262; baseline 0.001 -19"><span class='ocrx_word' id='word_1_64' title='bbox 331 1199 522 1243; x_wconf 87' lang='lat' dir='ltr'>ficabant</span> <span class='ocrx_word' id='word_1_65' title='bbox 538 1234 549 1254; x_wconf 81' lang='lat'>‚</span> <span class='ocrx_word' id='word_1_66' title='bbox 574 1199 676 1259; x_wconf 80' lang='lat' dir='ltr'>quia</span> <span class='ocrx_word' id='word_1_67' title='bbox 698 1200 841 1258; x_wconf 89' lang='lat' dir='ltr'>ipsum</span> <span class='ocrx_word' id='word_1_68' title='bbox 864 1200 1026 1259; x_wconf 84' lang='lat' dir='ltr'>putetis</span> <span class='ocrx_word' id='word_1_69' title='bbox 1049 1215 1138 1244; x_wconf 88' lang='lat' dir='ltr'>esse</span> <span class='ocrx_word' id='word_1_70' title='bbox 1161 1203 1311 1245; x_wconf 89' lang='lat' dir='ltr'>Jesum</span> <span class='ocrx_word' id='word_1_71' title='bbox 1330 1222 1340 1259; x_wconf 75' lang='lat'>3</span> <span class='ocrx_word' id='word_1_72' title='bbox 1371 1209 1414 1246; x_wconf 90' lang='lat' dir='ltr'>et</span> <span class='ocrx_word' id='word_1_73' title='bbox 1437 1216 1575 1261; x_wconf 86' lang='lat' dir='ltr'>pauca</span> <span class='ocrx_word' id='word_1_74' title='bbox 1602 1218 1726 1262; x_wconf 77' lang='lat' dir='ltr'>quae-</span> 
     </span>
     <span class='ocr_line' id='line_1_10' title="bbox 331 1269 1725 1331; baseline 0.002 -17"><span class='ocrx_word' id='word_1_75' title='bbox 331 1269 432 1314; x_wconf 89' lang='lat' dir='ltr'>dam</span> <span class='ocrx_word' id='word_1_76' title='bbox 451 1270 691 1330; x_wconf 81' lang='lat' dir='ltr'>disciplinae</span> <span class='ocrx_word' id='word_1_77' title='bbox 709 1270 846 1316; x_wconf 85' lang='lat' dir='ltr'>civilis</span> <span class='ocrx_word' id='word_1_78' title='bbox 862 1280 1078 1331; x_wconf 73' lang='lat' dir='ltr'>praecepta</span> <span class='ocrx_word' id='word_1_79' title='bbox 1096 1273 1365 1328; x_wconf 81' lang='lat' dir='ltr'>communia,</span> <span class='ocrx_word' id='word_1_80' title='bbox 1391 1281 1439 1316; x_wconf 92' lang='lat' dir='ltr'>ut</span> <span class='ocrx_word' id='word_1_81' title='bbox 1461 1282 1523 1318; x_wconf 89' lang='lat' dir='ltr'>est</span> <span class='ocrx_word' id='word_1_82' title='bbox 1546 1292 1553 1317; x_wconf 93' lang='grc'>;</span> <span class='ocrx_word' id='word_1_83' title='bbox 1583 1292 1604 1315; x_wconf 67' lang='grc' dir='ltr'>(ι</span> <span class='ocrx_word' id='word_1_84' title='bbox 1622 1275 1725 1319; x_wconf 83' lang='grc' dir='ltr'>Νοιι</span> 
     </span>
     <span class='ocr_line' id='line_1_11' title="bbox 335 1340 1726 1402; baseline 0.001 -16"><span class='ocrx_word' id='word_1_85' title='bbox 335 1359 354 1381; x_wconf 92' lang='lat'>»</span> <span class='ocrx_word' id='word_1_86' title='bbox 382 1340 551 1386; x_wconf 88' lang='lat' dir='ltr'>occides</span> <span class='ocrx_word' id='word_1_87' title='bbox 575 1361 582 1386; x_wconf 73' lang='grc' dir='ltr'>ι</span> <span class='ocrx_word' id='word_1_88' title='bbox 609 1344 706 1386; x_wconf 88' lang='lat' dir='ltr'>Non</span> <span class='ocrx_word' id='word_1_89' title='bbox 730 1342 1058 1398; x_wconf 82' lang='lat' dir='ltr'>moechaberis¹‚</span> <span class='ocrx_word' id='word_1_90' title='bbox 1081 1361 1100 1383; x_wconf 74' lang='grc' dir='ltr'>υ</span> <span class='ocrx_word' id='word_1_91' title='bbox 1127 1353 1283 1388; x_wconf 83' lang='lat' dir='ltr'>caetera</span> <span class='ocrx_word' id='word_1_92' title='bbox 1306 1343 1656 1402; x_wconf 76' lang='lat' dir='ltr'>praetermittitis,</span> <span class='ocrx_word' id='word_1_93' title='bbox 1683 1353 1726 1388; x_wconf 87' lang='lat' dir='ltr'>et</span> 
     </span>
     <span class='ocr_line' id='line_1_12' title="bbox 331 1411 1724 1474; baseline 0.003 -19"><span class='ocrx_word' id='word_1_94' title='bbox 331 1411 599 1456; x_wconf 80' lang='lat' dir='ltr'>arbitramini</span> <span class='ocrx_word' id='word_1_95' title='bbox 617 1427 706 1457; x_wconf 88' lang='lat' dir='ltr'>esse</span> <span class='ocrx_word' id='word_1_96' title='bbox 725 1428 814 1458; x_wconf 90' lang='lat' dir='ltr'>non</span> <span class='ocrx_word' id='word_1_97' title='bbox 834 1413 978 1457; x_wconf 85' lang='lat' dir='ltr'>minus</span> <span class='ocrx_word' id='word_1_98' title='bbox 1005 1422 1136 1474; x_wconf 88' lang='lat' dir='ltr'>atque</span> <span class='ocrx_word' id='word_1_99' title='bbox 1158 1413 1310 1458; x_wconf 85' lang='lat' dir='ltr'>eadem</span> <span class='ocrx_word' id='word_1_100' title='bbox 1334 1430 1433 1474; x_wconf 84' lang='lat' dir='ltr'>quae</span> <span class='ocrx_word' id='word_1_101' title='bbox 1458 1414 1618 1459; x_wconf 82' lang='lat' dir='ltr'>Paulus</span> <span class='ocrx_word' id='word_1_102' title='bbox 1642 1429 1724 1474; x_wconf 88' lang='lat' dir='ltr'>pu—</span> 
     </span>
     <span class='ocr_line' id='line_1_13' title="bbox 333 1482 1723 1546; baseline 0.002 -20"><span class='ocrx_word' id='word_1_103' title='bbox 333 1482 438 1526; x_wconf 87' lang='lat' dir='ltr'>tavit</span> <span class='ocrx_word' id='word_1_104' title='bbox 458 1487 686 1528; x_wconf 68' lang='lat' dir='ltr'>stercora‘2.</span> <span class='ocrx_word' id='word_1_105' title='bbox 713 1483 826 1536; x_wconf 86' lang='lat' dir='ltr'>Quid</span> <span class='ocrx_word' id='word_1_106' title='bbox 847 1498 949 1542; x_wconf 86' lang='lat' dir='ltr'>ergo</span> <span class='ocrx_word' id='word_1_107' title='bbox 976 1485 1253 1543; x_wconf 85' lang='lat' dir='ltr'>peregrinum</span> <span class='ocrx_word' id='word_1_108' title='bbox 1275 1486 1357 1529; x_wconf 86' lang='lat' dir='ltr'>hoc</span> <span class='ocrx_word' id='word_1_109' title='bbox 1374 1520 1384 1540; x_wconf 85' lang='lat'>,</span> <span class='ocrx_word' id='word_1_110' title='bbox 1413 1494 1488 1529; x_wconf 84' lang='lat' dir='ltr'>aut</span> <span class='ocrx_word' id='word_1_111' title='bbox 1510 1485 1618 1546; x_wconf 91' lang='lat' dir='ltr'>quid</span> <span class='ocrx_word' id='word_1_112' title='bbox 1640 1486 1723 1529; x_wconf 91' lang='lat' dir='ltr'>mi-</span> 
     </span>
     <span class='ocr_line' id='line_1_14' title="bbox 331 1553 1724 1617; baseline 0.003 -20"><span class='ocrx_word' id='word_1_113' title='bbox 331 1568 428 1597; x_wconf 90' lang='lat' dir='ltr'>rum</span> <span class='ocrx_word' id='word_1_114' title='bbox 451 1563 534 1609; x_wconf 83' lang='lat' dir='ltr'>est,</span> <span class='ocrx_word' id='word_1_115' title='bbox 561 1554 594 1598; x_wconf 89' lang='lat' dir='ltr'>si</span> <span class='ocrx_word' id='word_1_116' title='bbox 617 1563 660 1598; x_wconf 92' lang='lat' dir='ltr'>et</span> <span class='ocrx_word' id='word_1_117' title='bbox 682 1568 761 1612; x_wconf 78' lang='lat' dir='ltr'>ego</span> <span class='ocrx_word' id='word_1_118' title='bbox 781 1553 835 1598; x_wconf 91' lang='lat' dir='ltr'>de</span> <span class='ocrx_word' id='word_1_119' title='bbox 860 1557 1136 1598; x_wconf 87' lang='lat' dir='ltr'>Testamento</span> <span class='ocrx_word' id='word_1_120' title='bbox 1155 1558 1277 1600; x_wconf 91' lang='lat' dir='ltr'>Novo</span> <span class='ocrx_word' id='word_1_121' title='bbox 1293 1557 1519 1615; x_wconf 87' lang='lat' dir='ltr'>purissima</span> <span class='ocrx_word' id='word_1_122' title='bbox 1535 1572 1724 1617; x_wconf 82' lang='lat' dir='ltr'>quaeque</span> 
     </span>
     <span class='ocr_line' id='line_1_15' title="bbox 330 1624 1722 1688; baseline 0.003 -20"><span class='ocrx_word' id='word_1_123' title='bbox 330 1624 474 1684; x_wconf 87' lang='lat' dir='ltr'>legens</span> <span class='ocrx_word' id='word_1_124' title='bbox 506 1634 551 1669; x_wconf 93' lang='lat' dir='ltr'>et</span> <span class='ocrx_word' id='word_1_125' title='bbox 586 1640 690 1668; x_wconf 67' lang='lat' dir='ltr'>meze</span> <span class='ocrx_word' id='word_1_126' title='bbox 722 1624 849 1669; x_wconf 86' lang='lat' dir='ltr'>saluti</span> <span class='ocrx_word' id='word_1_127' title='bbox 876 1626 1179 1670; x_wconf 87' lang='lat' dir='ltr'>convenientia</span> <span class='ocrx_word' id='word_1_128' title='bbox 1199 1661 1209 1681; x_wconf 80' lang='lat'>‚</span> <span class='ocrx_word' id='word_1_129' title='bbox 1246 1627 1534 1686; x_wconf 75' lang='lat' dir='ltr'>praetermitto</span> <span class='ocrx_word' id='word_1_130' title='bbox 1569 1644 1668 1688; x_wconf 87' lang='lat' dir='ltr'>quae</span> <span class='ocrx_word' id='word_1_131' title='bbox 1700 1644 1722 1672; x_wconf 91' lang='lat' dir='ltr'>a</span> 
     </span>
     <span class='ocr_line' id='line_1_16' title="bbox 327 1696 1722 1760; baseline 0.004 -20"><span class='ocrx_word' id='word_1_132' title='bbox 327 1697 476 1741; x_wconf 85' lang='lat' dir='ltr'>vestris</span> <span class='ocrx_word' id='word_1_133' title='bbox 498 1697 735 1757; x_wconf 84' lang='lat' dir='ltr'>majoribus</span> <span class='ocrx_word' id='word_1_134' title='bbox 758 1696 938 1741; x_wconf 89' lang='lat' dir='ltr'>inducta</span> <span class='ocrx_word' id='word_1_135' title='bbox 968 1696 1204 1753; x_wconf 82' lang='lat' dir='ltr'>fallaciter,</span> <span class='ocrx_word' id='word_1_136' title='bbox 1237 1707 1281 1743; x_wconf 86' lang='lat' dir='ltr'>et</span> <span class='ocrx_word' id='word_1_137' title='bbox 1299 1700 1566 1760; x_wconf 87' lang='lat' dir='ltr'>majestatem</span> <span class='ocrx_word' id='word_1_138' title='bbox 1588 1700 1722 1760; x_wconf 85' lang='lat' dir='ltr'>ipsius</span> 
     </span>
     <span class='ocr_line' id='line_1_17' title="bbox 327 1767 918 1826; baseline -0.007 -14"><span class='ocrx_word' id='word_1_139' title='bbox 327 1777 370 1812; x_wconf 79' lang='lat' dir='ltr'>ct</span> <span class='ocrx_word' id='word_1_140' title='bbox 393 1768 575 1826; x_wconf 86' lang='lat' dir='ltr'>gratiam</span> <span class='ocrx_word' id='word_1_141' title='bbox 597 1767 884 1812; x_wconf 79' lang='lat' dir='ltr'>decolorant?</span> <span class='ocrx_word' id='word_1_142' title='bbox 900 1786 918 1808; x_wconf 68' lang='grc' dir='ltr'>η</span> 
     </span>
    </p>

    <p class='ocr_par' dir='ltr' id='par_1_5' title="bbox 316 1839 1720 2541">
     <span class='ocr_line' id='line_1_18' title="bbox 387 1839 1720 1902; baseline 0.002 -19"><span class='ocrx_word' id='word_1_143' title='bbox 387 1842 443 1883; x_wconf 90' lang='lat' dir='ltr'>lI.</span> <span class='ocrx_word' id='word_1_144' title='bbox 484 1858 503 1881; x_wconf 86' lang='lat'>«</span> <span class='ocrx_word' id='word_1_145' title='bbox 526 1842 593 1883; x_wconf 82' lang='lat' dir='ltr'>An</span> <span class='ocrx_word' id='word_1_146' title='bbox 616 1839 651 1883; x_wconf 92' lang='lat' dir='ltr'>si</span> <span class='ocrx_word' id='word_1_147' title='bbox 670 1839 805 1883; x_wconf 86' lang='lat' dir='ltr'>Patris</span> <span class='ocrx_word' id='word_1_148' title='bbox 820 1840 1145 1884; x_wconf 89' lang='lat' dir='ltr'>Testamentum</span> <span class='ocrx_word' id='word_1_149' title='bbox 1168 1839 1473 1901; x_wconf 81' lang='lat' dir='ltr'>habetaliqua,</span> <span class='ocrx_word' id='word_1_150' title='bbox 1499 1841 1544 1885; x_wconf 90' lang='lat' dir='ltr'>in</span> <span class='ocrx_word' id='word_1_151' title='bbox 1559 1841 1720 1902; x_wconf 79' lang='lat' dir='ltr'>quihus</span> 
     </span>
     <span class='ocr_line' id='line_1_19' title="bbox 324 1908 1719 1969; baseline 0.002 -15"><span class='ocrx_word' id='word_1_152' title='bbox 324 1924 476 1969; x_wconf 80' lang='lat' dir='ltr'>parum</span> <span class='ocrx_word' id='word_1_153' title='bbox 507 1908 666 1954; x_wconf 87' lang='lat' dir='ltr'>debeat</span> <span class='ocrx_word' id='word_1_154' title='bbox 692 1908 856 1964; x_wconf 84' lang='lat' dir='ltr'>audiri,</span> <span class='ocrx_word' id='word_1_155' title='bbox 878 1910 1046 1967; x_wconf 86' lang='lat' dir='ltr'>(Patris</span> <span class='ocrx_word' id='word_1_156' title='bbox 1080 1910 1196 1953; x_wconf 85' lang='lat' dir='ltr'>enim</span> <span class='ocrx_word' id='word_1_157' title='bbox 1227 1926 1315 1955; x_wconf 90' lang='lat' dir='ltr'>esse</span> <span class='ocrx_word' id='word_1_158' title='bbox 1339 1912 1466 1955; x_wconf 86' lang='lat' dir='ltr'>vultis</span> <span class='ocrx_word' id='word_1_159' title='bbox 1490 1911 1719 1957; x_wconf 82' lang='lat' dir='ltr'>Juda&#39;i&#39;cam</span> 
     </span>
     <span class='ocr_line' id='line_1_20' title="bbox 326 1980 1718 2044; baseline 0.002 -20"><span class='ocrx_word' id='word_1_160' title='bbox 326 1980 489 2040; x_wconf 85' lang='lat' dir='ltr'>legem,</span> <span class='ocrx_word' id='word_1_161' title='bbox 515 1981 638 2040; x_wconf 88' lang='lat' dir='ltr'>cujus</span> <span class='ocrx_word' id='word_1_162' title='bbox 656 1981 856 2025; x_wconf 91' lang='lat' dir='ltr'>novimus</span> <span class='ocrx_word' id='word_1_163' title='bbox 876 1996 1007 2041; x_wconf 82' lang='lat' dir='ltr'>quam</span> <span class='ocrx_word' id='word_1_164' title='bbox 1032 1980 1169 2026; x_wconf 84' lang='lat' dir='ltr'>multa</span> <span class='ocrx_word' id='word_1_165' title='bbox 1187 1982 1310 2026; x_wconf 84' lang='lat' dir='ltr'>vobis</span> <span class='ocrx_word' id='word_1_166' title='bbox 1326 1983 1568 2038; x_wconf 83' lang='lat' dir='ltr'>horrorem,</span> <span class='ocrx_word' id='word_1_167' title='bbox 1588 1998 1718 2044; x_wconf 86' lang='lat' dir='ltr'>quam</span> 
     </span>
     <span class='ocr_line' id='line_1_21' title="bbox 328 2050 1717 2115; baseline 0.003 -20"><span class='ocrx_word' id='word_1_168' title='bbox 328 2050 464 2096; x_wconf 87' lang='lat' dir='ltr'>multa</span> <span class='ocrx_word' id='word_1_169' title='bbox 485 2051 700 2111; x_wconf 86' lang='lat' dir='ltr'>pudorem</span> <span class='ocrx_word' id='word_1_170' title='bbox 719 2052 901 2107; x_wconf 81' lang='lat' dir='ltr'>faciant,</span> <span class='ocrx_word' id='word_1_171' title='bbox 928 2061 977 2096; x_wconf 92' lang='lat' dir='ltr'>ut</span> <span class='ocrx_word' id='word_1_172' title='bbox 993 2061 1209 2112; x_wconf 87' lang='lat' dir='ltr'>quantum</span> <span class='ocrx_word' id='word_1_173' title='bbox 1231 2053 1287 2098; x_wconf 84' lang='lat' dir='ltr'>ad</span> <span class='ocrx_word' id='word_1_174' title='bbox 1308 2054 1504 2099; x_wconf 83' lang='lat' dir='ltr'>animum</span> <span class='ocrx_word' id='word_1_175' title='bbox 1518 2055 1608 2115; x_wconf 82' lang='lat' dir='ltr'>jam</span> <span class='ocrx_word' id='word_1_176' title='bbox 1631 2054 1717 2099; x_wconf 79' lang='lat' dir='ltr'>(lu-</span> 
     </span>
     <span class='ocr_line' id='line_1_22' title="bbox 326 2122 1717 2186; baseline 0.003 -20"><span class='ocrx_word' id='word_1_177' title='bbox 326 2123 431 2167; x_wconf 88' lang='lat' dir='ltr'>dum</span> <span class='ocrx_word' id='word_1_178' title='bbox 469 2122 548 2182; x_wconf 89' lang='lat' dir='ltr'>ipsi</span> <span class='ocrx_word' id='word_1_179' title='bbox 577 2122 872 2182; x_wconf 86' lang='lat' dir='ltr'>judicaveritis</span> <span class='ocrx_word' id='word_1_180' title='bbox 895 2138 990 2168; x_wconf 88' lang='lat' dir='ltr'>eam</span> <span class='ocrx_word' id='word_1_181' title='bbox 1014 2139 1104 2168; x_wconf 89' lang='lat' dir='ltr'>non</span> <span class='ocrx_word' id='word_1_182' title='bbox 1132 2139 1222 2168; x_wconf 91' lang='lat' dir='ltr'>esse</span> <span class='ocrx_word' id='word_1_183' title='bbox 1245 2125 1455 2170; x_wconf 79' lang='lat' dir='ltr'>sinceram</span> <span class='ocrx_word' id='word_1_184' title='bbox 1472 2160 1482 2180; x_wconf 87' lang='lat'>‚</span> <span class='ocrx_word' id='word_1_185' title='bbox 1519 2126 1717 2186; x_wconf 85' lang='lat' dir='ltr'>quamvis</span> 
     </span>
     <span class='ocr_line' id='line_1_23' title="bbox 324 2194 1716 2257; baseline 0.003 -20"><span class='ocrx_word' id='word_1_186' title='bbox 324 2194 483 2253; x_wconf 87' lang='lat' dir='ltr'>partim</span> <span class='ocrx_word' id='word_1_187' title='bbox 511 2197 636 2239; x_wconf 84' lang='lat' dir='ltr'>Pater</span> <span class='ocrx_word' id='word_1_188' title='bbox 657 2195 762 2255; x_wconf 88' lang='lat' dir='ltr'>ipse,</span> <span class='ocrx_word' id='word_1_189' title='bbox 789 2204 838 2239; x_wconf 92' lang='lat' dir='ltr'>ut</span> <span class='ocrx_word' id='word_1_190' title='bbox 859 2195 1054 2250; x_wconf 85' lang='lat' dir='ltr'>creditis,</span> <span class='ocrx_word' id='word_1_191' title='bbox 1080 2195 1215 2253; x_wconf 84' lang='lat' dir='ltr'>digito</span> <span class='ocrx_word' id='word_1_192' title='bbox 1238 2211 1316 2241; x_wconf 91' lang='lat' dir='ltr'>suo</span> <span class='ocrx_word' id='word_1_193' title='bbox 1334 2212 1428 2241; x_wconf 81' lang='lat' dir='ltr'>cam</span> <span class='ocrx_word' id='word_1_194' title='bbox 1451 2196 1591 2253; x_wconf 81' lang='lat' dir='ltr'>vobis,</span> <span class='ocrx_word' id='word_1_195' title='bbox 1615 2214 1716 2257; x_wconf 83' lang='lat' dir='ltr'>par-</span> 
     </span>
     <span class='ocr_line' id='line_1_24' title="bbox 323 2264 1712 2326; baseline 0.002 -17"><span class='ocrx_word' id='word_1_196' title='bbox 323 2265 398 2309; x_wconf 82' lang='lat' dir='ltr'>tim</span> <span class='ocrx_word' id='word_1_197' title='bbox 433 2268 601 2323; x_wconf 85' lang='lat' dir='ltr'>Moyses</span> <span class='ocrx_word' id='word_1_198' title='bbox 637 2266 853 2326; x_wconf 84' lang='lat' dir='ltr'>scripserit</span> <span class='ocrx_word' id='word_1_199' title='bbox 875 2301 884 2321; x_wconf 93' lang='lat'>,</span> <span class='ocrx_word' id='word_1_200' title='bbox 928 2264 1065 2310; x_wconf 87' lang='lat' dir='ltr'>fidelis</span> <span class='ocrx_word' id='word_1_201' title='bbox 1102 2275 1144 2311; x_wconf 89' lang='lat' dir='ltr'>et</span> <span class='ocrx_word' id='word_1_202' title='bbox 1178 2267 1420 2326; x_wconf 73' lang='lat' dir='ltr'>i11t0g01¹3,)</span> <span class='ocrx_word' id='word_1_203' title='bbox 1448 2267 1580 2313; x_wconf 82' lang='lat' dir='ltr'>solius</span> <span class='ocrx_word' id='word_1_204' title='bbox 1620 2268 1712 2312; x_wconf 80' lang='lat' dir='ltr'>Filii</span> 
     </span>
     <span class='ocr_line' id='line_1_25' title="bbox 321 2337 1714 2398; baseline 0.001 -18"><span class='ocrx_word' id='word_1_205' title='bbox 321 2337 482 2396; x_wconf 89' lang='lat' dir='ltr'>putatis</span> <span class='ocrx_word' id='word_1_206' title='bbox 502 2339 826 2382; x_wconf 84' lang='lat' dir='ltr'>Testamentum</span> <span class='ocrx_word' id='word_1_207' title='bbox 856 2352 945 2382; x_wconf 92' lang='lat' dir='ltr'>non</span> <span class='ocrx_word' id='word_1_208' title='bbox 974 2337 1164 2396; x_wconf 88' lang='lat' dir='ltr'>potuisse</span> <span class='ocrx_word' id='word_1_209' title='bbox 1184 2338 1408 2398; x_wconf 89' lang='lat' dir='ltr'>corrumpi</span> <span class='ocrx_word' id='word_1_210' title='bbox 1424 2373 1435 2393; x_wconf 89' lang='lat'>‚</span> <span class='ocrx_word' id='word_1_211' title='bbox 1460 2338 1601 2384; x_wconf 91' lang='lat' dir='ltr'>solum</span> <span class='ocrx_word' id='word_1_212' title='bbox 1624 2354 1714 2383; x_wconf 90' lang='lat' dir='ltr'>non</span> 
     </span>
     <span class='ocr_line' id='line_1_26' title="bbox 316 2406 1711 2469; baseline 0.002 -19"><span class='ocrx_word' id='word_1_213' title='bbox 316 2406 476 2451; x_wconf 86' lang='lat' dir='ltr'>habere</span> <span class='ocrx_word' id='word_1_214' title='bbox 497 2407 683 2469; x_wconf 86' lang='lat' dir='ltr'>aliquid,</span> <span class='ocrx_word' id='word_1_215' title='bbox 709 2407 828 2469; x_wconf 86' lang='lat' dir='ltr'>quod</span> <span class='ocrx_word' id='word_1_216' title='bbox 858 2408 902 2451; x_wconf 91' lang='lat' dir='ltr'>in</span> <span class='ocrx_word' id='word_1_217' title='bbox 923 2423 967 2451; x_wconf 89' lang='lat' dir='ltr'>se</span> <span class='ocrx_word' id='word_1_218' title='bbox 993 2407 1152 2452; x_wconf 87' lang='lat' dir='ltr'>debeat</span> <span class='ocrx_word' id='word_1_219' title='bbox 1174 2409 1446 2468; x_wconf 80' lang='lat' dir='ltr'>improbari?</span> <span class='ocrx_word' id='word_1_220' title='bbox 1470 2411 1711 2469; x_wconf 73' lang='lat' dir='ltr'>praesertim</span> 
     </span>
     <span class='ocr_line' id='line_1_27' title="bbox 318 2479 1706 2541; baseline 0.003 -18"><span class='ocrx_word' id='word_1_221' title='bbox 318 2479 438 2539; x_wconf 86' lang='lat' dir='ltr'>quod</span> <span class='ocrx_word' id='word_1_222' title='bbox 461 2494 540 2523; x_wconf 86' lang='lat' dir='ltr'>nec</span> <span class='ocrx_word' id='word_1_223' title='bbox 558 2479 613 2524; x_wconf 88' lang='lat' dir='ltr'>ab</span> <span class='ocrx_word' id='word_1_224' title='bbox 635 2481 726 2539; x_wconf 91' lang='lat' dir='ltr'>ipso</span> <span class='ocrx_word' id='word_1_225' title='bbox 751 2480 960 2539; x_wconf 85' lang='lat' dir='ltr'>scriptum</span> <span class='ocrx_word' id='word_1_226' title='bbox 978 2488 1170 2534; x_wconf 83' lang='lat' dir='ltr'>constat,</span> <span class='ocrx_word' id='word_1_227' title='bbox 1191 2495 1271 2524; x_wconf 88' lang='lat' dir='ltr'>nec</span> <span class='ocrx_word' id='word_1_228' title='bbox 1290 2481 1344 2525; x_wconf 87' lang='lat' dir='ltr'>ab</span> <span class='ocrx_word' id='word_1_229' title='bbox 1359 2482 1450 2541; x_wconf 86' lang='lat' dir='ltr'>ejus</span> <span class='ocrx_word' id='word_1_230' title='bbox 1469 2480 1706 2541; x_wconf 82' lang='lat' dir='ltr'>ApostoliS,</span> 
     </span>
    </p>
   </div>
   <div class='ocr_carea' id='block_1_5' title="bbox 372 2576 1356 2620">
    <p class='ocr_par' dir='ltr' id='par_1_6' title="bbox 372 2576 1356 2620">
     <span class='ocr_line' id='line_1_28' title="bbox 372 2576 1356 2620; baseline 0 -9"><span class='ocrx_word' id='word_1_231' title='bbox 372 2584 377 2599; x_wconf 92' lang='lat'>¹</span> <span class='ocrx_word' id='word_1_232' title='bbox 410 2582 491 2611; x_wconf 78' lang='lat' dir='ltr'>Dcut</span> <span class='ocrx_word' id='word_1_233' title='bbox 530 2589 687 2618; x_wconf 68' lang='lat' dir='ltr'>v,17.—-</span> <span class='ocrx_word' id='word_1_234' title='bbox 706 2585 716 2601; x_wconf 80' lang='lat'>2</span> <span class='ocrx_word' id='word_1_235' title='bbox 738 2578 849 2620; x_wconf 71' lang='lat' dir='ltr'>Philip.</span> <span class='ocrx_word' id='word_1_236' title='bbox 871 2589 918 2619; x_wconf 84' lang='lat'>111,</span> <span class='ocrx_word' id='word_1_237' title='bbox 938 2580 969 2613; x_wconf 82' lang='grc'>8.</span> <span class='ocrx_word' id='word_1_238' title='bbox 989 2595 1029 2600; x_wconf 93' lang='lat'>——</span> <span class='ocrx_word' id='word_1_239' title='bbox 1048 2576 1059 2600; x_wconf 81' lang='lat'>3</span> <span class='ocrx_word' id='word_1_240' title='bbox 1078 2578 1175 2611; x_wconf 66' lang='lat' dir='ltr'>Exotl.</span> <span class='ocrx_word' id='word_1_241' title='bbox 1200 2590 1283 2617; x_wconf 70' lang='lat' dir='ltr'>xxxi,</span> <span class='ocrx_word' id='word_1_242' title='bbox 1309 2578 1356 2611; x_wconf 82' lang='lat'>18.</span> 
     </span>
    </p>
   </div>
  </div>
 </body>
</html>
