1803 3250
292 186 375 226 2⁴6
723 194 755 225 s.
796 194 1024 224 mausum
1062 197 1240 225 ΕΡιεεονι

290 277 388 306 eum
422 259 563 303 verbis
590 258 907 319 blasphemasse
937 270 1142 321 apparet,
1173 261 1231 306 ita
1254 269 1304 305 ut
1326 262 1446 322 pejus
1473 262 1678 324 blasphe-

290 346 408 376 mare
430 329 544 373 l'orte
566 343 654 372 non
682 338 851 389 posset,
884 340 959 375 aut
995 331 1225 375 anathema
1258 330 1382 375 illum
1407 331 1508 376 talia
1527 334 1680 380 dicen-

291 412 393 455 tem,
419 408 495 444 aut
517 408 566 444 tu
586 415 686 444 cum
704 399 779 445 illo
799 401 1146 446 anathemandus
1169 417 1213 446 es
1236 410 1278 446 et
1299 402 1589 462 abjiciendus.

345 473 445 517 XX.
467 473 573 516 Fm..
598 470 732 517 dixit:
753 490 774 514 «
790 473 1056 518 Manichaeus
1073 473 1178 518 dicit
1194 473 1296 534 quia
1314 472 1481 533 polluta
1501 484 1564 519 est
1578 490 1680 535 pars

287 544 394 602 Dei,
420 551 464 588 et
489 542 687 589 Christus
721 543 852 600 dicit,
887 545 990 604 quia
1011 544 1181 605 polluta
1203 554 1268 591 est
1288 545 1459 602 anima,
1491 555 1536 591 et
1562 548 1683 593 venit

287 615 472 661 liberare
492 614 612 660 illam
634 615 689 660 de
707 614 967 675 pollutione.

348 689 462 732 Auo.
488 685 598 731 dixit
620 706 628 732 :
658 706 678 729 «
697 687 783 732 Sed
803 688 944 731 anima
963 702 1053 732 non
1070 696 1134 731 est
1156 702 1254 746 pars
1280 688 1374 732 Dei.
1398 690 1508 734 Nam
1522 690 1613 749 jam
1629 698 1681 736 tu

288 757 511 805 confessus
530 774 574 804 es
588 793 600 815 ,
626 759 729 820 quia
745 758 1015 803 Manichacus
1033 758 1141 803 dixit
1159 758 1374 818 pollutam
1390 769 1558 820 partem
1574 761 1651 806 Dei
1669 781 1679 808 :

288 846 368 877 nos
380 840 525 876 autem
539 829 751 889 pollutam
766 828 952 874 dicimus
966 830 1157 875 animam
1174 846 1224 876 ex
1236 831 1464 877 voluntate
1480 834 1648 892 peccati
1664 854 1676 892 3

288 917 378 947 non
387 916 477 946 esse
485 910 628 945 autem
639 900 826 945 animam
838 910 1005 960 partem
1018 902 1111 958 Dei,
1123 918 1213 948 non
1225 902 1280 948 de
1289 906 1379 948 Deo
1391 903 1597 962 genitam,
1607 903 1685 950 sed

288 989 311 1018 a
326 976 416 1017 Deo
426 970 600 1016 factam.
615 971 683 1016 Sic
698 985 799 1029 ergo
814 971 974 1016 dicitur
989 973 1133 1018 anima
1147 989 1198 1017 ex
1213 976 1319 1029 Deo,
1340 989 1504 1033 quomo
1522 974 1686 1020 dicitur

289 1042 467 1104 aliquod
479 1058 589 1103 opus
603 1041 715 1087 fabri
732 1057 785 1086 ex
796 1042 979 1088 artificio
991 1045 1098 1104 ejus,
1115 1044 1186 1089 vel
1203 1060 1254 1089 ex
1271 1045 1365 1104 ipso
1388 1044 1572 1100 factum,
1594 1061 1684 1091 non

288 1125 436 1161 tamen
455 1115 510 1159 de
530 1115 624 1174 ipso
642 1113 855 1173 genitum,
873 1115 984 1160 sicut
1006 1113 1122 1160 filius
1140 1117 1247 1176 ejus.
1276 1118 1341 1161 Tu
1359 1131 1461 1175 ergo
1476 1116 1579 1177 quia
1591 1118 1684 1177 jam

289 1186 512 1233 confessus
537 1201 581 1231 es
606 1186 901 1232 Manichaeum
932 1186 1088 1232 dixisse
1122 1187 1260 1247 pollui
1292 1197 1460 1247 partem
1499 1188 1603 1243 Dei,
1643 1196 1687 1232 et

288 1261 380 1320 jam
401 1257 572 1303 dudum
594 1257 738 1301 dixisti
761 1258 1131 1303 anathemandum
1150 1294 1160 1314 ,
1187 1259 1263 1319 qui
1286 1258 1394 1303 dicit
1419 1258 1687 1318 corruptibi-

292 1330 379 1375 lem
405 1330 476 1376 vel
504 1330 887 1374 contaminabilem
920 1333 1058 1374 Deum
1076 1365 1087 1386 ,
1122 1330 1193 1376 vel
1224 1339 1424 1374 naturam
1459 1331 1686 1389 ejus3jam

293 1401 606 1457 anathemasti,
632 1401 754 1461 quod
775 1417 865 1446 non
887 1402 949 1446 vis
968 1400 1106 1446 fateri.
1134 1403 1228 1446 Hoc
1251 1402 1365 1445 enim
1389 1401 1510 1462 quod
1525 1401 1684 1458 dixisti,

294 1473 396 1534 quia
418 1471 632 1531 polluitur
662 1481 705 1517 et
727 1473 831 1531 quia
852 1472 1093 1517 mundatur
1109 1507 1120 1528 ,
1152 1473 1236 1517 hoc
1258 1472 1399 1532 ipsum
1433 1471 1553 1532 quod
1581 1471 1688 1518 dicis

294 1543 548 1598 mundatur,
574 1543 818 1602 expressisti
841 1543 942 1603 quia
961 1542 1198 1603 polluitur,
1227 1553 1272 1588 et
1299 1559 1388 1589 non
1410 1544 1545 1588 habes
1567 1542 1688 1588 unde

295 1614 451 1660 evadas
483 1633 493 1660 ι
529 1623 573 1658 et
604 1614 874 1659 Manichaeus
890 1649 901 1670 ,
929 1623 974 1659 et
993 1623 1043 1659 tu
1065 1613 1210 1659 dixisti
1232 1615 1336 1675 quia
1359 1613 1572 1674 polluitur
1593 1629 1690 1674 pars

296 1687 387 1731 Dei.
414 1685 660 1730 Anathema
682 1700 784 1744 ergo
812 1686 1134 1743 Manichaeum,
1166 1695 1242 1731 aut
1271 1685 1617 1731 anathemandus
1646 1699 1692 1730 es

297 1773 398 1803 cum
412 1757 673 1802 Manichoeo.

359 1832 465 1874 Fm..
491 1828 599 1873 dixit
620 1847 629 1874 :
660 1829 793 1887 «Ego
814 1843 904 1873 non
922 1845 945 1873 a
963 1829 1208 1874 Manichaeo
1226 1828 1383 1885 didici,
1405 1828 1508 1888 quia
1524 1827 1693 1888 polluta

301 1909 366 1945 est
387 1914 486 1959 pars
507 1899 586 1944 Dei
613 1919 622 1945 :
647 1899 723 1943 sed
745 1915 768 1943 a
790 1900 964 1945 Christo
985 1898 1119 1945 didici
1138 1934 1149 1956 ,
1174 1899 1277 1960 quia
1301 1908 1480 1959 propter
1503 1898 1693 1944 animam

299 1972 419 2017 venit
440 1987 540 2032 quae
563 1969 731 2031 polluta
749 1980 855 2016 erat.
876 1989 897 2013 »

361 2047 475 2089 Auc.
500 2042 608 2088 dixit
634 2063 644 2090 :
669 2046 707 2088 Α
734 2043 907 2089 Christo
936 2058 1026 2088 non
1054 2042 1267 2099 didicisti,
1298 2042 1402 2102 quia
1425 2041 1569 2086 anima
1596 2055 1693 2102 pars

301 2116 380 2160 Dei
402 2124 481 2160 est.

361 2189 468 2231 Fm..
493 2184 600 2230 dixit
622 2203 632 2231 :
660 2203 678 2225 α
696 2187 735 2230 Α
755 2184 930 2231 Christo
951 2182 1100 2240 didici,
1124 2184 1228 2245 quia
1243 2184 1388 2228 anima
1405 2198 1457 2227 ex
1468 2185 1560 2228 Deo
1577 2191 1693 2227 est.»

361 2260 476 2303 Aue.
501 2256 608 2301 dixit
632 2275 641 2302 :
667 2259 724 2301 Et
745 2272 823 2301 nos
842 2253 1072 2300 didicimus
1088 2290 1099 2311 ,
1129 2255 1231 2316 quia
1256 2255 1400 2300 anima
1422 2269 1474 2298 ex
1496 2257 1587 2299 Deo
1609 2262 1692 2310 est,

304 2327 381 2374 sed
402 2344 491 2374 non
513 2337 577 2373 est
597 2343 695 2388 pars
712 2327 805 2372 Dei.
824 2327 893 2373 Sic
911 2335 974 2371 est
991 2326 1107 2370 enim
1128 2326 1271 2370 anima
1283 2341 1335 2370 ex
1349 2328 1455 2380 Deo,
1472 2324 1697 2386 quomodo

305 2399 474 2446 factura
491 2416 544 2445 ex
565 2400 757 2459 artifice,
781 2415 872 2444 non
893 2399 948 2443 de
970 2401 1080 2454 De0,
1106 2398 1215 2443 sicut
1231 2397 1346 2442 filius
1364 2398 1420 2442 de
1437 2407 1575 2458 patre.

365 2474 470 2516 Fu.
488 2470 599 2516 dixit
620 2490 629 2516 :
654 2490 673 2514 «
691 2474 753 2516 De
769 2469 1013 2531 pollutione
1031 2470 1223 2529 agimus:
1240 2469 1274 2514 si
1293 2467 1461 2528 polluta
1475 2477 1539 2513 est
1554 2467 1698 2514 anima

305 2557 407 2603 quae
428 2558 480 2587 ex
499 2545 588 2587 Deo
607 2550 670 2587 est
686 2576 698 2598 ,
724 2551 768 2586 et
784 2550 927 2602 potest
947 2540 1121 2601 purgari
1142 2556 1164 2585 a
1187 2539 1361 2586 Christo
1378 2573 1390 2595 ‚
1419 2538 1496 2599 qui
1522 2553 1602 2599 pro
1621 2537 1696 2584 illa
