1803 3250
306 138 386 179 1⁴12
724 147 757 176 s.
795 148 1023 178 Aucusnm
1058 152 1236 178 EPlscol’l

300 215 559 268 contexitur,
593 213 803 257 continuo
837 212 952 259 dices
987 214 1103 258 illam
1142 215 1434 259 narrationem
1471 231 1560 260 non
1597 232 1685 261 esse

300 284 519 339 Matthaei,
545 299 676 344 quam
698 285 894 329 Matthaei
912 295 1021 331 essct
1043 285 1149 330 dicit
1170 287 1367 331 universa
1390 286 1606 343 Ecclesia,
1632 288 1687 332 ab

299 354 543 416 apostolicis
575 353 750 400 sedibus
778 372 915 417 usque
946 357 1000 401 ad
1041 365 1272 416 praesentes
1309 356 1533 417 episcopos
1571 367 1689 403 certa

299 426 566 472 successione
596 425 820 486 perducta.
858 430 924 472 Tu
954 428 1060 472 mihi
1086 427 1194 488 quid
1224 437 1376 474 contra
1403 427 1596 473 lecturus
1617 430 1690 474 es?

297 497 501 558 Aliquem
528 498 642 543 sorte
663 498 826 544 librum
847 499 1094 555 Manichaei,
1129 499 1207 543 ubi
1235 501 1358 544 Jesus
1390 508 1573 559 negatur
1600 513 1691 545 esse

292 578 418 615 natus
439 585 490 614 ex
513 570 693 629 virgine.
727 571 848 617 Sicut
868 586 970 630 ergo
997 587 1078 631 ego
1103 571 1234 616 credo
1257 570 1382 615 illum
1409 570 1572 616 librum
1601 586 1691 616 esse

290 641 536 698 Manichaei,
554 643 764 703 quoniam
785 658 835 688 ex
858 643 951 703 ipso
973 653 1003 688 to
1015 659 1167 703 mpore
1184 659 1274 704 quo
1291 642 1558 689 Manichaeus
1575 644 1692 689 vive·

290 713 365 758 bat
381 713 426 759 in
447 728 594 770 carne,
620 729 698 774 per
720 714 956 775 discipulos
977 716 1071 775 ejus
1091 724 1209 760 certa
1231 715 1501 760 successione
1518 729 1690 775 praepo-

290 785 473 830 sitorum
505 793 748 831 vestrorum
785 785 840 830 ad
874 795 1016 831 vestra
1045 800 1184 846 usque
1218 795 1416 847 tempora
1445 786 1691 832 custoditus

292 865 424 917 atque
440 856 676 916 perductus
693 865 781 913 est,
804 856 863 900 sic
881 865 924 900 et
945 856 1078 901 istum
1100 855 1264 902 librum
1282 858 1450 903 credite
1468 872 1559 902 esse
1574 859 1691 902 Mat-

295 928 418 983 thaei,
447 942 579 987 quem
611 942 662 972 ex
683 926 759 971 illo
788 935 983 987 tempore
1005 942 1095 989 quo
1117 930 1352 974 Matthaeus
1374 928 1467 988 ipse
1488 928 1534 972 in
1557 942 1689 973 carne

291 999 411 1054 vixit,
437 1013 528 1044 non
547 998 792 1058 interrupta
813 998 922 1043 serie
944 1007 1196 1059 temporum
1217 999 1412 1045 Ecclesia
1434 1008 1552 1044 certa
1582 1014 1692 1045 con-

293 1069 487 1115 nexionis
517 1069 786 1114 successione
813 1084 954 1130 usque
980 1069 1037 1114 ad
1065 1079 1264 1130 tempora
1287 1071 1366 1115 ista
1389 1069 1608 1129 perduxit.
1636 1071 1693 1114 Et

294 1140 365 1185 dic
396 1140 520 1196 mihi,
553 1142 676 1201 cujus
706 1140 821 1186 libro
850 1141 995 1200 potius
1022 1141 1201 1186 credere
1230 1141 1486 1197 debeamus,
1518 1142 1694 1201 ejus-ne

295 1213 509 1272 Apostoli,
526 1213 604 1273 qui
617 1212 806 1268 Christo,
824 1227 925 1257 cum
941 1212 1085 1257 adhuc
1100 1213 1147 1257 in
1161 1221 1276 1257 terra
1287 1222 1413 1268 esset,
1432 1212 1690 1267 adhaeserat,

297 1288 353 1329 an
366 1284 512 1330 nescio
528 1285 654 1345 cujus
672 1287 829 1340 Persae,
848 1284 926 1345 qui
942 1293 1065 1330 tanto
1083 1295 1180 1345 post
1194 1294 1323 1330 natus
1337 1286 1433 1330 est?
1456 1284 1541 1330 Sed
1558 1282 1693 1328 alium

294 1355 410 1401 forte
426 1355 620 1416 proferes
638 1354 816 1410 librum,
833 1356 908 1415 qui
923 1370 1085 1401 nomen
1103 1356 1262 1400 habeat
1280 1355 1459 1416 alicujus
1477 1353 1691 1414 Apostoli,

297 1441 430 1486 quem
452 1443 475 1472 a
497 1428 671 1474 Christo
686 1436 855 1472 constat
871 1426 1076 1483 electum,
1097 1436 1141 1472 et
1158 1428 1218 1471 ibi
1235 1427 1457 1474 Christum
1473 1434 1629 1472 natum
1644 1440 1695 1470 ex

296 1498 433 1543 Maria
454 1514 546 1544 non
566 1514 657 1543 esse
677 1498 871 1544 lecturus
892 1514 951 1544 es.
981 1501 1096 1544 Cum
1116 1512 1218 1558 ergo
1239 1513 1413 1543 necesse
1433 1498 1487 1542 sit
1508 1497 1695 1542 alterum

296 1568 457 1614 horum
488 1569 702 1615 librorum
734 1584 825 1614 esse
857 1568 1131 1624 mendacem,
1166 1569 1238 1614 cui
1268 1584 1346 1614 nos
1374 1569 1521 1629 potius
1549 1582 1695 1612 censes

298 1640 430 1685 fidem
458 1640 788 1686 accommodare
809 1640 998 1685 debere?
1019 1641 1147 1685 Ei-ne
1169 1655 1302 1701 quem
1322 1640 1397 1685 illa
1419 1639 1611 1686 Ecclesia
1639 1639 1695 1684 ab

297 1711 392 1772 ipso
408 1713 582 1759 Christo
598 1712 802 1758 inchoata
820 1721 864 1756 et
885 1726 963 1772 per
978 1711 1210 1772 Apostolos
1232 1721 1440 1772 provecta
1462 1721 1581 1757 certa
1603 1726 1696 1757 suc-

299 1783 543 1829 cessionum
557 1783 665 1828 serie
682 1798 822 1843 usque
833 1781 888 1827 ad
902 1783 997 1828 haec
1010 1790 1223 1843 tempora,
1243 1792 1338 1828 toto
1355 1792 1570 1828 terrarum
1589 1782 1696 1827 orbe

299 1853 496 1911 dilatata,
522 1854 577 1900 ab
597 1854 723 1899 initio
740 1853 951 1898 traditum
973 1862 1017 1898 et
1034 1863 1338 1899 conservatum
1354 1853 1547 1913 agnoseit
1564 1862 1697 1913 atque

300 1926 532 1987 approbat,
557 1941 614 1971 an
636 1926 675 1971 ei
697 1941 831 1987 quem
853 1924 1006 1971 eadem
1033 1926 1227 1971 Ecclesia
1246 1926 1522 1986 incognitum
1544 1941 1697 1986 repro-

299 1999 393 2054 bat,
428 2013 532 2044 cum
566 1999 698 2044 etiam
731 1997 979 2058 proferatur
1011 1998 1066 2044 ab
1095 1998 1348 2044 hominibus
1369 1999 1429 2044 ita
1450 1998 1694 2054 veracibus,

299 2079 350 2115 ut
365 2070 591 2117 Christum
608 2069 792 2115 laudent
807 2084 898 2115 esse
914 2070 1175 2115 mentitum?

362 2145 443 2187 III.
481 2142 561 2187 Hic
577 2141 776 2187 dicturus
792 2156 858 2188 es:
880 2141 1144 2202 Genealogia
1162 2141 1253 2202 ipsa
1271 2140 1572 2187 consideretur
1585 2139 1699 2186 duo-

302 2229 401 2259 rum
429 2212 657 2273 Evangelii
678 2213 908 2269 librorum,
929 2222 1081 2258 utrum
1104 2212 1187 2258 sibi
1203 2214 1450 2259 conveniat.
1481 2216 1579 2259 Jam
1596 2213 1700 2258 hinc

303 2284 408 2330 alibi
428 2285 475 2329 in
493 2286 577 2330 hoc
601 2300 732 2346 opere
754 2283 981 2340 diximus1,
1013 2283 1135 2345 quod
1163 2283 1398 2330 dicendum
1427 2283 1524 2330 suit.
1549 2287 1700 2344 Neque

304 2356 422 2401 enim
440 2372 516 2402 vos
536 2365 700 2413 movet,
723 2355 806 2402 nisi
826 2354 1202 2418 quemadmodum
1221 2355 1330 2403 duos
1349 2366 1491 2417 patres
1507 2355 1700 2417 potuerit

304 2425 466 2473 habere
486 2429 512 2472 J
516 2428 664 2488 oseph.
690 2426 821 2482 Quod
841 2427 876 2472 si
897 2426 1188 2487 cogitantibus
1210 2443 1300 2474 non
1317 2427 1571 2475 occurrisset
1586 2442 1700 2473 unus

354 2517 362 2535 ¹
384 2512 467 2547 Vide
484 2523 593 2558 supra,
612 2512 670 2548 lib.
689 2524 739 2554 111,
760 2523 833 2557 cap.
856 2512 885 2546 3.
