1803 3250
336 227 417 264 496
758 230 790 258 s.
828 231 1057 258 mensum
1092 230 1272 258 nmscom

333 311 394 345 est
424 300 536 342 enim
559 313 656 357 quae
680 298 830 340 Graece
853 296 1095 354 appellatur
1117 297 1276 348 λατρέια.
1301 294 1431 347 Quod
1455 295 1639 338 verbum
1655 295 1717 338 ibi

335 371 517 429 positum
545 376 624 419 est,
649 382 748 411 cum
771 366 987 410 diceretur
1006 385 1014 410 :
1036 365 1103 409 Illi
1122 364 1200 409 soli
1219 365 1391 408 servies.
1415 363 1546 410 Nullo
1565 364 1715 418 modo,

334 442 527 498 iuquam,
554 439 639 481 hoc
662 437 754 480 fieri
782 445 944 495 potest,
978 436 1057 479 nisi
1076 436 1164 494 ipse
1188 435 1396 479 Dominus
1430 437 1544 478 Deus
1575 443 1720 478 noster

333 510 530 552 universa
547 508 600 551 sit
619 506 816 550 Trinitas.
837 505 1041 565 Alioquin
1057 506 1181 550 istam
1194 505 1462 559 servitutem,
1484 520 1583 564 quae
1598 505 1721 548 latria

333 579 508 629 dii-itur,
533 592 664 636 quam
698 591 785 620 non
818 576 980 620 debent
1008 576 1116 620 servi
1147 576 1206 620 eis
1230 591 1338 635 quos
1361 574 1603 619 secundum
1628 589 1722 618 ear-

336 664 432 692 nem
465 648 665 692 dominos
700 647 893 700 habent,
929 646 1003 690 sed
1026 662 1176 690 omnes
1200 647 1396 690 homines
1425 645 1505 690 soli
1535 645 1723 689 Domino

339 722 424 762 Deo
447 733 524 762 suo
548 737 555 761 :
583 719 694 761 bane
717 732 818 774 ergo
840 717 1090 759 servitutem
1112 732 1200 760 non
1219 716 1521 759 exhibebimus
1541 715 1668 769 Filio,
1690 715 1722 758 si

334 789 387 831 de
413 792 536 831 Patre
553 787 719 831 dietum
743 795 806 829 est
827 805 834 828 z
860 789 916 828 Et
938 785 1000 827 illi
1022 784 1100 828 soli
1124 785 1279 829 servies
1300 804 1308 829 :
1335 795 1410 829 aut
1432 801 1520 829 non
1544 785 1724 828 exhibe-

338 859 476 901 bimus
513 857 626 900 Patri
644 877 655 912 3
675 857 707 899 si
740 855 794 898 de
828 854 936 898 Filio
959 855 1126 899 dictum
1150 866 1212 900 est
1235 876 1244 900 2
1270 859 1327 899 Et
1357 855 1419 899 illi
1449 856 1527 900 soli
1549 856 1721 900 servies.

334 932 427 971 jam
448 943 549 971 vero
573 927 606 969 si
631 926 848 986 aliquibus
873 937 998 969 terrae
1023 926 1209 970 molibus
1235 927 1412 985 Spiritui
1435 937 1586 971 saneto
1612 935 1724 969 tem-

336 998 455 1056 plum
488 997 799 1040 fabricaremus
820 1031 830 1050 ,
857 997 953 1055 quis
982 996 1203 1041 dubitaret
1228 997 1266 1040 ei
1290 1013 1368 1041 nos
1397 997 1519 1041 latria
1537 1031 1547 1050 ‚
1573 995 1618 1040 id
1639 1005 1723 1049 est,

334 1070 411 1112 ista
429 1068 483 1112 de
503 1084 587 1128 qua
610 1083 726 1111 nune
744 1068 900 1126 loquor
922 1069 1130 1112 servitute
1153 1069 1345 1111 servire?
1365 1067 1599 1121 Quomodo
1622 1082 1726 1125 ergo

336 1156 423 1184 non
439 1140 477 1182 ei
495 1139 764 1192 sei-vitutem,
785 1154 884 1197 quae
899 1138 1022 1182 latria
1041 1138 1217 1192 dicitur,
1237 1139 1508 1192 exhibemus,
1530 1138 1601 1182 cui
1616 1147 1728 1181 tem-

335 1211 454 1269 plum
481 1226 569 1253 non
593 1209 773 1254 facimus
791 1245 801 1263 ,
838 1209 913 1252 sed
939 1225 1016 1253 nos
1046 1210 1126 1268 ipsi
1162 1212 1350 1253 sumus?
1385 1213 1472 1253 Aut
1506 1209 1729 1268 quomodo

337 1297 423 1325 nou
458 1290 501 1324 et
530 1282 619 1339 ipse
657 1283 770 1323 Deus
800 1290 946 1323 noster
979 1289 1071 1334 est,
1112 1280 1166 1323 de
1201 1295 1290 1339 quo
1324 1280 1430 1323 dicit
1463 1278 1727 1338 Apostolus:

341 1373 359 1393 «
385 1352 564 1396 Nescitis
587 1352 689 1410 quia
713 1350 926 1408 templum
949 1351 1026 1393 Dei
1048 1351 1163 1404 estis,
1190 1359 1233 1393 et
1258 1350 1439 1408 Spiritus
1465 1350 1538 1392 Dei
1564 1349 1731 1393 habitat

342 1443 358 1462 »
386 1424 428 1465 in
454 1422 576 1466 vobis
590 1426 605 1446 '²
623 1423 640 1464 Ρ
660 1439 679 1461 »
711 1424 765 1464 Et
784 1421 915 1478 paulo
939 1430 1037 1479 post
1057 1440 1065 1465 ι
1097 1439 1115 1460 «
1133 1420 1382 1464 Glorifieate
1398 1436 1500 1478 ergo
1524 1423 1662 1463 Deum
1686 1420 1731 1462 in

344 1516 358 1532 »
386 1507 566 1550 (torpore
589 1500 745 1534 vestro.
773 1493 965 1549 Corpora
989 1500 1135 1533 autem
1155 1500 1317 1544 nostra,
1345 1490 1556 1548 templum
1583 1491 1625 1533 in
1650 1505 1732 1534 no-

341 1583 358 1602 »
387 1563 448 1605 bis
465 1561 571 1604 dicit
589 1576 677 1604 osse
694 1561 876 1619 Spiritus
898 1561 1050 1604 sancti.
1077 1563 1189 1605 Cum
1212 1561 1345 1619 igitur
1363 1570 1406 1604 et
1425 1562 1541 1605 Patri
1561 1571 1604 1604 et
1622 1560 1732 1605 Filio

338 1641 380 1675 ct
400 1631 577 1690 Spiritui
600 1639 749 1674 sancto
772 1631 849 1673 ista
867 1666 877 1684 ,
903 1646 1002 1689 quae
1025 1630 1146 1673 latria
1170 1641 1350 1674 vocatur
1368 1667 1378 1684 ‚
1405 1632 1616 1675 servitute
1642 1646 1732 1674 ser-

338 1703 530 1756 viamus,
556 1701 871 1759 audiamusque
899 1700 1040 1759 legem
1066 1700 1140 1742 Dei
1164 1701 1494 1759 praecipientem
1514 1736 1524 1756 ‚
1557 1710 1605 1745 ut
1624 1701 1734 1745 nulli

339 1772 481 1826 alteri,
519 1771 595 1815 sed
629 1770 707 1815 soli
741 1773 927 1814 Domino
963 1774 1052 1814 Deo
1092 1780 1238 1814 nostro
1268 1772 1381 1815 banc
1413 1772 1729 1816 exhibeamus:

338 1843 490 1902 procul
511 1843 647 1887 dubio
670 1858 783 1886 unus
805 1853 847 1886 et
867 1842 982 1886 solus
1014 1843 1224 1885 Dominus
1255 1845 1368 1886 Deus
1388 1851 1534 1886 noster
1556 1851 1619 1886 est
1640 1843 1732 1902 ipsa

336 1915 536 1969 Trinitas,
562 1914 632 1958 eui
651 1914 725 1956 uni
744 1922 787 1957 et
803 1913 882 1957 soli
906 1912 1036 1957 talem
1058 1913 1309 1956 servitutem
1336 1913 1507 1972 pietatis
1524 1915 1623 1973 jure
1646 1913 1729 1957 de-

339 1984 508 2027 bemus.

398 2055 606 2096 XXVIII.
643 2072 661 2093 «
686 2053 820 2097 Sicuti
844 2068 973 2096 nemo
997 2061 1154 2111 potest,
1182 2053 1406 2112 inquiunt,
1433 2055 1524 2098 sine
1548 2054 1659 2099 Filio
1677 2056 1732 2098 ad

343 2127 512 2166 Patrem
536 2122 717 2165 transire
748 2141 756 2165 :
789 2123 849 2165 ita
878 2131 921 2165 et
956 2138 1084 2165 nemo
1108 2131 1249 2180 potest
1273 2124 1365 2166 sine
1394 2124 1555 2182 Spiritu
1581 2133 1730 2169 saneto

342 2192 497 2236 Filium
511 2192 557 2235 in
574 2192 754 2235 veritate
772 2191 952 2236 adorare
973 2211 981 2236 :
1005 2210 1023 2232 υ
1045 2193 1168 2251 quasi
1190 2202 1232 2236 et
1250 2192 1304 2236 ad
1322 2194 1483 2237 Filium
1496 2195 1587 2238 sine
1605 2198 1730 2238 Patre

340 2263 570 2322 quisquam
593 2263 726 2321 possit
748 2263 911 2317 venire,
937 2278 1034 2306 cum
1055 2263 1145 2321 ipse
1168 2263 1283 2307 dieat
1307 2284 1314 2307 :
1347 2283 1365 2305 «
1390 2267 1527 2310 Nemo
1542 2266 1659 2309 venit
1675 2265 1730 2309 ad

343 2352 361 2373 >›
389 2349 481 2387 me,
508 2334 586 2376 nisi
617 2336 744 2376 Pater
777 2334 851 2392 qui
880 2334 997 2377 misit
1027 2349 1095 2377 me
1128 2335 1304 2378 traxerit
1328 2334 1507 2379 illumss:
1534 2357 1549 2375 »
1577 2345 1651 2379 aut
1675 2336 1730 2380 ad

343 2404 548 2460 Spiritum
573 2413 771 2447 sanctum
794 2403 886 2446 sine
911 2407 1035 2446 Patre
1052 2413 1094 2447 et
1112 2403 1222 2447 Filio
1245 2406 1472 2463 pervenire
1489 2422 1724 2464 possemus.

340 2472 416 2531 qui
435 2487 536 2515 eum
558 2472 684 2516 nobis
705 2488 781 2516 sua
804 2471 1039 2516 conferunt
1061 2474 1210 2530 gratia.
1240 2475 1356 2526 Quid
1379 2485 1442 2520 est
1466 2477 1579 2518 enim
1609 2475 1728 2519 aliud

390 2563 397 2579 ¹
427 2567 439 2588 1
461 2558 536 2589 Cor.
555 2567 605 2597 ιιι,
631 2567 736 2590 10.-——-
752 2564 764 2580 2
785 2557 830 2589 Id.
852 2568 895 2599 vi,
917 2566 1029 2600 19-20.
1045 2574 1085 2580 —
1100 2557 1112 2580 3
1129 2559 1359 2601 soan.v1‚l,4.
