1803 3250
337 210 419 252 218
775 217 809 250 8.
846 218 1076 252 Ληουεῖ-ιω
1111 222 1291 253 tumori

393 288 426 330 F
432 302 498 331 ει..
521 281 629 328 dixit
651 301 660 329 z
690 301 710 326 «
729 284 856 338 Quod
878 288 1094 344 nascitur,
1117 289 1251 335 finem
1271 289 1406 336 habet
1425 310 1436 338 ι
1455 293 1577 353 quod
1594 294 1721 341 inna-

335 366 447 410 tum,
470 370 558 399 non
581 354 714 400 habet
736 356 884 403 finem.
905 377 925 402 »

390 430 502 472 Aue.
531 425 641 473 dixit
663 446 672 473 z
699 429 867 481 Quibus
890 445 992 489 crgo
1015 440 1108 476 crat
1129 430 1203 476 ille
1224 440 1363 491 pater,
1391 442 1467 478 aut
1489 436 1614 496 cuju's
1631 446 1723 484 erat
1781 431 1786 434 ¹

331 507 467 558 pater,
493 514 623 558 quem
648 500 778 545 modo
802 511 969 566 patrem
994 503 1266 548 nominavit?
1289 504 1333 550 Si
1365 506 1484 550 enim
1515 507 1625 553 nihil
1646 523 1722 568 ge-

329 579 484 616 nuerat
513 605 523 625 ‚
544 581 666 630 pater
691 587 782 617 csse
804 589 890 617 nen
913 583 1096 633 poterat.

389 645 492 687 Fm..
520 641 628 688 dixit
649 662 657 689 :
683 662 703 685 «
725 645 809 689 Sed
831 654 933 689 sunt
955 644 1036 689 alia
1055 661 1155 706 quae
1175 645 1410 704 generavit.
1432 664 1452 688 >›

389 716 504 758 Aue.
530 713 637 759 dixit
655 733 663 760 :
693 714 770 759 llla
792 730 893 773 ergo
912 731 1011 774 quae
1031 717 1278 774 generavit,
1298 732 1389 762 non
1410 725 1513 763 sunt
1534 716 1599 764 illi
1615 733 1723 766 coae·

329 792 467 840 terna,
485 800 541 829 an
562 794 604 829 et
627 785 719 845 ipsa
738 795 955 830 coaeterna
973 790 1103 830 sunt?
1621 784 1624 786 V

388 858 420 900 F
427 874 493 900 ει.
520 856 629 902 dixit
655 875 664 902 2
694 859 958 902 «Coaeterna
979 848 1083 903 sunt
1112 856 1175 902 illi
1202 858 1422 920 quidquid
1446 863 1560 906 Deus
1588 876 1723 921 gene-

327 927 451 971 ravit.
480 945 500 967 n

385 1001 498 1042 Aee.
518 997 625 1042 dixit
648 1016 656 1043 :
682 1000 797 1057 Ergo
812 999 978 1054 errasti,
998 998 1119 1059 quod
1131 1000 1328 1059 superius
1342 1000 1487 1047 dixisti
1508 1021 1518 1047 ε
1545 1004 1723 1050 «Omne

324 1069 447 1128 quod
469 1069 676 1126 nascitur,
703 1070 834 1114 finem
853 1071 1001 1115 habet.
1027 1088 1047 1112 »

384 1143 489 1184 Fer„
515 1140 623 1185 dixit
646 1161 654 1186 :
683 1160 702 1183 «
723 1142 902 1186 Interim
917 1142 1020 1203 quia
1034 1142 1278 1188 secundum
1292 1144 1618 1203 generationem
1632 1160 1721 1192 car·

322 1211 386 1256 nis
408 1210 582 1256 locutus
604 1228 718 1267 sum,
743 1214 932 1257 erravi.»

381 1286 495 1327 Aue.
522 1283 630 1328 dixit
651 1303 660 1329 ε
686 1283 1002 1329 Modestissirne
1029 1283 1252 1330 confessus
1277 1300 1492 1344 errorem,
1516 1287 1721 1333 merearis

321 1352 566 1413 intelligere
589 1354 832 1399 veritatem.

382 1428 486 1469 FEL.
516 1426 625 1470 dixit
649 1445 658 1471 ι
688 1427 879 1471 «Faciat
902 1429 1071 1470 Deus.»

380 1499 493 1541 Aue.
520 1498 629 1541 dixit
652 1516 660 1542 :
686 1497 877 1542 Attende
909 1512 1012 1555 ergo
1030 1498 1121 1557 jam
1137 1531 1148 1553 ‚
1175 1506 1225 1542 ut
1253 1498 1434 1558 incipias
1456 1514 1720 1559 cognoscere

318 1581 507 1611 errorem
532 1569 756 1627 scripturae
779 1569 923 1629 hujus.
951 1569 994 1614 Si
1016 1585 1116 1630 quae
1135 1570 1284 1627 genuit
1317 1574 1430 1614 Deus
1447 1606 1458 1626 ,
1492 1581 1709 1618 coaeterna

317 1653 409 1684 non
430 1649 533 1683 sunt
567 1640 653 1694 illi,
691 1640 845 1684 melior
869 1649 932 1684 est
966 1650 1079 1685 terra
1110 1640 1184 1685 illa
1217 1657 1348 1701 quam
1373 1657 1463 1686 non
1495 1644 1717 1702 generavit

318 1711 448 1765 Deus,
475 1710 552 1754 ubi
575 1710 775 1755 habitant
799 1711 945 1755 omnia
967 1728 1067 1772 quae
1090 1713 1312 1771 generavit
1327 1716 1458 1769 Deus,
1479 1729 1611 1774 quam
1630 1723 1718 1760 ter·

317 1796 409 1826 ram
432 1780 538 1826 dicis
558 1782 613 1826 ab
636 1798 688 1827 eo
710 1798 800 1827 non
823 1793 1092 1842 generatam.

376 1856 482 1897 Fu.
510 1853 617 1898 dixit
637 1873 647 1900 ι
677 1872 698 1896 «
716 1856 1015 1914 Coaequantur
1037 1855 1118 1899 sibi
1141 1856 1287 1900 omnia
1303 1891 1315 1911 ‚
1343 1864 1386 1900 et
1408 1872 1508 1916 quae
1531 1871 1715 1915 genera-

316 1923 392 1978 vit‚
419 1933 462 1968 et
483 1940 583 1985 quae
606 1941 695 1970 non
717 1926 953 1984 generavit,
976 1925 1020 1970 id
1037 1935 1116 1978 est,
1143 1935 1256 1971 terra
1279 1926 1354 1971 illa
1376 1926 1716 1974 ubicommora-

316 1994 463 2039 batur.
486 2013 505 2037 υ

375 2068 489 2110 Aue.
515 2066 653 2111 dixit:
689 2064 822 2122 Quid,
848 2067 939 2126 ipse
960 2066 1038 2127 qui
1061 2068 1309 2126 generavit,
1338 2068 1519 2129 aequalis
1546 2078 1610 2115 est
1630 2068 1714 2115 illis

315 2137 536 2193 omnibus,
562 2146 638 2182 aut
655 2138 791 2197 major
813 2146 877 2183 est
898 2137 1014 2182 illis?

372 2211 478 2253 Fm..
513 2208 654 2255 dixit:
682 2212 772 2255 «Et
804 2210 881 2270 qui
912 2210 1150 2269 generavit,
1180 2219 1224 2254 et
1253 2226 1363 2270 quos
1385 2212 1635 2271 generavit,
1666 2222 1711 2259 et

311 2279 389 2323 ubi
409 2280 534 2339 positi
557 2289 674 2335 sunt,
698 2280 847 2324 omnia
865 2280 1050 2339 aeq‘ualia
1072 2289 1189 2324 sunt.
1210 2298 1230 2321 »

371 2355 485 2395 Aua.
511 2351 619 2395 dixit
641 2371 650 2396 :
673 2352 810 2396 Unius
833 2366 936 2411 ergo
957 2351 1214 2396 substantiae
1238 2354 1366 2397 sunt?

372 2424 477 2466 FEL.
505 2423 613 2467 dixit
635 2443 644 2469 :
670 2425 863 2468 «Unius.
888 2442 908 2466 »

371 2495 485 2538 Aue.
513 2494 622 2539 dixit
643 2510 651 2535 z
680 2497 773 2540 Hoc
796 2495 918 2555 quod
939 2503 1004 2540 est
1025 2497 1141 2540 Deus
1162 2503 1300 2555 pater,
1317 2495 1402 2541 hoe
1418 2504 1522 2542 sunt
1537 2495 1616 2542 filii
1640 2497 1708 2557 ip-

314 2562 416 2620 sius,
441 2564 525 2609 hoc
546 2574 589 2609 et
612 2574 726 2610 terra
742 2565 848 2610 illa?
