1803 3250
310 235 363 270 72
764 242 794 266 s.
835 237 1063 267 *mucosum
1095 238 1276 266 muscom

310 322 502 369 unquam
538 307 682 366 spinas
716 304 969 350 habuerunt
1010 315 1054 350 et
1094 305 1161 351 vix
1197 303 1252 350 ad
1292 304 1507 350 tricenum
1544 320 1699 366 perve-

312 381 453 424 niunt.

371 451 523 494 LXIX.
555 449 623 494 Sic
643 458 686 494 et
708 451 889 506 Moysen
907 448 1121 493 famulum
1141 449 1217 492 Dei
1237 447 1536 492 fidelissimum
1551 449 1596 493 in
1610 457 1702 495 tota

306 521 438 566 domo
461 522 579 582 ejus,
606 521 854 566 ministrum
881 521 984 580 legis
1013 529 1199 575 sanctae,
1235 528 1279 563 et
1315 519 1509 564 mandati
1531 521 1700 577 sancti,

304 593 434 654 justi,
465 602 509 637 et
536 593 682 647 boni¹‚
720 592 790 636 cui
821 590 1055 651 Apostolus
1088 599 1338 648 attestatur,
1364 606 1466 635 nam
1496 592 1587 652 ejus
1608 592 1702 637 haec

307 665 436 709 verba
460 673 561 708 sunt
588 679 688 724 quae
716 662 1053 707 commemoravi
1077 681 1084 707 :
1116 662 1360 706 ministrum
1392 662 1523 706 etiam
1555 678 1701 708 sacra-

309 745 584 791 mentorum,
621 751 710 779 non
741 735 831 794 jam
868 733 1167 793 praestantium
1196 732 1378 776 salutem
1398 767 1409 787 ,
1451 733 1528 777 sed
1556 734 1701 779 adhuc

308 807 656 869 promittentium
683 805 948 851 Salvatorem
972 824 979 848 :
1007 803 1126 864 quod
1145 813 1188 847 et
1208 803 1404 848 Salvator
1427 805 1518 864 ipse
1547 805 1705 849 confir-

308 890 413 936 mat,
439 879 588 924 dicens
610 898 617 922 :
648 896 669 919 «
690 877 732 921 Si
754 875 985 920 crederetis
1007 875 1164 932 Moysi,
1189 875 1422 918 crederetis
1438 884 1481 919 et
1499 875 1630 928 mihi;
1651 875 1706 920 de

313 971 332 993 »
358 966 429 996 me
452 949 567 994 enim
590 948 663 991 ille
685 946 909 1006 scripsit‘2:
932 963 952 986 »
979 945 1097 989 unde
1120 959 1198 989 suo
1226 944 1339 1000 loco,
1366 954 1581 1006 quantum
1608 947 1708 992 satis

308 1023 449 1067 visum
481 1030 570 1074 est,
608 1028 759 1064 contra
793 1016 1072 1077 impudentes
1099 1016 1445 1060 Manichaeorum
1469 1016 1709 1063 calumnias

310 1094 591 1138 disseruimus
616 1111 624 1136 2
651 1092 768 1135 hunc
791 1105 894 1149 ergo
916 1092 1101 1147 Moysen
1133 1087 1347 1132 famulum
1375 1089 1453 1133 Dei
1482 1090 1599 1146 vivi,
1630 1091 1709 1134 Dei

312 1166 421 1219 veri,
448 1164 525 1208 Dei
543 1163 718 1215 summi,
738 1160 1008 1205 fabricatoris
1023 1159 1125 1204 coeli
1143 1169 1186 1203 et
1209 1168 1350 1214 tcrrae,
1369 1176 1458 1205 non
1473 1160 1529 1205 de
1547 1161 1706 1218 alieno,

309 1237 384 1281 sed
413 1235 468 1279 de
496 1233 659 1288 nihilo,
698 1248 787 1276 non
824 1241 1049 1292 premente
1081 1232 1355 1286 necessitate,
1393 1231 1469 1276 sed
1501 1233 1710 1278 affluente

315 1308 507 1353 bonitate
523 1342 534 1362 ‚
560 1321 649 1350 non
671 1320 748 1364 per
766 1305 830 1348 sui
855 1304 1038 1348 membri
1062 1319 1238 1364 poenam
1259 1339 1269 1359 ,
1293 1303 1367 1348 sed
1389 1320 1466 1364 per
1493 1305 1560 1349 sui
1586 1305 1709 1350 verbi

311 1380 550 1441 potentiam
572 1397 579 1422 :
599 1378 734 1431 hunc,
749 1376 946 1436 inquam,
967 1378 1166 1433 Moysen,
1182 1375 1394 1419 humilem
1407 1376 1453 1420 in
1465 1378 1709 1423 recusando

313 1462 397 1496 tam
435 1464 643 1507 magnum
678 1447 965 1491 ministerium
988 1482 998 1502 ,
1036 1447 1265 1491 subditum
1300 1447 1346 1490 in
1382 1447 1706 1508 suscipiend03,

311 1522 486 1566 fidelem
511 1522 553 1564 in
576 1518 805 1572 servando,
828 1527 1055 1562 strenuum
1074 1519 1120 1562 in
1138 1518 1398 1579 exequendo
1418 1540 1429 1576 3
1453 1520 1499 1563 in
1517 1520 1710 1579 regendo

313 1591 475 1653 populo
493 1590 755 1649 vigilantem,
778 1590 821 1631 in
843 1587 1102 1647 corrigendo
1124 1589 1445 1645 vehementem,
1461 1591 1505 1634 in
1522 1590 1710 1636 amando

314 1663 538 1708 ardentem
557 1697 566 1715 ,
591 1661 635 1704 in
665 1658 918 1704 sustinendo
949 1659 1216 1719 patientem,
1248 1661 1324 1720 qui
1355 1675 1435 1720 pro
1464 1661 1523 1705 eis
1548 1662 1710 1721 quibus

316 1732 504 1794 praefuit,
524 1735 613 1776 Deo
636 1746 679 1776 se
697 1731 955 1790 interposuit
976 1730 1236 1785 consulenti,
1258 1731 1462 1791 opposuit
1481 1733 1705 1778 irascenti:

317 1808 432 1849 hunc
454 1805 602 1863 itaque
624 1802 754 1845 talem
780 1817 828 1845 ac
851 1809 1021 1845 tantum
1050 1801 1192 1844 virum
1226 1802 1336 1846 absit
1365 1819 1388 1846 a
1422 1803 1547 1847 nobis
1581 1813 1631 1847 ut
1660 1819 1711 1848 ex

316 1875 526 1919 maledico
552 1873 697 1916 Fausti
727 1888 800 1916 ore
828 1886 1083 1931 pensemus,
1114 1870 1187 1916 sed
1212 1888 1261 1915 ex
1285 1888 1359 1917 ore
1379 1872 1509 1932 plane
1532 1874 1709 1918 veridici

319 1947 415 2000 Dei,
451 1946 527 2005 qui
558 1944 768 1988 veraciter
805 1944 1052 1998 hominem,
1098 1960 1230 2004 quem
1274 1944 1462 2001 fecerat,
1498 1956 1704 1992 noverat:

315 2016 671 2078 quandoquidem
697 2016 824 2059 etiam
852 2025 1026 2075 peccata
1044 2016 1290 2071 hominum,
1309 2033 1408 2077 quae
1430 2018 1521 2077 ipse
1539 2034 1627 2063 non
1641 2018 1709 2063 fa-

313 2091 370 2134 cit
387 2126 396 2143 ,
424 2099 466 2133 et
491 2091 532 2131 in
551 2088 840 2131 diilitentibus
864 2087 1065 2148 utjudex
1090 2090 1310 2147 agnoscit,
1338 2098 1381 2133 et
1402 2090 1448 2133 in
1466 2091 1711 2135 confitenti-

316 2163 397 2205 bus
420 2170 468 2204 ut
498 2169 618 2219 pater
641 2160 835 2218 ignoscit.
861 2162 921 2203 Ex
941 2175 1013 2203 ore
1029 2162 1207 2204 omnino
1222 2162 1314 2221 ejus
1336 2164 1518 2219 Moysen
1537 2177 1710 2206 servum

315 2236 406 2293 ejus
433 2242 475 2276 et
508 2248 725 2288 amamus,
762 2242 805 2276 et
838 2232 1130 2287 admiramur,
1168 2242 1210 2276 et
1242 2244 1456 2294 quantum
1479 2249 1709 2294 possumus

317 2306 560 2360 imitamur,
588 2321 687 2349 cum
711 2306 842 2350 simus
863 2306 993 2364 longe
1015 2305 1129 2349 illius
1143 2306 1303 2349 meritis
1321 2306 1561 2360 inferiores,
1579 2307 1708 2350 etiam

315 2377 438 2422 nullo
459 2378 668 2437 AEgyptio
690 2378 758 2422 vel
778 2378 919 2423 occiso
940 2378 1009 2421 vcl
1032 2377 1265 2436 expoliato,
1292 2377 1415 2422 nullo
1433 2376 1551 2422 bello
1571 2387 1705 2436 gesto,
1736 2385 1740 2389 ”

315 2465 502 2510 quorum
526 2449 599 2493 ille
633 2450 753 2494 aliud
776 2450 912 2493 futuri
944 2449 1090 2493 indole
1115 2446 1374 2504 defensoris,
1401 2449 1481 2494 alia
1506 2451 1708 2510 imposito

316 2522 496 2581 imperio
520 2521 596 2565 Dei
618 2520 737 2565 fecit.

359 2608 372 2628 ¹
391 2606 491 2640 Hebr.
518 2617 566 2647 ιιι,
588 2606 618 2639 5.
634 2623 675 2630 —-
691 2612 703 2629 ²
724 2608 816 2638 Joan.
837 2616 870 2645 v,
888 2605 943 2649 46.
960 2623 1001 2630 —
1023 2604 1034 2630 3
1053 2606 1155 2639 Exod.
1182 2617 1223 2644 iv,
1247 2617 1294 2639 10.
