1803 3250
388 243 552 274 con-rm
584 245 861 275 sncnnmtwm
891 243 1182 273 MAmcnAEum.
1392 233 1477 274 299

94 312 330 373 requiram,
350 310 573 373 quomodo
585 309 799 368 intelligas
815 309 1154 368 primogenitum
1172 312 1321 354 Jesum
1337 309 1479 355 Chris-

94 392 191 429 tum
211 384 258 427 in
287 383 362 427 illa
389 383 535 426 divina
569 391 701 441 atque
733 380 898 439 optima
933 391 1183 441 aeternaque
1204 381 1476 427 substantia:

95 465 244 499 utrum
272 462 467 512 tempore
503 453 666 511 primus
695 460 758 495 est
780 451 972 510 genituS,
1008 462 1059 495 ut
1080 453 1335 511 posteriores
1357 461 1480 497 natos

94 526 140 570 in
160 523 238 568 illo
254 537 392 581 regno
411 521 705 581 intelligamus
725 522 799 581 qui
809 522 888 566 bus
909 531 973 566 est
989 523 1320 582 primogenitus,
1338 539 1481 584 neque

94 597 307 657 possimus
328 595 471 640 dicere
499 604 608 655 quot
628 594 745 638 horis
765 594 834 638 vel
855 592 1009 638 diebus
1027 629 1038 649 ,
1074 595 1383 654 mensibusque
1406 605 1480 640 aut

94 669 218 713 annis
236 669 374 728 major
393 668 463 722 sit,
487 667 565 727 qui
587 676 707 711 ortus
730 676 791 710 est
813 667 959 725 pri0r3
983 665 1059 710 sed
1079 675 1224 710 tamen
1246 666 1392 726 aliquo
1409 666 1479 711 in·-

92 738 274 784 tervallo
296 749 427 798 atque
449 738 588 798 spatio
609 736 839 796 temporali
861 737 938 781 has
961 737 1258 795 generationes
1278 736 1482 781 discretas

93 825 184 854 esse
205 810 446 868 cogitemus
471 827 480 853 ε
503 824 558 852 an
581 824 683 853 vero
701 824 791 852 non
813 817 1026 868 tempore,
1051 807 1126 852 sed
1146 808 1236 867 ipsa
1264 806 1482 851 excellen-

93 881 151 926 tia
174 879 440 926 sublimioris
462 881 615 940 utique
642 880 898 940 majestatis,
925 896 1011 940 qua
1033 879 1163 924 etiam
1185 894 1260 923 rex
1280 894 1370 923 esse
1394 877 1482 922 fra-

92 951 231 997 tribus
252 951 492 996 luminibus
515 952 690 1006 meruit,
716 951 1053 1010 primogenitum
1074 950 1358 1010 accipiamus,
1380 959 1482 996 tan-

92 1040 225 1085 quam
254 1024 299 1068 in
329 1023 476 1083 aliquo
498 1024 692 1082 genitum
715 1024 993 1083 principatu?
1017 1024 1061 1068 Si
1089 1022 1361 1082 responderis
1381 1037 1483 1067 eum

95 1104 290 1155 tempore
312 1093 520 1139 fratribus
543 1095 732 1154 priorem
756 1110 847 1139 esse
864 1104 995 1154 atque
1014 1095 1236 1154 majorem,
1264 1095 1416 1154 utjam
1432 1109 1482 1138 ex

91 1168 177 1213 hoc
197 1167 238 1211 ei
261 1181 444 1225 regnum
477 1167 524 1210 in
552 1166 704 1211 fratres
732 1165 925 1210 delatum
963 1181 1053 1210 esse
1084 1165 1338 1220 contendas,
1363 1164 1481 1226 quod

92 1254 165 1283 eos
188 1238 406 1283 nascendo
428 1239 696 1297 praecesserit
711 1274 722 1293 ,
750 1248 793 1282 et
815 1238 1052 1298 aliquando
1076 1237 1167 1297 ipse
1190 1237 1318 1282 fuerit
1335 1273 1347 1293 ,
1381 1253 1482 1282 cum
1509 1227 1515 1231 ³

95 1309 158 1354 illi
175 1310 373 1355 nondum
392 1319 559 1355 essent:
580 1309 687 1370 quid
702 1310 825 1365 dicis,
849 1308 1008 1354 frater?
1030 1313 1175 1354 Ita-ne
1192 1309 1483 1368 praecipitabis

93 1397 169 1426 cor
199 1391 327 1426 tuum
359 1382 404 1425 in
438 1382 523 1426 hoc
553 1382 787 1440 impietatis
820 1381 1082 1441 abruptum,
1117 1390 1167 1425 ut
1188 1380 1401 1424 existimes
1438 1379 1483 1424 in

95 1452 212 1497 illam
236 1454 426 1497 divinam
450 1468 755 1513 summamque
778 1462 979 1497 naturam
1008 1452 1344 1496 mutabilitatem
1371 1461 1481 1496 tem-

94 1525 209 1584 poris
229 1524 401 1578 cadere,
426 1533 470 1568 et
491 1523 640 1568 credas
656 1524 718 1568 ibi
741 1523 907 1584 aliquid
925 1524 1119 1577 existere,
1141 1524 1261 1583 quod
1279 1532 1379 1567 ante
1394 1538 1482 1567 non

93 1593 260 1640 fuerit?
285 1598 354 1639 An
373 1595 474 1655 quia
496 1595 725 1654 oportebat
741 1595 844 1639 inde
859 1594 1062 1640 adversus
1081 1595 1359 1639 tenebrarum
1377 1609 1481 1653 gen-

93 1675 182 1710 tem
207 1665 375 1711 lumina
403 1667 636 1725 progredi,
678 1667 998 1725 progressiones
1036 1667 1148 1726 ipsas
1181 1667 1484 1724 generationes

92 1753 236 1792 vocem,
253 1753 362 1797 quas
376 1736 673 1797 temporaliter
690 1737 826 1783 factas
844 1747 986 1797 putas,
1002 1748 1052 1783 ut
1068 1738 1363 1797 temporaliter
1375 1752 1483 1796 pug-

95 1812 307 1855 naretur?
328 1812 425 1855 Non
452 1824 554 1868 ergo
576 1819 747 1869 poterat
775 1825 914 1854 unum
934 1810 1084 1855 lumen
1107 1810 1327 1860 sufficere,
1362 1808 1484 1869 quod

95 1890 238 1926 totum
259 1880 370 1925 illud
400 1879 606 1925 bellicum
633 1881 856 1939 negotium
886 1880 1033 1925 divina
1056 1881 1218 1937 virtute
1240 1888 1479 1940 perageret.

94 1955 184 1997 Aut
197 1952 231 1996 si
247 1951 395 1996 multis
406 1967 514 2010 opus
532 1962 639 2007 erat,
659 1953 824 1997 boc-ne
838 1953 882 1996 in
897 1951 1192 2011 spiritualibus
1209 1950 1484 1996 sentiendum

95 2032 188 2078 est,
219 2032 269 2068 ut
297 2033 532 2082 angustum
558 2023 817 2068 arbitremur
853 2024 1017 2068 aditum
1058 2023 1205 2078 fuisse,
1232 2039 1318 2082 qua
1354 2021 1484 2068 simul

96 2095 213 2140 exire
246 2111 337 2140 non
362 2105 554 2154 possent,
579 2105 630 2140 ut
660 2112 711 2140 ex
734 2112 785 2141 eo
809 2096 930 2156 quod
954 2111 1066 2140 unus
1088 2111 1111 2139 e
1136 2094 1343 2139 fratribus
1368 2095 1487 2154 prior

94 2167 272 2221 exisset,
295 2177 338 2211 et
353 2168 667 2226 primogenitus
683 2168 768 2212 dici
785 2178 826 2212 et
844 2184 915 2212 rex
931 2167 1024 2211 fieri
1041 2167 1208 2212 caeteris
1225 2167 1485 2210 mereretur?

94 2236 207 2284 Nolo
228 2238 477 2283 minutatim
500 2239 666 2297 singula
689 2240 915 2299 persequi,
945 2254 999 2283 ne
1019 2238 1194 2297 ingenio
1222 2247 1299 2282 tuo
1320 2236 1484 2281 valenti

94 2314 149 2352 e'x
176 2308 323 2366 paucis
355 2318 513 2354 cuncta
535 2311 811 2369 conspicere,
846 2310 971 2354 nimis
999 2325 1204 2355 onerosus
1235 2309 1329 2354 sim.
1356 2308 1484 2366 Erige

95 2378 230 2436 igitur
251 2378 385 2422 aciem
407 2380 580 2432 mentis,
604 2379 788 2423 nebulas
805 2380 1096 2424 contentionis
1112 2380 1324 2438 absterge.
1343 2377 1482 2423 Video

97 2447 294 2507 profecto
307 2464 450 2508 neque
467 2449 709 2494 secundum
723 2449 834 2504 loca,
851 2465 994 2509 neque
1008 2450 1251 2494 secundum
1266 2459 1479 2508 tempora,

98 2527 257 2574 motus,
282 2534 545 2579 progressus,
569 2530 757 2574 exortus,
783 2536 975 2575 occasus,
994 2519 1158 2564 ullasve
1180 2521 1481 2565 conversiones

98 2590 191 2634 fieri
212 2594 354 2650 posse,
379 2591 460 2635 nisi
473 2591 520 2635 in
541 2601 737 2637 creatura
751 2592 953 2638 mutabili
973 2611 981 2637 z
999 2607 1099 2652 quae
1115 2600 1264 2638 tamen
1277 2592 1360 2637 nisi
1371 2603 1480 2637 esset
