1803 3250
292 183 376 220 296
721 190 754 217 s.
792 189 1023 219 AUGUSTINl
1060 191 1240 219 emscom

292 257 493 319 genuerit
526 258 615 315 ipse
642 270 723 300 nec
758 255 922 311 fecerit,
946 272 1001 300 ne
1024 257 1110 302 sint
1132 257 1220 302 duo
1243 273 1400 317 genera
1422 258 1543 314 boni,
1568 274 1682 319 quo-

285 345 381 374 rum
400 337 607 371 neutrum
628 327 681 371 sit
703 342 752 371 ex
778 327 935 386 alter03
960 328 1033 372 sed
1055 344 1134 373 nec
1154 345 1290 373 unum
1309 328 1509 389 indigens
1527 329 1679 386 altero,

284 398 404 460 quod
426 414 449 442 a
472 398 646 442 tramite
667 399 859 443 veritatis
883 399 1074 443 alienum
1099 408 1161 443 est
1181 419 1189 444 ;
1218 409 1352 444 restat
1374 408 1423 444 ut
1446 415 1495 444 ea
1519 399 1684 444 lumina

282 472 444 532 quibus
462 479 631 530 regnat,
648 487 748 530 quae
765 471 919 532 utique
940 473 1053 516 bona
1077 483 1198 528 sunt,
1218 473 1319 533 quia
1339 471 1543 517 inferiora
1563 481 1684 528 sunt,

280 559 369 588 non
385 542 581 602 genuerit
599 563 610 600 3
636 543 737 602 quia
755 543 930 602 propria
949 553 1067 599 sunt,
1094 559 1185 588 non
1208 543 1510 603 usurpaverit3
1529 542 1606 588 sed
1619 542 1686 588 fe-

282 614 394 659 cerit
409 623 452 658 et
471 611 718 658 condiderit
737 616 863 658 Deus.

335 687 411 730 IV.
450 686 492 730 Si
515 684 703 730 volueris
726 699 922 745 quaerere
939 683 1059 728 unde
1083 684 1262 739 fecerit,
1283 693 1327 728 et
1342 683 1568 743 imaginari
1585 698 1679 729 coe-

282 758 392 818 peris
426 756 695 816 adjutorium
729 755 922 799 materiae
961 770 1094 814 quam
1121 756 1211 815 ipse
1248 771 1338 800 non
1372 755 1500 810 fecit,
1541 764 1591 800 ut
1623 755 1686 800 ibi

280 844 370 874 non
399 826 596 872 videatur
627 826 914 885 Omnipotens
945 824 1088 870 facere
1120 825 1242 886 quod
1275 825 1430 881 vellet,
1464 826 1545 870 nisi
1582 841 1684 870 eum

281 900 431 958 aliqua
451 913 534 953 res,
560 911 691 957 quam
716 912 806 941 non
828 897 1007 952 fecerat,
1032 895 1287 958 adjuvaret,
1314 913 1461 942 rursus
1496 896 1684 957 inexpli-

277 970 437 1016 cabiles
459 969 668 1029 caligines
691 970 847 1013 erroris
871 970 1061 1030 patieris.
1090 970 1175 1015 Sed
1198 970 1314 1014 dicta
1331 970 1587 1030 prophetica
1609 985 1682 1015 so-

282 1044 375 1087 brio
399 1052 530 1102 captu
553 1040 853 1099 intelligentiae
876 1041 1053 1086 sublimi
1077 1052 1210 1102 atque
1233 1041 1449 1086 ineffabili
1475 1043 1687 1103 majestati

282 1115 499 1176 aptissime
533 1114 833 1173 adjungente:
865 1132 884 1155 «
916 1115 1011 1174 Ipse
1044 1113 1178 1169 dixit,
1212 1122 1256 1159 et
1291 1114 1407 1158 facta
1437 1123 1567 1171 sunt3
1598 1115 1689 1174 ipse

284 1210 302 1229 ‚›
329 1186 575 1242 mandavit,
604 1196 646 1230 et
662 1195 807 1230 creata
825 1195 926 1251 sunt
941 1188 953 1211 ¹
979 1205 987 1231 :
1010 1204 1030 1227 »
1057 1186 1115 1230 ita
1139 1186 1307 1230 videbis
1325 1186 1553 1246 quomodo
1568 1186 1688 1230 dica-

282 1270 354 1304 tur
376 1259 422 1302 in
452 1257 668 1302 catholica
699 1257 785 1301 fide
801 1292 813 1313 ‚
845 1258 967 1317 quod
992 1259 1106 1301 Deus
1128 1256 1183 1300 de
1206 1257 1344 1301 nihilo
1368 1256 1517 1302 fecerit
1541 1258 1686 1301 onmia

284 1332 398 1376 bona
428 1329 603 1374 valde&
634 1329 676 1374 Si
701 1329 819 1372 enim
852 1329 907 1372 de
941 1327 1089 1388 aliquo
1112 1329 1242 1384 fecit,
1276 1329 1429 1389 utique
1463 1338 1538 1373 aut
1560 1329 1615 1372 de
1645 1345 1690 1374 se

280 1404 390 1462 ipso,
418 1410 494 1445 aut
516 1416 606 1444 non
630 1399 684 1443 dc
707 1415 751 1443 se
774 1400 867 1459 ipso
893 1419 902 1444 :
926 1398 1002 1442 sed
1023 1400 1055 1443 si
1079 1398 1133 1443 de
1160 1414 1203 1443 se
1232 1400 1350 1458 ipso3
1384 1416 1473 1444 non
1495 1415 1600 1459 ergo
1620 1400 1689 1444 fem

280 1474 366 1528 cit,
390 1471 465 1516 sed
489 1471 640 1529 genuit
668 1490 676 1515 ε
703 1486 781 1514 cur
803 1470 935 1528 igitur
965 1468 1171 1514 inferiora
1195 1471 1375 1529 genuit?
1397 1474 1507 1517 Nam
1536 1487 1689 1516 eorum

282 1545 361 1589 nisi
399 1542 605 1587 inferiora
634 1552 803 1598 essent,
840 1557 915 1585 rex
936 1556 1026 1585 esse
1056 1557 1145 1586 non
1181 1552 1338 1602 posset.
1379 1543 1421 1587 Si
1452 1558 1542 1587 non
1568 1542 1622 1586 de
1646 1558 1690 1587 se

278 1618 403 1675 ipso3
432 1631 521 1659 non
545 1614 701 1674 utique
725 1613 781 1657 de
804 1612 952 1674 aliquo
971 1612 1092 1674 quod
1114 1614 1205 1673 ipse
1223 1630 1312 1658 non
1334 1614 1438 1659 fecit
1458 1634 1466 1658 :
1493 1613 1691 1675 alioquin

282 1688 337 1732 de
360 1687 502 1731 alieno
525 1685 644 1741 fecit,
671 1695 715 1730 ct
734 1694 825 1730 erat
843 1687 934 1746 jam
956 1685 1125 1729 bonum
1148 1684 1269 1746 quod
1287 1687 1378 1745 ipse
1396 1702 1487 1731 non
1504 1685 1686 1741 fecerat,

288 1761 401 1806 unde
428 1760 507 1804 sibi
539 1774 724 1817 regnum
746 1767 972 1804 statueret.
1007 1759 1134 1812 Quod
1161 1761 1193 1803 si
1221 1759 1282 1803 ita
1305 1767 1396 1813 est,
1428 1758 1581 1818 incipit
1601 1773 1690 1802 non

281 1848 372 1876 esse
395 1833 614 1876 bonorum
631 1846 814 1891 operum
827 1839 996 1875 creator
1011 1850 1022 1886 ς
1040 1830 1142 1889 quia
1163 1839 1254 1874 erat
1274 1830 1442 1874 bonum
1457 1829 1579 1890 quod
1593 1830 1686 1889 ipse

282 1920 372 1949 non
394 1912 614 1948 creaverat
641 1922 650 1947 2
675 1919 765 1947 non
787 1901 905 1946 enirn
935 1902 990 1945 de
1015 1901 1130 1946 malo
1156 1900 1299 1946 alieno
1332 1902 1501 1946 lumina
1525 1903 1691 1962 quibus

283 1984 483 2034 regnaret
513 1975 719 2020 efficeret.
756 1973 1039 2033 Relinquitur
1063 1973 1227 2034 itaque.
1255 1983 1305 2018 ut
1326 1974 1359 2018 si
1388 1975 1444 2018 de
1470 1989 1516 2018 re
1546 1973 1690 2035 aliqua

286 2047 390 2093 fecit
407 2084 418 2104 ‚
444 2047 499 2091 de
516 2047 589 2091 illa
612 2047 764 2092 fecerit
787 2061 919 2106 quam
938 2046 1027 2104 ipse
1046 2047 1137 2106 jam
1163 2045 1341 2090 fecerat.

345 2121 400 2163 V.
438 2121 503 2163 Ita
527 2119 576 2163 fit
607 2128 658 2163 ut
695 2119 856 2177 primas
890 2117 1076 2176 origines
1114 2117 1444 2161 condendarum
1473 2132 1619 2161 rerum
1640 2118 1695 2162 de

287 2190 426 2235 nihilo
455 2194 594 2235 Deum
618 2188 768 2235 fecisse
805 2189 1021 2234 fateamur
1044 2209 1052 2234 :
1080 2190 1159 2233 nisi
1188 2189 1289 2250 quia
1319 2189 1430 2234 forte
1457 2189 1695 2234 ineffabilis

290 2279 338 2308 ac
357 2263 653 2308 sacratissimae
676 2263 910 2323 majestatis
934 2262 1274 2322 primogenitum
1296 2264 1447 2307 Jcsum
1467 2263 1691 2311 Christum

289 2350 379 2379 esse
403 2333 576 2390 dixisti,
603 2350 694 2379 non
713 2333 958 2378 secundum
981 2334 1302 2391 susceptionem
1323 2332 1528 2387 hominis,
1547 2333 1593 2376 in
1609 2348 1695 2392 qua

284 2422 360 2468 per
383 2406 669 2465 adoptionem
700 2405 926 2458 vocatos3‚
954 2403 1068 2448 sicut
1095 2403 1331 2462 Apostolus
1354 2402 1485 2459 dicit,
1511 2413 1555 2448 et
1582 2404 1694 2449 sicut

284 2476 497 2524 catholica
521 2477 662 2521 credit
686 2475 810 2530 fides,
840 2474 997 2520 fratres
1024 2473 1188 2519 habere
1209 2473 1415 2534 dignatus
1443 2484 1507 2521 est
1532 2475 1693 2536 quibus

337 2570 346 2583 ¹
373 2561 453 2594 psal.
472 2571 601 2602 cxxviii,
629 2561 659 2594 5.
679 2578 720 2585 ---
734 2567 746 2583 ²
767 2563 849 2594 Gen.
869 2571 892 2596 ι,
920 2569 975 2593 21.
991 2577 1032 2585 -—·
1049 2557 1062 2585 3
1079 2561 1169 2593 Rom.
1189 2570 1263 2600 vni,
1282 2568 1334 2603 29.
