1803 3250
345 247 510 278 comm
544 247 847 279 ADVERSARIUM
880 252 1016 290 LEG1s,
1052 254 1134 280 Lm.
1171 255 1219 281 11.
1403 241 1485 282 407

109 334 128 357 »
163 315 376 370 scientiae,
401 315 481 374 ipsi
500 330 589 359 non
612 315 819 359 introistis
833 350 844 369 ,
871 325 914 360 et
935 333 1006 362 eos
1028 318 1105 377 qui
1126 318 1365 363 introibant
1386 334 1490 378 pro-

108 404 128 426 »
163 385 409 430 hibuistis¹.
428 403 448 426 »
467 387 518 428 In
541 385 778 445 semetipsis
801 385 914 429 enim
938 389 1121 431 verbum
1146 389 1222 432 Dei
1244 404 1333 433 non
1355 389 1493 434 habe-

105 457 211 501 bant
226 491 238 511 ,
287 456 363 501 sed
399 457 620 501 habebant
651 458 695 500 in
726 456 881 501 litteris
918 474 1024 517 quas
1060 459 1279 518 legebant.
1315 463 1424 506 Nam
1459 462 1493 506 si

103 526 314 571 haberent
340 527 386 571 in
416 526 671 586 semetipsis,
701 536 744 570 et
771 527 851 586 ipsi
880 527 1106 583 intrarent,
1138 539 1182 573 et
1204 529 1307 574 alios
1332 531 1493 576 intrare

102 597 417 656 permitterent.
435 599 531 642 Non
549 596 712 640 intrare
731 606 878 640 autem
898 607 977 652 est,
996 614 1083 642 non
1105 598 1361 659 intelligere.
1380 604 1492 646 Ecce

102 682 239 728 quare
269 682 350 712 nec
383 667 526 727 ipsum
565 677 793 723 noverant,
830 683 909 712 nec
941 670 1031 729 ejus
1062 673 1256 728 Patrem,
1280 672 1381 731 quia
1405 688 1494 717 non

102 736 404 796 intelligebant
421 738 543 798 quod
566 737 770 797 legebant
790 757 799 782 ι
825 754 914 783 non
934 739 1036 799 quia
1062 742 1198 783 Deum
1214 750 1256 784 et
1274 742 1494 786 Christum

103 823 191 852 non
209 808 572 868 praedicaverant,
608 823 718 869 quos
750 808 969 867 legebant.
994 812 1085 854 Hoc
1102 819 1169 854 est
1190 826 1292 868 ergo
1312 811 1490 866 intrare,

102 895 194 924 non
212 894 302 924 esse
324 889 583 924 contentum
604 880 831 940 superficie
852 879 1025 935 litterae,
1043 880 1119 926 sed
1136 882 1191 926 ad
1207 883 1412 927 interiora
1426 882 1495 926 in-

102 950 356 1009 telligentiae
373 953 616 1010 pervenire.

160 1022 262 1064 XX.
297 1024 641 1080 Argumentatur
660 1022 788 1065 etiam
802 1021 857 1065 de
876 1024 897 1066 J
905 1037 1045 1066 oanne
1065 1023 1273 1082 Baptista,
1292 1023 1393 1083 quia
1414 1026 1496 1068 Do-

105 1091 250 1135 minus
292 1093 351 1136 ait
370 1111 378 1136 :
417 1111 438 1134 «
475 1095 525 1136 In
560 1092 671 1136 natis
709 1092 941 1136 mulierum
980 1109 1067 1137 non
1104 1093 1323 1137 exurrexit
1359 1095 1496 1154 major

104 1180 125 1203 »
161 1165 331 1206 Joanne
354 1163 546 1222 Baptista
565 1183 573 1207 :
599 1164 676 1223 qui
698 1173 843 1207 autem
867 1164 1010 1208 minor
1031 1173 1095 1208 est
1128 1164 1173 1207 in
1196 1180 1330 1223 regno
1353 1163 1493 1209 coelo-

104 1252 124 1274 »
160 1249 274 1288 rum,
298 1234 437 1294 major
459 1243 522 1278 est
543 1233 658 1277 illo2.
681 1253 699 1275 »
720 1238 784 1278 Ita
805 1235 928 1278 velut
949 1235 1263 1289 ratiocinando,
1285 1246 1494 1295 tanquam

100 1306 291 1349 Joannes
324 1319 414 1349 non
447 1305 660 1364 pertineat
679 1305 735 1348 ad
763 1319 944 1362 regnum
968 1304 1208 1359 coelorum,
1242 1315 1285 1349 et
1320 1306 1376 1350 ob
1413 1306 1496 1351 hoc

100 1373 241 1418 multo
262 1374 406 1419 minus
427 1375 572 1419 caeteri
593 1374 825 1433 Prophetae
847 1373 963 1418 illius
987 1374 1155 1434 populi,
1176 1375 1336 1435 quibus
1359 1377 1498 1436 major

100 1454 166 1490 est
196 1447 402 1490 Joannes.
451 1447 556 1489 Haec
591 1454 736 1488 autem
767 1445 900 1489 verba
938 1446 1111 1489 Domini
1144 1446 1318 1490 duobus
1356 1446 1496 1491 modis

101 1525 282 1575 possunt
312 1516 548 1560 rectissime
580 1514 783 1574 intelligi.
807 1518 895 1559 Aut
919 1515 1036 1559 enim
1069 1531 1251 1574 regnum
1281 1515 1496 1561 coelorum

99 1586 332 1648 appellavit
352 1602 404 1632 eo
427 1586 524 1632 loco
548 1587 776 1642 Dominus,
802 1587 923 1647 quod
946 1587 1143 1632 nondum
1164 1588 1425 1648 accepimus,
1451 1598 1496 1633 et

99 1659 145 1702 in
162 1675 251 1719 quo
269 1658 468 1703 nondum
486 1674 659 1716 sumus3
683 1658 801 1702 unde
823 1667 866 1703 et
885 1660 929 1702 in
951 1660 1037 1703 fine
1056 1658 1251 1703 dicturus
1269 1669 1351 1705 est:
1374 1679 1393 1702 «
1410 1662 1497 1704 Ve-

100 1748 121 1772 »
155 1729 262 1785 nite,
283 1729 501 1775 benedicti
520 1731 654 1774 Patris
675 1730 774 1784 mei,
797 1730 1002 1789 percipite
1021 1732 1230 1790 regnum3
1252 1750 1260 1776 ;
1283 1749 1302 1772 »
1320 1740 1364 1775 et
1382 1733 1486 1792 quia

99 1800 162 1844 ibi
194 1809 298 1845 sunt
326 1801 462 1845 sancti
496 1800 669 1859 Angeli,
704 1800 891 1861 quilibet
923 1801 969 1844 in
1002 1801 1060 1845 eis
1089 1802 1246 1857 minor,
1273 1803 1409 1862 major
1431 1810 1495 1846 est

99 1871 252 1931 utique
265 1870 465 1930 quolibet
486 1880 636 1914 sancto
658 1880 701 1914 et
717 1872 850 1929 justo,
871 1880 1073 1930 portante
1091 1887 1247 1930 corpus
1261 1871 1381 1931 quod
1398 1887 1490 1916 cor-

100 1942 318 2002 rumpitur
340 1951 384 1986 et
409 1951 615 2001 aggravat
638 1944 867 1985 animam⁴.
894 1946 983 1986 Aut
1005 1943 1037 1986 si
1068 1958 1251 2002 regnum
1280 1941 1493 1987 coelorum

101 2013 147 2056 in
169 2029 218 2057 ea
239 2013 452 2057 sententia
475 2010 564 2056 illic
582 2010 764 2069 intelligi
788 2011 946 2066 voluit,·
967 2028 1054 2073 qua
1074 2022 1117 2056 et
1135 2013 1179 2057 in
1198 2014 1280 2057 hoc
1297 2021 1493 2072 tempore

99 2084 364 2142 significatur
383 2082 591 2136 Ecclesia,
613 2083 737 2143 cujus
759 2080 837 2126 filii
858 2092 959 2126 sunt
982 2098 1132 2127 omnes
1151 2083 1205 2126 ab
1223 2082 1495 2127 institutione

101 2155 270 2214 generis
291 2155 473 2200 humani
495 2170 634 2214 usque
655 2170 792 2212 nunc,
817 2163 1036 2214 quotquot
1049 2154 1155 2214 justi
1179 2163 1221 2198 et
1249 2155 1385 2198 sancti
1405 2169 1495 2198 esse

99 2235 370 2286 potuerunt,
393 2224 590 2286 profecto
613 2241 658 2270 se
679 2226 820 2286 ipsum
847 2226 1057 2269 Dominus
1076 2225 1359 2284 significavit,
1393 2225 1495 2285 quia

100 2296 305 2341 nascendi
324 2305 519 2356 tempore
539 2297 681 2340 minor
698 2305 788 2339 erat
811 2298 995 2349 Joanne,
1018 2297 1153 2356 major
1172 2305 1314 2339 autem
1340 2294 1495 2339 divini-

101 2369 200 2412 tatis
221 2368 462 2413 aeternitate
483 2376 527 2411 et
547 2366 765 2411 dominica
789 2375 1018 2426 potestate.
1043 2366 1230 2410 Proinde
1251 2365 1494 2410 secundum

101 2440 290 2500 priorem
307 2438 618 2498 expositionem
636 2438 696 2483 ita
710 2437 994 2496 distinguitur
1010 2457 1018 2482 ε
1038 2457 1056 2479 «
1070 2441 1122 2482 In
1136 2438 1246 2482 natis
1261 2437 1493 2482 mulierum

106 2528 127 2552 »
146 2526 292 2555 >nemo
326 2511 546 2554 exurrexit
575 2511 713 2571 major
756 2513 924 2555 Joanne
971 2509 1162 2569 Baptista
1185 2529 1194 2554 :
1230 2510 1307 2570 qui
1349 2518 1494 2554 autem

158 2602 165 2618 ¹
192 2597 270 2629 Luc.
291 2607 336 2635 xi,
356 2594 410 2628 32.
429 2612 471 2619 ·—
489 2603 502 2618 ²
518 2594 638 2628 Matth.
659 2607 713 2637 xr,
736 2607 787 2627 11.
802 2594 932 2627 -31d.
951 2606 1025 2633 xxv,
1045 2594 1099 2635 34.
1114 2595 1183 2624 -4
1201 2595 1276 2638 Sap⁴
1294 2607 1341 2635 rx,
1359 2594 1409 2626 15.
