1803 3250
434 250 593 282 CONTRA
626 247 841 290 FAUSTUM‚
877 251 961 279 Lm.
998 252 1108 279 xxn.
1406 241 1464 280 69

82 330 125 366 et
146 319 293 366 dicens
315 320 476 366 meritis
499 321 584 364 suis
605 319 688 364 hoc
711 317 931 363 redditum
948 334 1136 378 superno
1148 319 1315 380 judicio
1331 354 1342 376 ‚
1376 335 1466 380 quo

80 391 154 436 ille
180 392 408 453 injuriosus
435 391 587 436 missus
615 400 724 435 esset
741 426 752 446 ‚
789 398 840 434 ut
868 391 911 433 in
941 405 1039 433 eum
1069 390 1171 435 talia
1198 391 1466 451 jacularetur

81 464 328 523 opprobria.
362 463 428 507 Ibi
461 462 507 506 in
533 477 706 522 gregem
728 461 810 506 sibi
835 460 1113 506 commissum
1146 470 1266 506 tanta
1297 462 1471 508 dilectio

80 534 304 593 pastoralis
319 569 329 589 ‚
357 543 405 577 ut
426 548 505 593 pro
522 532 580 577 eis
603 533 691 592 ipse
705 530 836 576 vellet
856 531 982 586 mori,
1003 530 1181 592 quando
1200 532 1363 591 populo
1381 550 1468 577 nu-

79 615 244 650 merato
266 613 494 664 peccatum
514 603 710 648 elationis
732 605 822 664 ejus
839 603 899 647 sic
916 602 1072 662 punire
1095 602 1259 661 placuit
1277 606 1365 648 Deo
1382 639 1392 659 ‚
1421 614 1470 649 ut

80 675 281 720 eumdem
302 690 533 719 numerum
551 675 767 719 minueret
783 683 922 719 morte
940 674 1198 729 multorum,
1219 676 1343 734 cujus
1360 675 1472 719 mul-

80 745 268 791 titudine
304 762 378 791 cor
415 747 521 805 regis
553 746 694 791 fuerat
726 745 925 806 superbia
959 754 1284 805 pertentatum:
1312 746 1358 789 in
1383 762 1473 806 quo

79 815 252 862 occulto
284 815 450 877 judicio
481 820 621 872 Deus,
653 816 772 877 apud
799 832 932 877 quem
955 832 1042 861 non
1066 825 1130 861 est
1151 816 1400 877 iniquitas¹‚
1426 827 1469 862 et

77 904 186 950 quos
208 898 388 934 noverat
410 887 606 946 indignos
623 889 704 934 hac
722 889 825 944 vita,
851 889 1065 934 subtraxit
1087 889 1191 933 huic
1215 888 1339 948 vitae3
1362 898 1406 933 et
1428 890 1471 933 in

80 959 154 1005 illo
177 960 253 1020 qui
275 960 330 1003 de
356 958 583 1004 hominum
606 961 730 1020 copia
752 976 795 1004 se
814 959 1053 1015 extulerat,
1091 968 1309 1004 tumorem
1339 960 1471 1004 animi

79 1031 258 1075 humani
274 1029 467 1089 ejusdem
486 1031 623 1089 copiae
639 1030 930 1075 diminutione
952 1031 1131 1075 sanavit.
1161 1030 1228 1074 lbi
1253 1040 1341 1075 tam
1369 1031 1473 1075 reli*

78 1102 219 1161 giosus
237 1101 312 1145 Dei
335 1101 480 1157 timor,
502 1111 821 1146 sacramentum
840 1102 1000 1146 Christi
1022 1102 1068 1146 in
1091 1111 1240 1147 sancta
1265 1102 1473 1147 unctione

76 1172 289 1228 servabat,
310 1181 361 1216 ut
380 1187 456 1216 cor
469 1173 560 1232 ejus
573 1172 642 1231 pia
655 1170 947 1216 sollicitudine
970 1171 1267 1231 trepidaverit,
1293 1173 1474 1232 quando

76 1244 271 1302 exiguam
285 1242 541 1303 particulam
556 1244 610 1287 de
621 1252 741 1288 veste
752 1243 885 1302 ipsius
897 1243 978 1288 Sati
986 1243 1036 1287 lis
1049 1242 1234 1287 latenter
1247 1243 1468 1301 abscidit2‚

80 1325 128 1360 ut
152 1315 332 1360 haberet
354 1314 471 1359 unde
490 1313 551 1358 illi
574 1313 705 1358 fidem
728 1312 915 1367 faceret,
936 1329 1069 1374 quam
1083 1313 1220 1358 nollet
1235 1329 1352 1370 eum,
1371 1330 1473 1360 cum

76 1395 234 1446 posset,
250 1386 461 1431 occidere.
479 1386 543 1430 Ibi
559 1395 646 1430 tam
670 1384 862 1445 prudens
884 1385 929 1428 in
944 1384 1056 1429 filios
1079 1394 1122 1429 et
1139 1394 1261 1430 tanta
1283 1385 1475 1431 clemen-

78 1460 148 1513 tia,
168 1466 217 1502 ut
234 1474 333 1502 cum
352 1458 630 1502 innocentem
650 1472 833 1516 puerum
849 1458 883 1511 3,
904 1472 983 1516 pro
996 1472 1084 1516 quo
1097 1466 1338 1516 aegrotante
1353 1459 1468 1502 mul-

75 1530 127 1573 tis
148 1528 348 1586 lacrymis
374 1537 416 1572 et
429 1527 686 1572 humilitatis
699 1527 899 1571 sordibus
911 1542 1001 1571 sese
1015 1527 1218 1588 abjiciens
1234 1530 1470 1574 Dominum

74 1600 218 1644 fuerat
230 1600 500 1658 deprecatus,
523 1606 746 1642 mortuum
761 1614 849 1641 non
863 1597 1042 1657 luxerit3
1062 1599 1177 1643 idern
1189 1600 1398 1660 juvenem
1414 1602 1470 1645 fi-

75 1671 181 1715 lium
200 1670 446 1731 parricidali
461 1668 606 1714 furore
620 1670 911 1729 praecipitem,
929 1670 1005 1730 qui
1020 1680 1063 1714 et
1078 1679 1311 1729 paternum
1325 1672 1472 1717 cubile

74 1742 234 1802 stupris
254 1740 429 1785 nefariis
450 1741 770 1796 maculaverat,
803 1750 847 1785 et
875 1750 1026 1786 contra
1047 1750 1213 1801 patrem
1239 1743 1470 1789 scelestum

76 1813 240 1858 bellum
263 1812 457 1872 gerebat,
478 1822 520 1857 et
539 1811 669 1856 vellet
690 1822 1012 1868 conservatum,
1030 1822 1074 1857 et
1087 1813 1211 1858 fleret
1229 1817 1419 1859 occisum
1434 1817 1468 1862 ⁴:

73 1885 228 1929 animae
241 1883 403 1929 scilicet
418 1884 546 1929 tantis
567 1884 821 1928 criminibus
841 1884 1051 1929 involutae
1067 1887 1349 1946 sempiternas
1365 1903 1470 1947 prae-

75 1955 226 1999 videns
240 1971 409 2015 poenas,
430 1955 589 2015 quibus
605 1954 837 2000 evadendis
859 1971 958 2000 eum
972 1971 1050 2016 per
1063 1957 1367 2015 poenitentiam
1380 1975 1474 2004 cor-

76 2026 306 2086 rigendum
324 2027 466 2070 vivere
488 2026 691 2086 cupiebat
709 2027 1002 2071 humiliatum.
1031 2030 1134 2072 Haee
1158 2038 1201 2073 et
1224 2029 1307 2073 alia
1330 2030 1470 2076 multa

75 2097 294 2142 laudanda
325 2107 366 2141 et
399 2097 608 2142 imitanda
641 2098 686 2141 in
718 2098 794 2142 illo
821 2108 971 2143 sancto
994 2099 1271 2158 reperiuntur
1293 2101 1410 2157 viro,
1436 2103 1470 2147 si

75 2184 164 2213 non
185 2184 411 2228 perversus
435 2171 604 2213 animus
627 2185 722 2213 eam
747 2170 1031 2229 scripturam,
1052 2186 1151 2230 quae
1173 2170 1228 2214 de
1248 2171 1325 2216 illo
1347 2172 1468 2233 loqui

76 2249 162 2294 tur,
181 2249 473 2299 perscrutetur
491 2261 498 2284 τ
520 2241 704 2285 maxime
722 2242 755 2285 si
777 2251 921 2286 mente
945 2241 1119 2285 subdita
1138 2252 1180 2286 et
1194 2242 1264 2301 pia
1280 2251 1322 2286 et
1339 2243 1469 2303 plane

74 2309 191 2354 fideli
214 2326 447 2371 sequamur
468 2313 724 2356 sententiam
748 2314 851 2368 Dei,
879 2314 954 2373 qui
977 2314 1069 2373 ejus
1092 2323 1273 2358 noverat
1295 2316 1468 2360 occulta

75 2381 215 2425 cordis
232 2417 242 2436 ‚
268 2382 345 2425 ubi
362 2382 406 2426 in
422 2393 659 2441 conspectu
673 2385 764 2444 ejus
788 2384 865 2444 qui
887 2383 978 2428 falli
999 2400 1088 2428 non
1110 2394 1266 2444 potest,
1292 2386 1350 2430 ita
1373 2387 1463 2446 pla-

75 2452 181 2508 cuit,
201 2460 250 2496 ut
272 2453 400 2496 etiam
422 2452 521 2497 filiis
542 2454 628 2497 suis
647 2454 884 2499 imitandus
902 2456 956 2499 ab
980 2455 1053 2500 illo
1069 2465 1400 2515 proponeretur.

124 2561 132 2577 ¹
155 2557 245 2587 Rom.
265 2566 309 2598 ix,
332 2555 383 2598 14.
411 2573 450 2579 -
469 2562 479 2577 ²
499 2567 510 2587 1
542 2558 618 2597 Reg.
645 2566 733 2596 xxiv,
763 2556 792 2587 5.
813 2575 853 2580 --
875 2555 887 2579 3
906 2566 924 2588 t).
951 2559 1105 2597 Reg.x11‚
1130 2559 1166 2589 16
1189 2562 1218 2588 cr
1240 2567 1293 2590 ρο.
1311 2558 1380 2588 -lu
1413 2559 1459 2591 hl,

77 2619 166 2654 xvtn,
187 2610 205 2644 5
225 2616 257 2645 et
275 2611 327 2646 33.
