1803 3250
351 218 427 254 102
779 227 811 251 s.
847 223 1076 252 AUGUSTINJ
1110 225 1294 253 EPISCOPI

344 290 532 336 crudelia
559 288 694 332 multa
716 297 758 332 ct
781 288 996 334 mandarit
1021 299 1063 334 et
1087 287 1252 334 fecerit.
1275 289 1358 335 Sed
1375 289 1477 350 quia
1499 290 1602 335 novi
1625 289 1732 350 quid

348 363 530 406 maximo
558 369 599 402 et
634 360 844 405 invidiose
861 361 1025 420 jactare
1042 361 1370 416 consueverint,
1400 359 1499 406 ideo
1533 362 1622 421 ipse
1649 362 1733 406 hoc

344 431 702 484 commemoravi,
737 433 1023 492 superiusque
1045 431 1241 487 delendi,
1267 448 1323 476 ne
1344 432 1588 493 quidquam
1615 432 1661 476 in
1683 447 1734 476 eo

346 503 460 547 facto
483 517 573 546 esse
595 502 802 556 criminis,
827 502 895 547 vel
920 503 999 562 ipsi
1023 503 1253 548 Manichaei
1276 503 1351 563 qui
1376 503 1533 562 corrigi
1553 500 1733 557 vellent,

344 574 413 620 vel
445 573 674 634 quisquam
711 573 820 618 alius
852 574 1153 634 imperitorum
1176 583 1251 618 aut
1272 574 1510 634 impiorum
1545 582 1732 633 putaret.

345 648 471 691 Nunc
494 653 640 688 autem
661 643 769 704 quid
787 645 914 688 etiam
935 645 1203 704 propheticae
1225 645 1550 704 significationis
1566 643 1736 688 habue-

344 717 400 761 rit
422 714 736 776 requirendum
753 724 839 770 est,
866 715 985 775 quod
1009 730 1061 759 ex
1080 715 1138 759 eis
1163 715 1340 770 multos,
1360 716 1436 776 qui
1454 715 1534 760 sibi
1557 714 1736 759 absente

343 789 435 848 ipso
458 787 625 831 idolum
648 786 1021 842 fabricaverunt1,
1049 787 1140 830 sine
1162 785 1249 830 ulla
1272 787 1532 848 cujusquam
1551 785 1735 831 necessi-

345 858 510 903 tudinis
544 857 823 902 distinctione
853 857 982 916 jussit
1015 856 1222 902 interimi.
1259 857 1406 903 Facile
1437 867 1501 902 est
1532 867 1582 902 ut
1608 855 1739 901 intel-

346 929 508 988 ligatur
547 928 778 971 hominum
818 926 993 970 illorum
1036 926 1419 987 interemptionem
1439 964 1450 983 ,
1497 927 1740 986 significare

343 1000 551 1044 vitiorum
587 997 739 1042 talium
770 997 1101 1050 insecutionem,
1139 998 1343 1058 qualibus
1373 998 1436 1043 illi
1455 999 1510 1043 ad
1539 998 1737 1043 eamdem

345 1068 637 1114 idololatriam
659 1068 953 1112 defluxerunt.
981 1071 1029 1112 In
1059 1067 1159 1112 talia
1185 1068 1349 1128 quippe
1371 1069 1473 1112 vitia
1490 1069 1638 1113 saevire
1660 1085 1739 1114 nos

341 1142 470 1202 jubet
483 1140 694 1195 Psalmus,
711 1156 810 1185 cum
827 1140 953 1184 dicit:
970 1160 988 1181 «
1009 1139 1260 1194 Irascimini,
1279 1150 1321 1184 et
1338 1138 1473 1185 nolite
1489 1142 1738 1200 peccare2.»

347 1216 400 1257 In
436 1213 538 1256 talia
570 1212 673 1256 vitia
711 1213 864 1256 saevire
898 1227 976 1257 nos
1007 1213 1135 1272 jubet
1178 1211 1410 1272 Apostolus
1426 1248 1436 1268 ‚
1472 1227 1574 1257 cum
1608 1211 1739 1257 dicit:

352 1302 372 1325 «
408 1281 669 1327 Mortificate
686 1281 881 1325 membra
901 1292 1038 1326 vestra
1062 1297 1162 1342 quae
1179 1291 1282 1327 sunt
1304 1298 1434 1342 super
1450 1292 1627 1338 terram,
1653 1281 1744 1327 for-

349 1372 370 1395 »
411 1352 694 1407 nicationem,
718 1352 1060 1408 immunditiam,
1085 1352 1324 1401 luxuriam.
1343 1353 1741 1412 concupiscentiam

353 1445 374 1467 »
406 1423 584 1480 malam,
603 1434 645 1468 et
668 1424 891 1468 avaritiam
917 1440 1014 1484 quae
1037 1434 1100 1469 est
1117 1424 1338 1469 idolorum
1357 1425 1580 1470 servitus3.
1601 1442 1622 1466 η

408 1496 573 1539 XCIII.
604 1493 688 1540 Sed
711 1495 819 1554 quid
835 1494 916 1538 sibi
939 1494 1044 1539 velit
1059 1530 1070 1548 ,
1096 1493 1217 1554 quod
1237 1494 1356 1554 prius
1379 1494 1505 1548 fecit,
1532 1504 1582 1538 ut
1602 1495 1745 1554 ipsum

350 1565 539 1610 vitulum
555 1565 655 1624 igne
677 1564 979 1621 combureret,
997 1565 1334 1626 minutatimque
1351 1565 1625 1621 concideret,
1641 1566 1744 1610 etin

350 1651 511 1697 aquam
533 1645 772 1695 spargeret,
788 1645 832 1680 et
853 1645 1007 1695 potum
1027 1635 1194 1696 populo
1212 1635 1361 1681 daret:
1380 1637 1587 1697 majorem
1600 1637 1747 1681 inten—

350 1709 516 1752 tionem
531 1706 857 1766 perscrutandae
870 1707 1195 1766 significationis
1212 1707 1409 1768 inquirit.
1431 1708 1475 1754 Si
1489 1708 1606 1752 enim
1623 1708 1747 1753 tabu-

350 1778 437 1833 las,
463 1793 570 1838 quas
589 1777 728 1836 digito
746 1778 851 1831 Dei,
883 1778 967 1821 hoc
990 1787 1054 1822 est
1079 1779 1333 1837 operatione
1367 1779 1554 1838 Spiritus
1580 1779 1744 1834 sancti,

351 1849 531 1908 scriptas
555 1857 796 1907 acceperat,
807 1847 908 1893 ideo
917 1847 1065 1906 fregit,
1083 1849 1184 1909 quia
1198 1849 1402 1909 indignos
1418 1865 1489 1895 eos
1503 1851 1666 1911 quibus
1677 1866 1748 1895 eas

349 1919 512 1978 legeret
529 1954 540 1970 ‚
559 1917 773 1979 judicavit
800 1937 809 1964 :
838 1920 871 1962 si
897 1919 1091 1980 denique
1113 1929 1162 1964 ut
1185 1920 1240 1964 ab
1267 1921 1326 1965 eis
1344 1919 1417 1965 ille
1437 1920 1602 1966 vitulus
1626 1921 1748 1981 peni-

351 2000 421 2035 tus
449 1989 718 2044 aboleretur,
744 1988 937 2034 incendit
973 2005 1074 2034 eum
1092 2025 1103 2046 ,
1129 1991 1359 2046 contrivit,
1385 1992 1431 2035 in
1453 2007 1566 2052 aqua
1594 1992 1748 2050 sparsit

352 2070 485 2121 atque
517 2061 779 2116 submersit,
805 2070 856 2105 ut
889 2061 997 2122 quid
1026 2070 1069 2106 et
1092 2071 1246 2122 potum
1276 2063 1361 2107 hoc
1398 2061 1562 2122 populo
1595 2062 1749 2107 dedit?

351 2137 491 2186 Quem
513 2147 604 2176 non
625 2132 783 2176 excitet
802 2130 969 2177 factum
995 2133 1078 2177 hoc
1099 2132 1153 2177 ad
1186 2132 1493 2193 inquirendam
1515 2141 1558 2176 et
1585 2132 1748 2177 intelli-

352 2203 538 2262 gendam
560 2203 863 2262 propheticam
885 2203 1244 2262 significationem
1263 2206 1280 2245 ἱ)
1300 2205 1514 2248 Occurrat
1536 2218 1640 2263 ergo
1655 2204 1746 2263 jam

349 2274 529 2318 intentis
553 2274 774 2318 mentibus
791 2309 803 2329 ,
825 2284 1037 2333 tanquam
1056 2273 1221 2318 diaboli
1254 2289 1411 2333 corpus
1433 2275 1478 2317 in
1509 2273 1649 2319 vitulo
1665 2309 1677 2330 ,
1701 2274 1748 2319 id

348 2355 436 2399 est,
464 2345 661 2389 homines
679 2345 724 2388 in
742 2344 949 2389 omnibus
971 2343 1197 2403 gentibus,
1221 2344 1383 2404 quibus
1405 2343 1460 2388 ad
1492 2345 1587 2388 haec
1611 2345 1747 2389 sacri-

345 2416 456 2473 legia
475 2426 608 2475 caput
629 2451 640 2470 ,
676 2417 758 2460 hoc
774 2425 861 2471 est,
887 2424 1038 2459 auctor
1055 2424 1119 2459 est
1152 2414 1367 2459 diabolus.
1391 2418 1587 2459 Aureum
1610 2431 1745 2475 prop-

348 2494 458 2530 terea
474 2523 484 2539 ,
527 2487 629 2545 quia
652 2486 860 2530 videntur
881 2485 1142 2531 idololatriae
1163 2486 1268 2529 ritus
1291 2485 1413 2529 velut
1435 2501 1457 2529 a
1479 2486 1745 2545 sapientibus

400 2575 402 2582 ¹
432 2572 515 2602 {ix-od
551 2582 648 2609 xxxii,
666 2570 697 2611 4.
721 2587 758 2593 —
780 2578 790 2592 ²
812 2567 890 2602 Psal.
919 2582 964 2610 iv,
986 2571 1015 2601 5.
1042 2589 1072 2593 -
1105 2569 1438 2602 ³Coloss.1·1.5.—4
1459 2571 1555 2602 Exod.
1572 2581 1669 2610 xxxii,
1686 2580 1739 2604 20.
