1803 3250
336 221 389 257 70
766 225 799 254 s.
836 226 1065 255 mensum
1098 226 1279 254 muscum

392 296 568 339 van.
605 291 721 344 Quid
755 292 869 336 enim
899 291 1019 336 aliud
1052 306 1184 352 quam
1218 289 1360 336 cordis
1381 292 1474 351 ejus
1501 291 1720 351 profunda

331 365 536 412 cernebat
561 363 744 423 Spiritus
775 362 849 406 Dei
865 398 875 417 ,
901 362 1080 422 quando
1103 371 1327 422 correptus
1354 378 1430 422 per
1458 363 1721 422 Prophetam

331 437 437 483 dixit
464 455 473 481 :
503 454 517 474 «
543 435 749 480 Peccavi¹
771 454 779 479 :
803 453 822 475 »
857 435 1156 494 continuoque
1181 435 1235 478 ad
1258 435 1340 479 hoc
1370 449 1510 478 unum
1539 434 1721 480 verbum

331 508 482 553 audire
503 506 689 559 meruit,
715 505 836 565 quod
859 505 1073 564 acceperit
1094 506 1265 549 veniam
1289 507 1307 549 P
1340 505 1407 550 Ad
1436 520 1570 565 quam
1599 520 1690 549 rem
1705 540 1717 561 ‚

329 580 409 623 nisi
427 577 480 623 ad
494 578 799 637 sempiternam
817 577 999 621 salutem
1013 579 1031 621 P
1056 579 1206 636 Neque
1222 578 1338 620 enim
1358 577 1643 636 praetermissa
1657 586 1722 622 est

328 651 372 694 in
396 649 472 694 illo
484 647 725 694 secundum
741 648 816 692 Dei
829 648 1211 692 comminationem
1233 646 1390 704 flagelli
1406 647 1721 706 paternidisci-

329 721 446 781 plina
464 756 475 774 ‚
501 730 550 764 ut
572 729 614 764 et
634 718 856 764 confessus
879 720 921 762 in
943 728 1155 762 aeternum
1174 717 1446 773 liberaretur,
1472 728 1515 763 et
1536 719 1723 764 afflictus

328 792 625 852 temporaliter
647 791 918 851 probaretur.
948 789 1076 834 Haud
1096 804 1198 834 vero
1222 790 1440 834 mediocre
1462 789 1564 834 fidei
1587 791 1722 835 robur

329 862 438 918 fuit,
465 873 540 907 aut
564 877 745 922 parvum
764 861 877 905 mitis
899 870 942 904 et
964 859 1208 904 obedientis
1227 860 1358 903 animi
1376 860 1604 917 indicium,
1620 876 1720 905 cum

328 935 517 979 audisset
539 950 562 977 a
588 933 804 990 Propheta
826 929 947 991 quod
969 931 1051 974 sibi
1075 933 1188 974 Deus
1214 931 1446 989 ignovisset
1461 966 1472 983 ‚
1505 941 1548 975 et
1579 941 1725 977 tamen

329 1019 430 1064 quae
452 1002 594 1047 fuerat
616 1001 906 1047 comminatus
924 1009 1242 1061 consequenter
1266 1001 1536 1057 evenissent,
1568 1017 1657 1046 non
1681 1018 1726 1047 se

328 1074 472 1119 dicere
496 1073 725 1132 Proplietae
749 1071 983 1131 deceptum
1011 1087 1101 1115 esse
1135 1071 1385 1125 mendacio,
1411 1087 1490 1116 nec
1522 1088 1725 1117 murmu-

327 1160 420 1189 rare
444 1143 649 1188 adversus
676 1146 829 1197 Deum,
853 1142 975 1202 quasi
993 1141 1144 1185 falsam
1165 1151 1443 1201 peccatorum
1463 1144 1554 1202 ejus
1574 1142 1726 1188 indul-

328 1216 519 1276 gentiam
542 1214 902 1273 pronuntiaverit.
926 1213 1203 1272 lntelligebat
1217 1214 1334 1257 enim
1355 1214 1419 1258 vir
1437 1213 1522 1258 alte
1534 1223 1724 1271 sanctus,

327 1298 370 1333 et
391 1303 481 1332 non
503 1296 656 1331 contra
681 1288 838 1340 Deum,
863 1285 937 1329 sed
959 1285 1015 1328 ad
1035 1288 1170 1329 Deum
1195 1284 1342 1329 levans
1366 1286 1554 1330 animam
1577 1302 1722 1343 suam,

329 1359 410 1403 nisi
456 1358 667 1402 Dominus
707 1365 818 1399 esset
854 1355 1082 1399 confitenti
1120 1356 1440 1416 poenitentique
1482 1357 1696 1417 propitius
1714 1393 1726 1413 ‚

331 1439 546 1491 quantum
568 1443 801 1488 poenarum
824 1437 1086 1471 aeternarum
1110 1429 1200 1487 ejus
1223 1437 1364 1472 essent
1380 1427 1512 1487 digna
1527 1438 1725 1488 peccata:

327 1518 406 1562 pro
429 1500 591 1561 quibus
614 1515 715 1544 cum
750 1498 1064 1558 temporalibus
1095 1499 1476 1544 emendationibus
1499 1510 1699 1545 ureretur
1715 1537 1726 1557 ‚

326 1572 506 1618 videbat
531 1586 630 1629 erga
652 1586 695 1614 se
724 1579 767 1614 et
796 1585 969 1613 manere
991 1571 1161 1613 veniam
1183 1605 1194 1624 ‚
1226 1579 1268 1614 et
1291 1586 1379 1615 non
1403 1571 1565 1630 negligi
1588 1571 1730 1617 medi—

329 1644 488 1688 cinam.
514 1644 603 1687 Cur
622 1650 769 1685 autem
793 1639 895 1684 Saiil
917 1655 992 1698 per
1017 1640 1262 1684 Samuelem
1283 1651 1524 1701 correptus,
1549 1657 1649 1687 cum
1667 1643 1731 1687 di-

327 1723 443 1758 ceret
472 1713 602 1756 etiam
632 1712 721 1771 ipse
748 1730 757 1756 z
793 1730 813 1752 «
834 1711 1038 1763 Peccavi,
1063 1729 1082 1751 »
1120 1726 1209 1754 non
1244 1712 1406 1755 meruit
1427 1712 1579 1756 audire
1608 1713 1729 1773 quod

327 1782 489 1840 David,
518 1783 639 1844 quod
662 1782 701 1826 ei
721 1782 931 1826 Dominus
950 1781 1248 1840 ignovisset2?
1275 1802 1294 1824 «
1313 1785 1425 1828 Num
1446 1799 1730 1842 personarum

335 1878 351 1898 »
370 1855 564 1915 acceptio
578 1865 641 1898 est
655 1854 774 1914 apud
791 1855 955 1898 Deum?
973 1854 1132 1898 Absit3.
1144 1872 1162 1894 »
1184 1854 1267 1899 Sed
1281 1854 1326 1898 in
1338 1855 1466 1899 simili
1478 1871 1584 1901 voce
1597 1873 1729 1917 quam

330 1943 478 1972 sensus
502 1927 724 1971 humanus
746 1924 978 1980 audiebat,
1005 1925 1212 1970 dissimile
1232 1935 1381 1985 pectus
1400 1936 1493 1971 erat
1513 1927 1634 1988 quod
1660 1928 1730 1973 di-

332 1998 459 2043 vinus
482 1995 635 2042 oculus
656 1996 944 2041 discernebat.
969 1995 1087 2049 Quid
1106 1995 1265 2040 talibus
1279 1995 1490 2042 docemur
1507 1997 1728 2058 exemplis,

333 2070 414 2114 nisi
439 2084 625 2128 regnum
649 2067 865 2112 coelorum
887 2068 999 2111 intra
1023 2083 1100 2112 nos
1123 2083 1228 2121 esse,
1254 2078 1297 2112 et
1317 2067 1371 2112 de
1393 2069 1557 2114 intimis
1574 2071 1732 2115 nostris

333 2145 473 2186 Deum
497 2140 639 2185 colere
669 2155 748 2184 nos
775 2138 953 2194 debere⁷
980 2148 1028 2182 ut
1049 2154 1101 2182 ex
1123 2140 1390 2184 abundantia
1415 2141 1557 2186 cordis
1587 2157 1633 2186 os
1661 2141 1730 2186 lo-

333 2213 552 2273 quatur43
576 2227 667 2255 non
690 2220 836 2255 autem
860 2220 909 2255 ut
934 2210 1121 2270 populus
1144 2226 1245 2255 eum
1268 2210 1394 2255 labiis
1417 2213 1630 2268 honoret,
1655 2229 1730 2258 cor

333 2292 478 2327 autem
501 2297 653 2326 eorum
671 2281 800 2340 longe
821 2282 874 2326 sit
905 2281 959 2325 ab
985 2297 1036 2325 eo
1051 2283 1065 2307 ⁵
1087 2301 1095 2326 :
1123 2298 1266 2342 neque
1282 2282 1480 2342 judicare
1503 2283 1627 2328 aliter
1649 2300 1731 2328 au-

334 2354 513 2399 deamus
535 2354 589 2397 de
608 2353 887 2409 hominibus,
912 2368 1101 2412 quorum
1125 2354 1326 2397 interiora
1351 2354 1499 2398 videre
1517 2370 1606 2398 non
1629 2370 1729 2414 pos-

335 2440 483 2470 sumus
498 2459 509 2480 ‚
534 2440 667 2484 quam
693 2427 806 2469 Deus
826 2423 903 2484 qui
927 2424 1006 2468 hoc
1028 2433 1170 2482 potest
1186 2459 1196 2477 ‚
1228 2433 1271 2468 et
1293 2423 1387 2467 falli.
1410 2433 1486 2468 aut
1506 2427 1729 2485 corrumpi

378 2527 390 2547 ¹
408 2535 428 2558 2
443 2529 520 2569 Reg.
542 2538 596 2567 ιιι,
616 2527 665 2558 ι3.
681 2541 725 2548 -
741 2533 752 2548 ²
776 2537 788 2558 1
808 2527 884 2568 Reg.
907 2535 963 2563 xv,
980 2523 1083 2557 24-
1096 2522 1109 2547 ³
1131 2524 1200 2556 Gal.
1226 2536 1259 2565 ιι,
1277 2525 1310 2557 6.
1330 2543 1372 2549 --
1388 2523 1403 2555 4
1421 2527 1498 2559 Luc.
1515 2537 1595 2569 xvn,
1621 2528 1675 2560 28.
1688 2546 1729 2552 —

334 2579 349 2603 ⁵
367 2580 480 2613 matth.
501 2579 640 2622 ¹¹¹›134·
