1803 3250
371 244 532 274 con-rm
568 241 868 273 Anvznsamum
903 244 1036 281 meis,
1072 244 1153 270 Lm.
1191 245 1219 270 1.
1404 234 1480 271 361

109 311 287 357 domino
313 313 403 372 ejus
420 347 430 367 ,
456 321 498 355 ct
526 311 559 354 si
582 308 782 354 cecidisse
802 308 848 351 in
875 309 959 363 via,
985 324 1073 353 non
1100 318 1388 369 pertranseat,
1414 309 1489 354 sed

108 382 222 428 levet
242 399 342 428 cum
358 383 454 428 illo¹
472 386 489 425 ἓ)
511 385 664 428 Nonne
678 381 739 425 ibi
756 380 874 439 prius
889 380 1096 439 scriptum
1115 391 1194 436 est,
1214 381 1334 441 quod
1350 385 1489 441 Apos-

107 454 222 500 tolus
244 456 367 514 ponit
386 474 395 500 ι
424 474 443 496 «
466 456 508 500 Si
530 454 663 499 esurit
683 452 882 497 inimicus
900 461 1016 506 tuus,
1043 454 1137 497 ciba
1155 453 1303 511 illum,
1327 454 1359 497 si
1384 455 1487 506 sitit,

110 543 131 567 n
156 534 309 585 potum
329 526 386 570 da
408 525 564 569 illm»
601 527 754 570 Nonne
778 523 839 566 ibi
861 522 980 582 prius
1003 524 1134 568 homo
1166 525 1242 568 Dei
1268 528 1355 569 Deo
1387 541 1487 580 suo,

108 595 229 656 quod
251 597 290 641 ei
311 597 462 656 utique
483 595 562 640 scit
588 595 773 655 placere,
799 593 904 638 dicit
925 613 935 639 ;
963 612 982 636 «
1004 596 1189 639 Domine
1210 598 1321 639 Deus
1343 611 1464 640 meus
1478 631 1488 651 ,

112 686 132 710 »
158 667 192 711 si
212 666 296 712 feci
320 666 455 725 istud,
479 666 514 711 si
534 675 598 711 est
614 665 819 726 iniquitas
841 665 886 710 in
904 666 1106 710 manibus
1128 666 1250 723 meis,
1272 667 1305 710 si
1323 667 1492 711 reddidi

110 758 131 782 »
153 739 494 784 retribuentibus
521 738 628 782 mihi
648 737 825 783 'mala³?
844 756 863 780 »
889 740 1042 784 Nonne
1059 738 1120 781 ibi
1140 739 1259 797 prius
1281 740 1491 783 Jeremias

106 811 319 870 propheta
329 809 536 855 describit
550 810 686 855 sancti
698 810 968 869 patientiam,
983 809 1216 869 praebentis
1229 810 1494 869 percutienti

108 897 152 926 se
172 880 443 926 maxillam⁴i³
464 884 618 927 Nonne
635 881 697 925 ibi
720 881 838 941 prius
859 897 936 941 per
953 880 1086 925 alium
1109 881 1371 941 Prophetam
1391 896 1495 940 prae-

108 952 283 1012 cipitur,
308 961 358 1013 ut
374 951 584 997 malitiam
604 953 904 1013 unusquisque
928 950 1070 996 fratris
1095 952 1158 995 sui
1181 967 1269 996 non
1300 952 1496 996 reminis-

109 1031 232 1068 catur
245 1025 291 1065 5‘?
314 1022 432 1077 Quid
453 1032 516 1068 est
531 1038 634 1081 ergo
651 1023 771 1082 quod
787 1024 865 1068 iste
884 1022 1161 1082 blasphemus
1175 1024 1268 1068 haec
1286 1032 1496 1083 tanquam

107 1094 322 1140 contraria
339 1095 484 1139 Veteri
503 1097 777 1139 Testamento
796 1095 850 1139 de
864 1097 986 1140 Novo
998 1094 1177 1153 colligit,
1195 1104 1271 1139 aut
1287 1104 1496 1154 utrasque

110 1166 291 1209 Litteras
307 1165 518 1220 nesciens,
540 1174 616 1209 aut
631 1174 680 1209 ut
700 1164 891 1224 decipiat
912 1165 1152 1224 imperitos,
1178 1180 1222 1209 se
1244 1165 1350 1210 scire
1372 1165 1497 1208 dissi-

110 1235 316 1280 mulans?
349 1238 387 1280 Α
418 1251 508 1296 quo
530 1245 675 1281 tamen
703 1237 736 1281 si
765 1245 988 1296 quaeratur
1007 1272 1018 1291 ,
1055 1230 1201 1281 utrum
1228 1252 1317 1281 non
1345 1235 1501 1280 reddat

111 1306 275 1352 malum
295 1321 375 1367 pro
395 1306 527 1362 malo,
552 1307 629 1367 qui
644 1323 723 1366 pro
742 1307 841 1351 cibo
863 1323 952 1352 non
975 1317 1153 1368 accepto
1171 1309 1214 1351 in
1234 1308 1378 1366 ignem
1398 1308 1500 1351 mit-

113 1378 166 1422 tit
189 1379 434 1423 aeternum6
453 1399 464 1436 3
498 1377 694 1438 profecto
724 1379 998 1434 turbabitur,
1035 1388 1078 1423 et
1099 1378 1407 1424 admonebitur
1430 1380 1498 1422 in-

111 1448 463 1508 comparabiliter
485 1465 574 1494 esse
597 1450 744 1494 mitius
765 1450 942 1495 oculum
966 1466 1044 1511 pro
1064 1450 1209 1505 oculo,
1231 1450 1407 1495 dentem
1425 1465 1502 1508 pro

113 1519 244 1564 dente
265 1520 430 1564 homini
453 1520 623 1565 auterre
637 1523 668 1576 ⁷,
695 1521 771 1565 ubi
785 1537 986 1566 mensura
1000 1521 1203 1566 vindictae
1218 1520 1398 1566 modum
1414 1536 1503 1565 non

113 1591 268 1636 transit
288 1591 460 1651 injuriae
475 1627 487 1646 ,
512 1607 643 1652 quam
668 1602 845 1652 propter
866 1608 956 1638 non
982 1593 1218 1637 exhibitam
1249 1593 1500 1636 humanita-

116 1671 221 1718 tem,
261 1671 427 1708 tantam
462 1662 702 1723 rependere
734 1663 1032 1719 severitatem,
1071 1663 1148 1707 ubi
1176 1663 1418 1707 transitoria
1443 1672 1505 1707 est

116 1732 262 1792 culpa,
287 1743 330 1778 et
347 1734 480 1778 finem
498 1750 587 1779 non
608 1735 741 1779 habet
762 1750 894 1793 poena
913 1754 922 1779 ε
946 1744 1075 1795 atque
1096 1735 1155 1779 ita
1178 1734 1328 1789 discet,
1355 1737 1386 1778 si
1406 1750 1505 1793 per-

116 1804 238 1850 vicax
258 1820 349 1850 non
370 1813 457 1860 est,
482 1805 527 1848 in
549 1814 739 1864 utroque
757 1806 833 1849 Dei
855 1805 984 1850 unius
1009 1809 1282 1850 Testamento
1300 1815 1343 1849 et
1361 1821 1505 1850 aman-

117 1875 219 1920 dam
247 1875 487 1920 bonitatem
513 1884 556 1920 et
581 1875 821 1919 timendam
842 1876 1127 1920 severitatem.
1155 1877 1360 1929 Quamvis
1389 1876 1506 1919 enim

117 1946 163 1990 in
180 1949 336 1992 Vetere
358 1948 631 1991 Testamento
653 1956 832 2006 propter
848 1947 1151 2006 temporalium
1173 1948 1390 1992 bonorum
1410 1963 1507 2006 pro-

119 2018 367 2063 missionem
403 2017 708 2078 malorumque
750 2019 1149 2074 comminationem,
1191 2035 1333 2064 servos
1371 2020 1507 2079 pariat

124 2089 371 2150 temporalis
393 2089 655 2148 Jerusalem,
677 2090 723 2135 in
743 2093 864 2136 Novo
888 2100 1049 2145 autem,
1074 2091 1149 2135 ubi
1171 2091 1277 2135 fides
1304 2091 1508 2150 impetrat

120 2161 394 2216 charitatem,
414 2176 501 2221 qua
512 2160 582 2205 lex
599 2162 731 2221 possit
745 2161 917 2221 impleri
936 2178 1025 2206 non
1047 2163 1179 2220 magis
1194 2162 1350 2206 timore
1363 2177 1508 2220 poenae

120 2247 254 2293 quam
270 2230 503 2276 dilectione
514 2232 710 2292 justitiae,
735 2231 895 2276 liberos
912 2233 1050 2291 pariat
1065 2242 1226 2277 aeterna
1243 2233 1503 2277 Jerusalem:

122 2311 270 2347 tamen
291 2311 334 2346 et
354 2301 438 2346 illis
453 2303 721 2361 temporibus
739 2301 918 2347 fuerunt
925 2304 1030 2363 justi
1048 2303 1274 2362 spiritales,
1294 2320 1404 2363 quos
1418 2319 1506 2347 non

123 2373 350 2420 occidebat
376 2373 517 2417 littera
549 2374 708 2433 jubens
724 2409 735 2430 ,
770 2374 845 2418 sed
873 2374 1116 2419 vivificabat
1143 2374 1316 2434 spiritus
1335 2377 1506 2435 juvans.

175 2503 182 2518 ¹
206 2496 306 2528 Exod.
326 2506 410 2532 xxm,
427 2494 458 2536 4.
479 2513 517 2519 --
533 2501 546 2518 ²
569 2498 660 2529 Rom.
677 2506 732 2538 xn,
749 2504 804 2536 20,
820 2500 853 2527 ct,
873 2496 968 2527 Prov.
989 2506 1064 2535 xxv,
1081 2504 1133 2527 21.
1151 2512 1192 2518 --
1210 2493 1222 2517 3
1241 2495 1322 2526 Psal.
1343 2506 1403 2532 vn,
1421 2494 1452 2535 4.
1475 2510 1507 2517 ν·-

127 2550 144 2580 4
164 2551 281 2584 Thren.
302 2562 351 2592 111,
371 2551 423 2584 30.
439 2568 481 2573 —-
495 2549 511 2573 5
528 2551 632 2583 Levit.
652 2562 716 2591 xix,
738 2551 787 2583 18.
805 2549 869 2574 -6
884 2550 998 2584 Matth.
1013 2561 1090 2592 xxv,
1112 2550 1227 2592 42.--7
1248 2550 1347 2583 Exod.
1367 2561 1434 2589 xxi,
1452 2550 1507 2590 24,-

128 2607 232 2640 Levit.
256 2617 341 2649 xxiv,
360 2617 421 2650 203
442 2611 537 2641 Deut.
557 2617 626 2649 xix,
645 2616 683 2640 21
703 2618 712 2647 ;
732 2611 765 2639 et
783 2607 902 2640 Matth.
922 2618 956 2647 v,
975 2605 1028 2640 38.
