1803 3250
342 247 423 283 356
778 252 1081 280 S.AUGU;=‘1·1N1
1116 255 1295 282 Emscom

340 323 562 366 invitantis
585 319 825 378 indignatio
842 322 1176 380 protenderetur
1191 355 1202 375 ,
1228 330 1391 365 vestem
1415 331 1583 365 mutare
1609 339 1731 367 com-

338 392 438 451 pelli
464 411 472 435 :
500 400 543 434 et
569 399 711 434 tamen
731 390 897 435 dictum
919 400 982 435 est
1003 409 1011 435 :
1042 410 1062 432 «
1082 391 1232 449 Ligate
1254 389 1318 433 illi
1341 405 1495 434 manus
1517 399 1561 434 et
1582 388 1729 450 pedes,

338 482 356 503 υ
383 472 426 506 et
452 461 646 520 projicite
670 477 771 505 euin
794 462 839 505 in
863 461 1063 505 tenebras
1086 461 1316 505 exteriores
1334 495 1345 515 ,
1372 459 1432 504 ibi
1448 461 1529 505 erit
1547 461 1676 505 fletus
1691 471 1734 506 et

341 553 358 574 »
386 532 545 578 stridor
566 533 762 578 (lentium
780 536 809 578 ¹.
832 552 852 573 n
881 532 965 578 Sed
985 533 1117 588 dicet,
1137 547 1227 576 non
1243 530 1385 576 levem
1403 530 1580 592 culpam
1601 532 1735 591 signi-

334 606 455 660 ficat,
483 615 646 649 vestem
671 621 759 650 non
778 605 979 650 habuisse
1002 603 1262 665 nuptialem,
1283 603 1493 664 quoniam
1510 604 1590 649 ista
1607 619 1735 662 parva

324 692 582 735 magnarum
604 677 725 736 signa
741 686 844 721 sunt
863 691 1022 720 rerum.
1052 676 1120 720 Sic
1144 690 1248 733 ergo
1270 684 1313 719 et
1333 675 1545 720 sacrificia
1569 675 1698 719 visibi
1714 702 1734 709 —

327 748 384 792 lia
402 783 412 803 ,
439 762 540 792 cum
557 748 643 792 sint
661 748 704 792 in
728 748 910 792 terrenis
931 746 1062 790 rebus
1084 745 1256 804 exigua,
1282 760 1544 804 magnarum
1562 755 1606 790 et
1620 746 1736 791 divi-

332 834 485 863 narum
505 820 627 877 signa
647 828 749 862 sunt
774 833 919 862 rerum
945 836 953 861 ;
980 816 1027 859 in
1047 815 1210 875 quibus
1233 815 1310 859 filii
1331 816 1565 862 sacerdotis
1585 832 1629 862 se
1653 817 1735 878 ipsi

338 895 441 945 Deo,
473 890 596 949 cujus
631 890 770 934 honor
797 888 841 931 in
875 885 1095 931 sacrificiis
1128 885 1397 944 attenditur,
1424 887 1732 948 praeferebant.

334 964 430 1006 Non
460 970 605 1004 autem
636 959 709 1003 ille
730 957 913 1003 conviva
946 972 991 1019 se
1031 956 1227 1016 praetulit
1253 973 1438 1017 sponso,
1467 959 1542 1003 sed
1564 968 1737 1003 tantum

336 1048 423 1076 non
448 1031 667 1090 congruit,
692 1029 795 1089 quia
817 1025 1060 1088 nuptialem
1078 1029 1274 1072 tunicam
1298 1044 1387 1073 non
1419 1029 1627 1095 habehat.
1653 1032 1737 1074 Ve-

340 1113 586 1148 rumtamen
616 1102 727 1146 inter
749 1102 862 1161 ipsas
885 1114 1060 1160 poenaS,
1087 1099 1246 1160 quibus
1274 1109 1512 1162 utrumque
1540 1100 1736 1146 vindica-

337 1185 429 1219 tum
463 1184 546 1230 est,
584 1172 656 1217 ille
689 1172 797 1233 quid
828 1172 958 1216 distet
992 1170 1181 1216 advertit
1206 1207 1217 1227 ,
1250 1188 1473 1233 quamque
1510 1175 1738 1234 incompa-

333 1244 526 1290 rabiliter
558 1246 636 1289 ista
670 1242 789 1288 illam
824 1242 970 1288 vincat
1000 1241 1229 1301 intelligit,
1261 1244 1338 1303 qui
1371 1244 1674 1304 corporalibus
1696 1255 1739 1290 et

340 1317 653 1378 temporalibus
670 1314 880 1376 spiritalia
903 1324 947 1358 et
965 1314 1228 1374 sempiterna
1250 1317 1482 1376 praeponit.

394 1392 558 1434 XXXI.
591 1390 751 1432 Verum
770 1386 878 1448 quid
900 1401 1010 1445 opus
1033 1395 1098 1429 est
1121 1385 1175 1429 de
1198 1387 1389 1444 mysticis
1406 1388 1734 1447 significationi-

343 1465 421 1507 bus
445 1461 755 1507 sacrificiorum
778 1458 996 1517 vestisque
1019 1457 1226 1517 nuptialis
1250 1459 1628 1505 inconvenientem
1649 1476 1737 1505 car-

339 1533 511 1577 nalibus
524 1532 722 1576 sensibus
735 1529 847 1575 velle
870 1528 1089 1572 inculcare
1106 1532 1381 1574 sermonem?
1399 1533 1513 1575 Ecce
1531 1532 1653 1593 quod
1675 1543 1738 1578 est

341 1605 613 1651 manifestius
637 1601 909 1663 proferamus
932 1599 1250 1660 :Evangelium
1270 1603 1374 1661 Legi
1399 1603 1545 1647 Veteri
1563 1619 1739 1664 compa-

338 1693 434 1721 rans
448 1676 672 1730 Dominus,
698 1683 741 1718 et
758 1688 849 1718 non
859 1671 971 1716 illud
985 1671 1151 1716 malum
1163 1672 1285 1733 quod
1297 1673 1499 1719 homines
1513 1684 1614 1719 ante
1628 1675 1737 1720 didi-

339 1757 506 1803 cerant,
521 1747 597 1791 sed
619 1744 741 1808 quod
754 1746 845 1805 ipse
861 1744 1065 1799 docebat,
1084 1743 1318 1804 perfectius
1341 1761 1431 1790 esse
1454 1756 1701 1792 contestans
1723 1766 1733 1792 z

343 1842 360 1861 «
384 1819 595 1873 Audistis,
620 1817 782 1879 inquit,
807 1816 910 1876 quia
926 1815 1094 1860 dictum
1111 1825 1174 1860 est
1191 1817 1381 1878 antiquis
1402 1837 1410 1861 :
1433 1820 1529 1863 Non
1547 1817 1735 1877 occides;

341 1910 359 1932 »
388 1892 465 1951 qui
487 1899 633 1935 autem
657 1887 890 1942 occiderit,
924 1902 1023 1930 reus
1046 1887 1126 1931 erit
1141 1886 1325 1947 judicio.
1354 1891 1447 1948 Ego
1471 1899 1619 1934 autern
1639 1890 1738 1935 dico

341 1983 359 2004 »
382 1963 506 2008 vobis
528 1981 536 2006 :
563 1961 842 2020 Quicumque
858 1959 992 2003 iratus
1014 1957 1150 2002 fuerit
1173 1959 1296 2005 fratri
1319 1975 1414 2016 suo,
1441 1977 1540 2006 reus
1565 1962 1647 2006 erit
1663 1963 1738 2022 ju.-

342 2055 359 2075 »
387 2034 524 2092 dicio,
547 2032 624 2092 qui
643 2041 791 2076 autem
810 2030 966 2075 dixerit
988 2049 998 2075 ι
1024 2031 1189 2086 Racha,
1211 2046 1309 2076 reus
1327 2033 1407 2076 erit
1425 2033 1636 2093 concilio,
1660 2034 1736 2094 qui

340 2124 359 2146 >›
387 2114 534 2150 autem
559 2103 741 2147 dixerit:
770 2104 925 2158 Fatue,
958 2116 1057 2146 reus
1080 2102 1161 2146 erit
1188 2104 1400 2162 gehennae
1422 2104 1553 2163 ignis¹
1573 2124 1593 2147 >›
1620 2105 1738 2159 Quid

338 2187 425 2222 tam
448 2191 631 2237 parvum
653 2175 697 2219 in
721 2174 924 2234 peccatiS,
945 2189 1080 2234 quam
1100 2172 1223 2219 fratri
1238 2174 1382 2220 dicere
1401 2195 1410 2221 ε
1437 2177 1738 2231 Fatue?Quid

337 2259 425 2294 tam
449 2263 659 2308 magnum
682 2248 727 2290 in
751 2245 972 2307 suppliciis
989 2281 999 2301 ,
1037 2262 1171 2306 quam
1208 2248 1407 2307 gehenna
1441 2248 1551 2308 ignis
1566 2252 1598 2290 ².
1627 2249 1670 2294 Si
1691 2249 1736 2293 in

339 2324 452 2379 Lege
473 2319 543 2365 vel
564 2319 792 2379 Prophetis
809 2318 888 2362 iste
904 2318 1139 2363 invenisset
1157 2317 1364 2379 aliquem,
1385 2320 1593 2381 quoniam
1606 2319 1738 2366 dixis·-

338 2401 402 2436 set
426 2391 545 2435 l'ratri
581 2405 690 2434 suo:
718 2392 880 2444 Fatue,
915 2388 1096 2448 lapidari
1125 2392 1294 2450 jussum
1331 2390 1463 2435 fuisse
1495 2392 1702 2437 divinitus
1722 2427 1734 2448 ,

338 2470 516 2521 quantae
543 2464 677 2504 Deum
702 2460 968 2505 crudelitatis
981 2463 1213 2520 argueret?
1236 2462 1343 2515 Quis
1361 2477 1449 2507 non
1467 2472 1629 2518 autem,
1645 2478 1736 2507 non

339 2531 438 2577 dieo
460 2532 673 2591 lapidari,
699 2532 772 2577 sed
796 2548 872 2591 per
890 2531 1082 2590 singulos
1094 2542 1235 2589 artus,
1261 2534 1349 2579 imo
1367 2549 1444 2593 per
1460 2532 1632 2593 singula
1643 2549 1734 2579 cor·

386 2622 396 2640 ¹
417 2617 539 2650 Matth.
562 2628 650 2657 xxiv,
680 2618 926 2658 1›,·-2⁵1·1.v,
946 2627 1003 2660 21,
1021 2627 1078 2650 22.
