1803 3250
324 188 380 228 ⁴6
764 194 797 220 S.
834 193 1061 223 AUGUS'HM
1093 195 1275 223 Episcopi

323 264 542 322 Scriptura
576 259 719 304 divina
750 259 974 314 tacuisset,
1010 258 1078 303 vel
1114 273 1288 302 servum
1318 273 1448 304 suum
1471 264 1581 306 Deus
1616 263 1706 306 sine

323 333 468 392 aliquo
493 328 728 374 voluntatis
751 329 843 388 ejus
865 328 970 374 vitio
988 328 1153 388 perpeti
1176 328 1351 374 sineret.

381 402 512 446 XLV.
549 401 635 444 Nos
673 407 819 443 tamen
859 399 1101 459 Scripturas
1135 407 1326 455 sanctas,
1361 415 1451 445 non
1479 401 1707 447 hominum

322 480 496 532 peccata
533 468 824 515 defendimus.
857 472 954 515 Non
978 471 1037 514 sic
1059 479 1206 515 autem
1238 470 1293 516 de
1315 471 1445 533 hujus
1478 472 1579 517 facti
1611 490 1709 533 pur·

325 543 497 603 gatione
529 540 761 600 satagimus
783 575 794 595 ,
819 540 941 601 quasi
971 541 1054 586 hoc
1079 544 1191 586 Deus
1214 550 1360 587 noster
1389 552 1464 588 aut
1500 543 1592 588 fleri
1620 545 1711 605 jus-

322 613 454 669 serit,
478 621 553 657 aut
581 611 746 656 factum
775 612 1102 671 approbaverit,
1138 621 1213 657 aut
1235 612 1295 657 ita
1311 614 1416 673 justi
1447 615 1644 659 homines
1665 615 1712 659 in

324 684 404 730 illis
424 684 545 730 libris
567 682 843 744 appellentur
858 718 870 739 ,
895 692 945 728 ut
971 683 1005 728 si
1028 683 1246 729 voluerint
1268 699 1448 745 peccare
1463 720 1475 741 ,
1500 701 1590 730 non
1612 701 1713 746 pos-

323 758 422 802 sint.
449 759 561 802 Cum
585 771 685 814 ergo
709 755 754 799 in
776 754 929 800 litteris
947 790 957 810 ,
987 771 1094 815 quas
1119 755 1187 800 isti
1215 755 1565 816 reprehendunt,
1597 759 1712 802 Deus

322 829 425 872 huic
451 827 566 872 facto
594 825 767 872 nullum
787 826 966 886 justitiae
990 827 1287 871 testimonium
1310 827 1604 887 perhibuerit,
1625 843 1713 888 qua

323 899 542 944 dementia
565 898 815 944 temeritatis
842 898 943 942 hinc
974 897 1068 943 illas
1099 897 1263 944 litteras
1301 914 1502 944 accusare
1530 909 1714 944 conten-

322 972 457 1027 dunt,
481 986 583 1016 cum
606 970 698 1015 aliis
719 985 868 1015 earum
885 970 989 1015 locis
1006 971 1271 1030 apertissime
1292 971 1572 1016 inveniantur
1599 971 1714 1016 divi-

321 1043 387 1087 nis
410 1041 637 1102 praeceptis
655 1042 733 1086 ista
750 1042 1004 1101 prohiberi?
1027 1041 1153 1086 Unde
1167 1042 1211 1086 in
1228 1042 1300 1086 illa
1319 1057 1364 1086 re
1379 1052 1496 1102 gesta
1510 1042 1566 1086 de
1584 1058 1714 1102 opere

321 1113 509 1159 filiarum
523 1113 638 1158 Loth
649 1121 819 1157 narrata
831 1113 909 1157 ista
924 1121 1027 1157 sunt
1042 1147 1053 1168 ,
1073 1128 1164 1157 non
1183 1111 1378 1158 laudata.
1392 1112 1600 1167 Quaedam
1610 1129 1714 1159 vero

322 1185 551 1230 enuntiato
568 1184 736 1245 judicio
758 1184 856 1239 Dei,
878 1183 1081 1244 quaedam
1094 1184 1226 1229 tacito
1239 1185 1405 1229 narrari
1422 1185 1644 1245 oportuit3
1666 1194 1716 1230 ut

322 1255 502 1318 quando
524 1256 739 1316 promitur
757 1254 863 1315 quid
885 1254 988 1299 inde
1004 1255 1269 1316 judicaverit
1304 1259 1442 1311 Deus,
1475 1257 1716 1301 instruatur

323 1337 470 1374 nostra
499 1327 737 1388 imperitia3
767 1326 946 1387 quando
969 1335 1117 1371 autem
1147 1335 1338 1381 tacetur,
1372 1327 1440 1372 vel
1463 1336 1716 1372 exerceatur

323 1400 478 1460 peritia
500 1408 551 1444 ut
571 1398 694 1460 quod
716 1397 819 1443 alibi
837 1397 1068 1443 didicimus
1088 1398 1355 1454 recolamus,
1379 1397 1448 1443 vel
1472 1400 1716 1445 excutiatur

323 1471 498 1531 pigritia
515 1479 565 1515 ut
582 1469 704 1531 quod
720 1470 919 1514 nondum
934 1470 1136 1516 novimus
1153 1470 1442 1531 inquiramus.
1465 1474 1578 1516 Deus
1593 1487 1714 1532 ergo,

321 1543 399 1604 qui
418 1543 542 1588 novit
562 1551 606 1587 et
627 1541 684 1586 de
709 1542 940 1587 hominum
959 1557 1089 1602 opere
1112 1542 1229 1587 malo
1252 1541 1394 1587 facere
1419 1557 1550 1602 opera
1573 1542 1712 1599 bona,

323 1624 473 1675 gentes
494 1629 601 1675 quas
617 1613 779 1669 voluit,
799 1630 852 1658 ex
874 1612 949 1658 illo
969 1614 1132 1658 semine
1151 1614 1421 1673 propagavit,
1448 1629 1536 1658 non
1567 1614 1714 1674 Scrip-

322 1695 441 1732 turas
469 1700 566 1730 suas
588 1693 765 1745 propter
786 1685 1015 1730 hominum
1043 1693 1220 1744 peccata
1249 1683 1490 1730 damnavit.
1518 1684 1716 1730 Prodidit

319 1757 483 1816 quippe
503 1755 612 1811 ista,
649 1770 741 1800 non
768 1753 898 1813 fecit,
928 1764 972 1800 et
996 1754 1190 1800 cavenda
1217 1753 1449 1801 admonuit
1465 1791 1477 1812 ,
1504 1771 1594 1801 non
1610 1755 1714 1801 imi-

321 1826 454 1873 tanda
475 1826 716 1886 proposuit.

379 1899 538 1944 XLVI.
570 1894 760 1943 Mirabili
785 1911 887 1941 sane
921 1896 1195 1956 impudentia
1234 1899 1420 1942 Faustus
1456 1900 1574 1943 Isaac
1595 1913 1710 1958 quo-

321 1985 407 2031 que
448 1968 590 2014 filium
635 1968 823 2014 Abrahae
857 1967 1110 2013 criminatus
1151 1977 1240 2024 est,
1284 1967 1405 2029 quod
1433 1969 1678 2014 Rebeccam
1697 2005 1709 2026 ,

322 2057 422 2103 quae
443 2057 552 2087 uxor
573 2050 680 2098 erat,
705 2056 896 2087 sororem
919 2040 1135 2085 finxerit1.
1175 2042 1323 2086 Genus
1353 2041 1470 2087 enim
1499 2042 1712 2087 Rebeccae

322 2129 412 2160 non
433 2113 615 2159 tacitum
635 2121 724 2172 est,
748 2121 792 2158 et
812 2128 907 2158 eam
936 2127 1012 2173 per
1041 2112 1309 2158 notissimam
1338 2114 1714 2174 propinquitatem

321 2201 513 2232 sororem
533 2187 624 2246 ejus
644 2185 775 2231 fuisse
795 2183 1075 2230 manifestum
1088 2194 1167 2230 est.
1189 2187 1245 2230 Ut
1263 2194 1409 2231 autem
1428 2195 1591 2231 taceret
1606 2201 1714 2232 uxo-

324 2273 414 2303 rem
429 2293 441 2315 ,
465 2258 574 2319 quid
594 2258 775 2314 mirum,
800 2265 876 2302 aut
891 2257 999 2317 quid
1021 2272 1204 2317 pravum
1221 2292 1232 2312 ‚
1261 2258 1294 2302 si
1317 2257 1508 2303 imitatus
1537 2267 1601 2303 est
1632 2273 1713 2318 pa—

324 2339 464 2389 trem3
496 2345 599 2375 cum
623 2328 776 2374 eadem
798 2328 966 2390 justitia
987 2327 1275 2384 defendatur,
1302 2346 1388 2390 qua
1408 2339 1529 2390 pater
1545 2331 1638 2390 ejus
1656 2330 1712 2374 de

323 2402 452 2448 simili
474 2403 647 2464 objecto
678 2401 926 2462 inculpatus
961 2401 1164 2447 inventus
1200 2404 1295 2447 est?
1329 2404 1438 2456 Quae
1473 2401 1604 2462 igitur
1633 2416 1711 2461 pro

324 2472 545 2519 Abraham
565 2471 688 2534 quod
707 2471 764 2519 ad
783 2473 895 2518 hanc
917 2487 1011 2520 rem
1031 2472 1208 2529 attinet,
1240 2471 1444 2519 adversus
1473 2472 1710 2518 criminan-

373 2564 384 2583 ¹
405 2559 484 2594 Gen.
503 2568 590 2601 xxvi,
610 2568 643 2601 7,
658 2562 693 2594 et
707 2567 797 2602 xxiv,
815 2557 870 2592 60.
