1803 3250
343 197 423 235 122
770 204 804 233 s.
841 205 1070 235 Auousnm
1104 207 1284 235 nrxscom

337 287 443 325 esse,
469 285 549 315 nec
571 268 809 314 secundum
835 285 935 315 eum
961 271 1213 317 formatum.
1241 275 1296 317 Et
1318 288 1418 318 cum
1445 276 1724 335 prosequitur

336 342 482 387 dicens
503 340 629 385 illum
652 341 830 401 quidem
853 343 945 387 fieri
967 343 1012 388 in
1034 345 1260 389 sanctitate
1283 353 1326 389 et
1341 345 1505 405 justitia
1536 355 1577 390 et
1612 348 1725 392 ver}-

335 422 437 468 tate,
465 421 568 458 tunc
590 411 787 472 designat
809 423 940 476 atque
958 414 1227 460 demonstrat
1251 416 1434 460 alterum
1459 415 1581 461 illum
1608 420 1723 462 nati-

332 484 475 529 vitatis
496 500 678 540 morem,
699 501 831 546 quem
854 485 943 530 dixi
967 486 1097 547 longe
1114 485 1364 532 dissimilem
1381 488 1501 544 huic,
1526 490 1603 549 qui
1625 505 1723 535 cor-

334 571 440 616 pora
472 565 618 601 nostra
651 555 823 602 furiosis
858 558 1102 616 genitorum
1135 558 1433 618 complexibus
1465 560 1721 606 seminavit:

333 643 553 690 quemque
575 629 702 673 etiam
728 629 919 674 ostendit
939 645 990 673 ex
1021 633 1110 675 Deo
1139 646 1229 675 non
1251 645 1358 689 esse,
1381 646 1484 675 cum
1504 630 1630 676 illum
1652 647 1724 676 so-

333 700 425 744 lum
440 701 696 745 monstravit
708 716 759 744 ex
780 703 883 745 Deo.
902 702 990 746 Nec
1007 716 1096 746 non
1110 711 1153 746 et
1165 700 1220 745 ad
1243 701 1517 746 Colossenscs
1534 700 1726 762 idipsum

333 771 480 816 denuo
503 771 609 816 dicit
630 791 638 816 :
669 791 688 813 «
706 771 935 832 Expoliate
956 781 1146 816 veterem
1177 772 1402 817 hominem
1427 788 1528 818 cum
1557 775 1727 820 actibus

335 862 354 884 »
381 844 484 898 suis,
509 853 553 888 et
582 843 751 888 induite
779 858 961 897 novum,
986 843 1063 903 qui
1085 853 1319 888 renovatur
1340 844 1385 888 in
1407 845 1629 903 agnitione
1648 847 1726 890 Dei

334 932 354 956 »
381 915 622 958 secundum
647 914 880 972 imaginem
903 915 994 973 ejus
1009 948 1019 967 ,
1045 914 1122 974 qui
1144 915 1305 960 creavit
1323 930 1424 959 eum
1448 916 1495 958 in
1517 916 1676 960 vobis¹.
1701 936 1721 958 »

331 988 387 1031 Et
408 986 511 1030 hinc
539 1000 642 1045 ergo
671 1001 762 1031 non
793 984 937 1031 solum
962 986 1186 1030 hominem
1217 1002 1382 1032 novum
1412 986 1603 1032 ostendit
1625 1002 1726 1032 eum

330 1071 435 1112 esse,
460 1072 592 1118 quem
615 1059 727 1102 Deus
750 1056 896 1112 faciat,
919 1057 996 1102 sed
1017 1056 1197 1118 quando
1221 1059 1350 1102 etiam
1374 1067 1418 1102 et
1447 1058 1608 1118 quibus
1632 1074 1727 1104 mo-

329 1127 394 1173 dis
413 1126 643 1183 formetur,
668 1128 861 1183 edocuit,
886 1127 930 1172 id
953 1137 1033 1183 est,
1059 1128 1101 1171 in
1126 1128 1346 1186 agnitione
1370 1129 1467 1184 Dei,
1486 1144 1576 1189 quo
1598 1129 1728 1188 signi-

329 1201 484 1245 ficatur
516 1199 785 1244 credulitatis
817 1209 1005 1260 tempus.
1032 1202 1089 1244 Et
1109 1200 1270 1255 adhuc,
1301 1199 1546 1244 secundum
1567 1201 1726 1261 imagi—

329 1286 454 1326 nem,
489 1271 655 1331 inquit‚
689 1272 806 1332 ejus,
845 1271 923 1332 qui
955 1272 1116 1316 creavit
1148 1286 1249 1315 eum
1271 1291 1280 1316 :
1302 1280 1354 1315 ut
1381 1287 1432 1315 ex
1454 1272 1539 1317 hoc
1560 1272 1726 1333 liqueat

328 1351 519 1388 veterem
550 1343 774 1387 hominem
808 1358 888 1387 nec
915 1343 1152 1402 imaginem
1187 1358 1277 1387 esse
1307 1344 1410 1399 Dei,
1447 1358 1528 1388 nec
1550 1343 1605 1389 ab
1632 1345 1726 1404 ipso

329 1412 581 1459 formatum.
609 1415 718 1459 Nam
740 1423 783 1458 et
803 1412 915 1458 illud
937 1413 1116 1474 quidem
1142 1414 1263 1473 quod
1285 1414 1509 1474 sequitur,
1541 1414 1691 1459 dicens
1712 1435 1722 1463 ε

332 1504 353 1527 «
380 1485 461 1529 Ubi
484 1501 575 1530 non
596 1495 661 1530 est
682 1484 899 1530 masculus
931 1493 975 1529 et
1002 1483 1203 1539 foemina,
1238 1485 1420 1530 Judaeus
1440 1495 1484 1530 et
1517 1487 1693 1530 Graeeus
1709 1522 1721 1540 ‚

332 1575 353 1598 »
379 1557 594 1601 Barbarus
618 1565 661 1601 et
686 1557 873 1615 Scytha²
896 1576 906 1601 ;
925 1575 945 1597 »
971 1556 1106 1615 magis
1129 1571 1178 1600 ac
1200 1556 1334 1614 magis
1356 1556 1545 1601 ostendit
1566 1558 1725 1602 nativi-

333 1645 352 1670 »
378 1636 512 1672 tatem
534 1627 663 1682 hanc,
686 1643 785 1687 quae
800 1643 878 1671 nos
899 1642 1038 1670 mares
1060 1625 1162 1671 fecit
1184 1642 1235 1671 ac
1250 1625 1471 1682 foeminas,
1493 1628 1666 1674 Graecos
1680 1638 1723 1674 et

327 1700 351 1743 J
358 1698 520 1754 udaeos,
545 1699 727 1757 Scythas
751 1707 795 1742 et
817 1697 1054 1755 Barbaros,
1079 1713 1170 1741 non
1192 1712 1286 1742 eam
1310 1712 1402 1742 esse
1429 1698 1476 1742 in
1498 1714 1586 1759 qua
1611 1702 1724 1745 Deus

328 1778 556 1830 operatur,
581 1785 683 1815 cum
695 1769 918 1814 hominem
935 1767 1094 1813 format
1110 1788 1122 1826 3
1145 1766 1222 1812 sed
1236 1766 1371 1824 illam,
1389 1784 1491 1829 quae
1509 1785 1588 1814 nos
1602 1772 1723 1815 omni

329 1850 480 1886 exutos
501 1841 730 1886 nationum
752 1840 962 1885 varietate
983 1853 1198 1900 sexusque
1226 1847 1270 1883 et
1296 1837 1561 1885 conditionis
1584 1856 1725 1886 unum

329 1911 489 1968 reddit,
516 1912 572 1956 ad
593 1912 728 1957 instar
749 1913 842 1973 ejus
863 1911 940 1972 qui
961 1926 1074 1956 unus
1095 1919 1181 1966 est,
1201 1909 1247 1954 id
1256 1919 1336 1966 est,
1355 1911 1555 1956 Christus
1576 1930 1585 1956 :
1610 1912 1722 1959 sicut

329 1985 448 2029 idem
469 2000 616 2030 rursus
637 1983 871 2045 Apostolus
892 1982 1000 2029 dicit
1020 2002 1029 2028 z
1053 2001 1075 2026 «
1089 1986 1317 2043 Quotquot
1330 1981 1377 2026 in
1393 1983 1569 2029 Christo
1582 1983 1722 2044 bapti-

336 2076 353 2097 »
379 2056 462 2100 zati
483 2066 601 2112 sunt,
625 2055 849 2102 Christum
875 2055 1115 2100 induerunt
1135 2074 1144 2100 :
1169 2069 1260 2100 non
1286 2063 1351 2099 est
1375 2054 1557 2100 Judaeus
1577 2070 1723 2116 neque

334 2146 354 2169 »
379 2131 569 2183 Graecus,
594 2143 684 2173 non
706 2136 771 2173 est
790 2125 1008 2172 masculus
1035 2141 1180 2186 neque
1201 2124 1400 2182 foemina,
1425 2142 1516 2172 non
1537 2136 1602 2172 est
1630 2141 1721 2172 ser-

337 2218 355 2239 »
380 2212 460 2242 vus
481 2208 525 2243 et
545 2198 673 2254 liber,
697 2197 774 2243 sed
795 2211 946 2242 omnes
967 2197 1011 2241 in
1028 2196 1203 2242 Christo
1224 2213 1362 2241 unum
1386 2199 1534 2242 suntss.
1556 2215 1578 2239 »
1605 2199 1723 2257 Ergo

332 2276 438 2312 tunc
454 2268 505 2312 fit
526 2269 658 2313 homo
681 2285 703 2312 a
728 2271 835 2323 Deo,
858 2282 960 2312 cum
981 2268 1032 2311 fit
1053 2281 1168 2311 unus
1189 2282 1240 2310 ex
1261 2266 1426 2322 multis,
1453 2282 1542 2312 non
1560 2282 1660 2312 cum
1672 2282 1722 2311 ex

333 2354 422 2384 uno
443 2338 605 2384 divisus
627 2348 690 2384 est
713 2340 757 2383 in
775 2338 928 2383 multa.
953 2338 1104 2381 Divisit
1123 2346 1268 2382 autem
1291 2353 1369 2382 nos
1389 2338 1552 2397 primus
1573 2347 1694 2382 ortus
1708 2374 1720 2392 ,

334 2410 377 2455 id
400 2420 480 2465 est,
503 2410 762 2468 corporalis3
787 2410 1005 2455 secundus
1024 2408 1189 2453 adunat
1204 2444 1214 2463 ‚
1239 2408 1524 2467 intelligibilis
1547 2424 1595 2453 ac
1617 2408 1723 2453 divi-

333 2497 414 2527 nus
436 2502 446 2528 2
471 2497 610 2542 eoque
632 2482 866 2527 rectissime
887 2495 966 2525 nos
989 2481 1109 2525 hunc
1131 2478 1308 2540 quidem
1339 2481 1530 2539 corporis
1552 2490 1721 2525 natura?

383 2574 389 2589 ¹
417 2567 535 2600 Coloss.
554 2579 610 2609 in,
629 2579 661 2611 9.
678 2585 718 2591 —
734 2575 746 2591 ²
770 2567 853 2600 Ibid.
880 2578 931 2599 11.
948 2583 989 2590 —-
1008 2564 1022 2589 3
1046 2565 1113 2599 Gal.
1141 2577 1195 2606 ni,
1222 2575 1275 2607 27.
