1803 3250
326 208 406 246 316
775 216 808 242 ⁸.
844 214 1076 244 Auous‘rnu
1106 216 1292 245 zmscom

322 284 448 328 etiam
485 280 706 339 peccando
739 280 802 325 fit.
835 283 998 326 Fateris
1037 292 1181 326 tamen
1216 297 1313 327 eam
1334 290 1552 336 naturam,
1577 297 1713 342 quam

323 357 477 397 bonam
495 366 585 396 esse
601 351 723 407 dicis,
744 353 859 398 malo
880 352 1194 398 consentiendo
1217 353 1331 398 male
1350 351 1508 407 facere,
1530 353 1614 398 hoc
1631 363 1710 408 est,

319 424 541 466 voluntate
572 438 765 482 peccare.
791 428 848 468 At
870 439 948 483 ego
969 425 1116 469 ambas
1150 425 1283 469 bonas
1313 439 1404 468 esse
1437 437 1579 468 assero
1597 458 1607 477 ‚
1639 423 1715 469 sed

320 509 450 538 unam
482 509 631 538 earum
666 496 777 539 male
807 495 948 540 facere
981 495 1223 551 suadendo,
1259 494 1388 539 aliam
1424 493 1537 539 male
1573 492 1716 539 facere

317 565 646 611 consentiendo.
676 567 796 612 Sicut
817 577 963 612 autem
987 568 1163 612 alterius
1185 567 1413 612 consensio
1436 582 1526 610 non
1549 574 1614 610 est
1636 581 1717 611 na-

320 649 429 694 tura,
456 638 516 682 sic
537 654 616 683 nec
638 640 767 699 hujus
787 641 929 684 suasio
950 659 959 684 ;
983 641 1094 684 sicut
1115 649 1159 683 et
1181 640 1261 683 ista
1285 639 1318 682 si
1343 653 1431 682 non
1453 637 1715 693 consentiat,

320 712 432 755 bona
447 711 737 771 permanebit,
757 711 1049 769 integritatem
1068 720 1239 754 naturae
1257 725 1346 754 suae
1364 709 1639 768 custodiens,
1658 710 1718 754 sic

319 782 389 826 illa
412 782 445 826 si
464 798 554 827 non
571 782 774 837 suadeat,
798 782 1072 827 emendatior
1101 781 1198 826 erit.
1227 782 1270 827 Si
1292 797 1393 827 vero
1413 782 1544 826 etiam
1563 796 1719 842 pecca-

318 863 410 896 tum
434 854 555 912 quod
572 868 660 897 non
681 852 851 906 suadet,
878 867 958 897 nec
977 853 1067 912 ipsa
1089 853 1358 910 committat3
1393 853 1556 912 pariter
1588 860 1720 897 erunt

318 924 512 981 integrae,
540 933 671 983 atque
694 923 739 967 in
761 939 840 967 suo
863 938 1020 982 genere
1041 923 1300 968 laudabiles.
1322 926 1412 968 Etsi
1433 923 1549 967 enim
1563 922 1628 967 bis
1645 922 1718 968 illa

317 1004 463 1054 peccat
494 1011 592 1055 qum
615 1005 657 1039 et
678 996 914 1040 committit
948 1005 991 1041 et
1023 996 1205 1051 suadet,
1243 994 1316 1040 illa
1351 1004 1497 1040 autem
1521 994 1655 1039 semel
1684 996 1718 1040 si

315 1068 620 1112 tantummodo
650 1068 703 1112 ad
735 1066 845 1111 male
876 1066 1128 1112 faciendum
1149 1067 1418 1124 consentiat,
1448 1075 1594 1111 tamen
1613 1081 1718 1126 pec-

313 1140 418 1183 catis
454 1139 567 1183 fiunt
598 1139 743 1193 malae,
773 1155 861 1184 non
885 1149 1040 1184 natura
1071 1148 1173 1183 sunt
1202 1138 1346 1183 malae,
1381 1141 1472 1183 Aut
1488 1138 1521 1183 si
1539 1146 1718 1197 propter

315 1211 558 1255 suasionem
582 1220 739 1256 natura
764 1212 843 1255 ista
861 1211 975 1255 mala
992 1220 1072 1266 est,
1098 1211 1158 1255 sic
1175 1219 1218 1254 et
1238 1209 1314 1254 illa
1336 1210 1515 1269 propter
1532 1224 1718 1254 consen-

313 1283 494 1326 sionem.
524 1281 608 1327 Sed
631 1283 664 1326 si
688 1283 810 1343 pejus
833 1282 914 1327 tibi
936 1281 1112 1326 videtur
1136 1296 1224 1326 esse
1246 1281 1429 1325 suadere
1451 1295 1584 1340 quam
1608 1295 1718 1325 con-

312 1355 493 1410 sentire,
529 1354 582 1399 sit
612 1355 693 1399 ista
725 1354 861 1409 mala,
897 1355 977 1398 ista
1009 1355 1159 1413 pejor:
1199 1369 1289 1398 non
1322 1362 1469 1396 tamen
1501 1361 1624 1397 tanta
1657 1354 1711 1398 sit

312 1427 505 1484 acceptio
538 1441 850 1485 personarum,
894 1435 938 1469 et
969 1440 1060 1469 non
1091 1434 1182 1469 tam
1214 1424 1362 1484 iniqua
1396 1424 1442 1468 in
1469 1422 1715 1484 judicando

313 1498 584 1554 gratificatio,
607 1506 656 1541 ut
678 1512 778 1542 cum
802 1497 944 1541 ambae
966 1506 1165 1556 peccent,
1192 1496 1391 1558 quamvis
1413 1511 1502 1540 una
1521 1496 1712 1555 gravius,

311 1567 443 1613 altera
461 1568 613 1625 levius
638 1585 726 1614 una
749 1569 922 1614 dicatur
934 1579 1091 1614 natura
1106 1568 1228 1624 mali,
1256 1567 1390 1613 altera
1409 1567 1540 1613 boni:
1562 1583 1612 1613 ac
1625 1583 1716 1613 non

313 1641 454 1699 potius
486 1651 562 1686 aut
594 1641 736 1686 ambae
768 1642 918 1697 bonae,
954 1640 1030 1686 sed
1058 1640 1132 1685 illa
1154 1639 1310 1685 melior
1334 1655 1434 1701 quae
1457 1649 1611 1700 peceat
1632 1640 1717 1684 mi-

312 1727 420 1770 nus,
446 1723 523 1759 aut
550 1714 693 1758 ambae
714 1712 858 1769 malae,
884 1711 1050 1757 sedilia
1070 1713 1192 1773 pejor
1214 1728 1315 1773 quae
1336 1721 1490 1772 peccat
1512 1710 1714 1771 amplius.

369 1786 491 1829 XIX.
528 1789 585 1830 At
604 1785 722 1829 enim
738 1784 859 1829 unde
880 1794 944 1829 est
961 1783 1127 1829 malum
1154 1782 1321 1828 factum
1343 1781 1465 1843 quod
1487 1792 1717 1843 peccatum

311 1865 508 1911 vocatur,
540 1857 573 1900 si
604 1854 727 1900 nulla
755 1865 819 1900 est
847 1855 951 1899 mali
974 1856 1162 1898 natura?
1186 1855 1262 1898 Dic
1285 1854 1394 1898 mihi
1416 1852 1536 1898 unde
1558 1854 1613 1897 sit
1642 1852 1717 1898 illa

311 1928 536 1971 consensio
559 1926 670 1971 mala
686 1927 733 1970 in
751 1942 800 1970 ea
817 1936 988 1978 natura,
1008 1940 1142 1985 quam
1163 1926 1324 1970 bonam
1345 1939 1433 1969 esse
1448 1924 1653 1969 concedis
1673 1933 1717 1970 et

312 1996 535 2056 praedicas.
574 1997 802 2058 Quidquid
834 1997 950 2041 enim
985 1998 1166 2056 patitur,
1203 2006 1253 2041 ut
1286 1996 1532 2040 consentiat
1563 1995 1680 2041 malo
1700 2032 1712 2052 ,

312 2084 399 2113 non
425 2070 578 2130 utique
595 2078 833 2129 pateretur,
853 2069 933 2113 nisi
956 2070 1047 2128 pati
1067 2078 1224 2128 posset.
1249 2071 1409 2121 Quaero
1426 2069 1574 2128 itaque
1592 2067 1712 2112 unde

313 2142 470 2186 habeat
492 2143 634 2202 ipsum
658 2142 746 2202 pati
770 2157 909 2201 posse.
932 2141 1087 2186 Melior
1109 2142 1225 2185 enim
1250 2150 1375 2195 esset,
1401 2140 1434 2185 si
1459 2156 1549 2185 non
1572 2140 1712 2184 habe-

311 2223 390 2256 ret.
411 2217 506 2258 Non
526 2230 630 2273 ergo
651 2223 806 2258 natura
830 2214 991 2258 summi
1015 2213 1136 2267 boni,
1163 2229 1249 2274 qua
1274 2221 1419 2272 posset
1440 2228 1531 2257 esse
1548 2211 1715 2272 aliquid

312 2283 479 2328 melius.
505 2286 670 2330 Deinde
691 2285 726 2329 si
747 2285 881 2329 habet
896 2286 940 2328 in
959 2293 1171 2344 potestate
1185 2284 1257 2329 vel
1273 2284 1518 2328 consentire
1537 2282 1606 2328 vel
1624 2298 1715 2326 non

311 2357 578 2408 consentire,
617 2372 707 2401 non
735 2372 838 2409 ergo
861 2357 975 2395 victa
999 2356 1229 2395 consentit.
1257 2358 1416 2403 Quaero
1439 2351 1575 2409 igitur
1596 2351 1716 2396 unde

313 2424 470 2469 habeat
501 2425 626 2468 istam
659 2421 991 2467 consensionem
1026 2420 1213 2465 malam:
1241 2421 1361 2465 nulla
1393 2422 1608 2466 contraria
1636 2437 1714 2466 co-

312 2505 440 2554 gente
463 2497 643 2540 natura?
669 2495 711 2540 Si
734 2503 879 2539 autem
903 2495 1074 2551 cogitur
1096 2493 1367 2547 consentire,
1392 2493 1453 2538 ita
1476 2503 1526 2538 ut
1547 2508 1636 2538 non
1661 2495 1715 2538 sit

316 2569 357 2611 in
378 2568 472 2627 ejus
495 2575 706 2626 potestate
732 2564 856 2610 aliter
879 2563 1044 2621 facere,
1079 2579 1167 2609 non
1190 2578 1310 2622 ergo,
1336 2573 1385 2609 ut
1408 2564 1606 2619 dicebas,
1631 2579 1711 2610 vo-
