1803 3250
421 222 583 253 CONTRA
617 221 832 262 mus‘rmvr,
872 224 954 252 ma.
990 224 1131 252 xxxii.
1376 213 1457 252 165

79 289 155 334 sed
175 290 307 349 longo
328 300 425 350 post
448 302 640 351 tempore
654 325 665 344 ,
691 306 713 334 a
730 289 992 350 quibusdam
1018 292 1167 335 incerti
1188 290 1374 336 nominis
1391 292 1458 336 vi·-

81 363 156 413 ris,
182 361 258 421 qui
291 376 346 405 ne
373 362 452 405 sibi
484 377 573 405 non
601 360 834 404 haberetur
870 360 997 415 fides,
1036 362 1322 406 scribentibus
1360 377 1460 422 quae

79 432 311 487 nescirent,
348 433 501 492 partim
535 431 841 491 Apostolorum
876 434 1050 475 nomina
1072 467 1081 485 ,
1122 433 1277 490 partim
1310 447 1461 478 eorum

76 503 151 562 qui
176 504 404 563 Apostolos
419 503 555 547 secuti
571 502 837 557 viderentur,
861 502 1122 562 scriptorum
1141 517 1317 547 suorum
1337 505 1460 549 fron—

76 573 192 618 tibus
211 573 479 629 indiderunt,
505 583 792 618 asseverantes
816 571 1058 617 secundum
1081 588 1152 618 eos
1181 589 1224 616 se
1247 575 1461 633 scripsisse

76 661 176 705 quae
197 645 458 705 scripserint.
485 648 582 698 Quo
615 646 749 704 magis
779 645 885 689 mihi
917 643 1122 689 videntur
1155 646 1311 705 injuria
1346 646 1463 704 gravi

77 715 274 759 affecisse
293 716 534 776 Discipulos
554 716 712 761 Christi
735 736 743 761 2
768 717 870 776 quia
889 731 988 775 quae
1001 714 1172 760 dissona
1189 715 1319 759 iidem
1339 725 1381 760 et
1397 731 1464 760 re-

79 787 320 844 pugnantia
342 787 421 830 sibi
444 787 695 842 scriberent,
723 802 770 830 ea
787 785 998 830 referrent
1020 786 1073 830 ad
1097 786 1225 845 ipsos,
1252 794 1294 830 et
1311 800 1465 830 secun-

73 856 180 900 dum
214 872 286 901 eos
309 858 402 901 haec
431 858 618 903 scribere
658 873 701 902 se
731 858 1040 917 profiterentur
1070 856 1328 915 Evangelia,
1364 872 1464 916 quae

74 927 200 972 tantis
222 927 306 973 sint
329 928 486 972 referta
506 929 739 982 erroribus,
762 929 889 972 tantis
912 927 1293 972 contrarietatibus
1315 942 1464 971 narra-

74 999 242 1043 tionum
265 999 391 1044 simul
414 1016 462 1043 ac
489 1001 824 1053 sententiarum,
858 1009 907 1043 ut
935 1014 1013 1043 nec
1037 999 1114 1042 sibi
1144 1014 1318 1058 prorsus
1337 1035 1346 1050 ‚
1386 1014 1466 1043 ncc

70 1071 181 1112 inter
202 1084 246 1113 se
268 1070 359 1128 ipsa
381 1070 657 1113 conveniant.
684 1060 799 1122 Quid
836 1084 939 1127 ergo
970 1068 1088 1112 aliud
1112 1078 1195 1123 est,
1232 1084 1361 1128 quam
1387 1085 1461 1113 cau

72 1140 273 1184 luinniari
303 1141 462 1193 bonos,
488 1149 529 1184 et
549 1141 707 1184 Christi
732 1140 1054 1198 Discipulorum
1088 1140 1349 1184 concordem
1373 1156 1457 1183 cae*

69 1222 159 1255 tum
173 1212 218 1255 in
233 1212 395 1255 crimen
413 1211 624 1255 devocare
642 1209 894 1254 discordiae?
910 1214 1017 1264 Quae
1031 1211 1131 1270 quia
1150 1227 1227 1255 nos
1245 1212 1453 1269 leg-entre,

68 1282 450 1326 animadvertimus
498 1282 638 1326 cordis
670 1282 831 1326 obtutu
870 1283 1093 1326 sanissimo
1114 1317 1123 1335 ,
1163 1283 1459 1341 {equissimum

62 1351 353 1412 judicavimus
375 1351 557 1396 utilibus
584 1352 769 1411 acceptis
789 1367 839 1394 ex
855 1351 1022 1406 iisdem,
1046 1351 1091 1395 id
1113 1361 1198 1408 est,
1226 1352 1274 1395 iis
1295 1368 1395 1412 quae
1416 1363 1459 1397 et

64 1423 196 1467 fidem
218 1431 409 1467 nostram
429 1422 665 1477 aedificent,
684 1432 726 1467 et
741 1423 902 1467 Christi
920 1423 1092 1467 Domini
1117 1432 1248 1483 atque
1271 1425 1363 1483 ejus
1381 1427 1457 1468 Pa-

66 1494 140 1538 tris
169 1494 479 1553 omnipotentis
511 1494 586 1537 Dei
618 1503 862 1553 propagent
892 1493 1096 1552 gloriam,
1131 1504 1286 1539 caetera
1322 1510 1456 1554 repu-

64 1564 204 1620 diare,
228 1580 328 1625 quae
350 1579 431 1608 nec
453 1564 647 1624 ipsorum
671 1564 906 1624 majestati,
935 1580 1015 1609 nec
1038 1564 1140 1608 fidei
1164 1574 1323 1609 nostrae
1346 1580 1455 1610 con·

64 1637 253 1682 Veniant.
270 1655 290 1677 n

121 1709 202 1752 III.
223 1707 436 1751 «Proinde
445 1722 525 1751 nec
533 1722 623 1762 VOS,
639 1715 689 1752 ut
703 1706 846 1751 dicere
861 1722 1098 1766 coeperam,
1110 1708 1164 1751 de
1178 1711 1454 1753 Testamento

60 1778 217 1821 Vetere
246 1777 617 1822 circumcisionem
653 1777 828 1822 creditis
865 1777 1161 1837 accipiendam
1194 1778 1450 1833 carnaliter,

59 1848 256 1907 quamvis
277 1848 337 1892 ita
369 1848 423 1892 sit
450 1848 709 1907 scriptum13
745 1864 889 1908 neque
923 1849 1004 1892 sub
1035 1849 1123 1893 otio
1155 1864 1203 1893 ac
1227 1852 1451 1894 vacatione

58 1917 292 1963 colendum
304 1919 532 1963 sabbatum
541 1954 552 1973 ,
566 1919 761 1979 quamvis
772 1919 829 1962 ita
837 1918 1025 1977 legatur,
1039 1918 1113 1963 sed
1126 1934 1204 1964 nec
1215 1921 1446 1970 sacrificiis„

58 1998 107 2033 ut
132 1990 274 2047 Moysi
296 1989 483 2044 videtur,
510 1997 553 2033 et
574 1988 944 2034 immolationibus
967 1989 1232 2049 placandum
1255 1994 1396 2035 Deum
1406 1996 1444 2036 ⁵²:

56 2059 134 2104 sed
153 2060 247 2104 haec
275 2059 452 2120 quidem
477 2068 528 2103 ut
550 2059 688 2104 aliena
711 2075 885 2119 prorsus
914 2069 957 2105 et
980 2059 1133 2119 procul
1155 2076 1178 2104 a
1200 2062 1287 2105 ritu
1311 2062 1449 2106 chris-

55 2130 174 2174 tiano
195 2130 357 2189 posita,
390 2145 438 2174 ac
464 2129 591 2174 nulla
617 2145 669 2174 ex
691 2140 814 2189 parte
836 2130 1082 2189 probabilia
1112 2132 1442 2191 contempsistis.

55 2200 267 2254 Quaedam
294 2216 397 2246 vero
429 2217 582 2246 eorum
610 2201 737 2245 etiam
770 2200 972 2245 divisistis
1004 2202 1050 2245 in
1079 2201 1196 2256 duo,
1223 2212 1266 2247 et
1288 2202 1444 2262 partim

53 2271 228 2331 quidem
253 2271 587 2331 amplectimini,
615 2272 770 2331 partim
792 2287 895 2316 vero
917 2272 1116 2331 respuitis
1147 2292 1155 2317 :
1186 2281 1236 2317 ut
1254 2273 1439 2328 Pascha,

52 2343 172 2403 quod
187 2352 251 2387 est
265 2352 308 2386 et
325 2343 469 2402 ipsum
488 2344 749 2388 Testamenti
762 2344 928 2388 Veteris
945 2343 1213 2388 anniversale
1228 2359 1396 2389 sacrum
1407 2347 1439 2399 ³,

52 2414 174 2473 cujus
199 2413 247 2457 in
267 2413 559 2458 celebratione
580 2429 681 2458 cum
704 2417 758 2459 sit
778 2416 988 2475 scriptum
1010 2414 1156 2471 vobis,
1186 2431 1276 2461 non
1298 2416 1439 2460 solum

53 2499 215 2542 agnum
241 2493 430 2529 mactare
458 2483 679 2530 edendum
711 2486 793 2530 sub
827 2495 982 2540 nocte,
1018 2486 1093 2529 sed
1123 2487 1251 2531 etiam
1284 2487 1439 2531 diebus

103 2576 111 2592 ¹
133 2571 212 2602 Gen.
233 2581 308 2606 xvn,
327 2582 377 2603 ῐῐ.
399 2589 437 2597 --
453 2577 466 2593 ²
489 2571 590 2606 Exod.
606 2582 691 2607 xxxi,
713 2572 762 2613 13,
780 2577 811 2604 et
832 2572 1113 2609 Levit.1‚oto.—
1132 2571 1144 2595 3
1163 2574 1260 2604 Fxod.
1281 2584 1341 2611 κη,
1358 2574 1388 2605 3,
