1803 3250
422 221 585 253 comum
618 220 835 260 FAUSTUM,
870 221 953 250 Lm.
989 222 1100 250 xxn.
1401 207 1452 249 41

71 297 225 349 Deum,
243 290 420 353 quando
439 291 539 336 vitae
559 304 648 333 suae
670 296 886 348 quantum
904 287 1047 346 potuit
1062 288 1195 332 homo
1215 285 1454 343 consuluit,

69 375 113 410 et
147 364 334 425 speravit
362 365 407 408 in
438 365 577 407 Deum
611 361 681 406 cui
718 358 974 420 pudicitiam
1006 359 1204 419 conjugis
1231 374 1458 405 commen-

68 436 203 481 davit.

131 506 362 551 XXXVII.
406 505 609 548 Jamvero
636 503 682 546 in
712 502 795 547 hac
829 517 874 546 re
907 509 1026 561 gesta
1052 509 1185 562 atque
1218 503 1265 545 in
1302 502 1462 549 divinis

69 576 209 621 Libris
245 575 387 636 posita
423 573 699 635 fideliterque
737 581 941 629 narrata,
980 587 1111 633 quem
1148 587 1240 617 non
1274 573 1462 620 delectet

67 648 199 692 etiam
231 644 400 691 factum
439 644 747 705 propheticum
789 644 1079 704 perscrutari,
1121 652 1165 688 et
1203 647 1460 690 sacramenti

66 718 228 764 ostium
243 717 314 777 pia
334 715 421 761 fide
438 715 669 777 studioque
690 715 879 776 pulsare,
908 724 957 760 ut
987 715 1151 775 aperiat
1181 716 1391 761 Dominus
1420 726 1463 761 et

67 788 268 835 ostendat
292 788 389 848 quis
419 796 526 832 tunc
559 788 605 831 in
637 787 712 833 illo
745 787 1018 847 figurabatur
1051 787 1162 842 viro,
1188 796 1232 832 et
1255 788 1379 848 cujus
1410 788 1464 832 sit

65 875 177 905 uxor
203 875 302 920 quae
329 859 375 903 in
404 860 486 904 hac
517 858 866 920 peregrinatione
891 868 1024 919 atque
1056 858 1170 903 inter
1199 857 1463 918 alienigenas

65 931 205 993 pollui
226 929 526 990 macularique
547 945 637 975 non
659 930 831 986 sinitur,
857 939 908 974 ut
935 930 990 974 sit
1016 930 1111 975 viro
1138 945 1217 975 suo
1245 931 1337 975 sine
1366 946 1461 975 ma-

67 1001 166 1048 cula
188 1010 231 1046 et
252 1002 392 1060 ruga?
415 1003 467 1044 In
485 999 664 1059 gloriam
682 1002 845 1062 quippe
863 1002 1023 1047 Christi
1041 1010 1156 1046 recte
1180 1002 1288 1046 vivit
1307 1002 1464 1047 Eccle-

67 1074 143 1129 sia,
164 1080 214 1116 ut
228 1070 513 1131 pulchritudo
529 1073 622 1131 ejus
638 1073 796 1116 honori
811 1072 865 1116 sit
882 1073 974 1116 viro
987 1073 1093 1131 ejus,
1115 1073 1226 1117 sicut
1241 1073 1465 1118 Abraham

67 1152 246 1205 propter
269 1144 385 1187 Sarae
402 1140 779 1202 pulchritudinem
795 1143 910 1186 inter
932 1142 1195 1201 alienigenas
1216 1144 1467 1189 honoraba-

69 1217 168 1262 tur¹
197 1235 206 1260 z
237 1215 363 1274 eique
399 1214 506 1274 ipsi,
543 1214 615 1258 cui
653 1213 815 1258 dicitur
852 1215 896 1258 in
932 1215 1122 1259 canticis
1152 1216 1463 1262 Canticorum:

73 1305 92 1329 ‹<
113 1288 150 1331 Ο
173 1286 340 1346 puchra
354 1285 468 1329 inter
484 1285 688 1330 mulieres
700 1287 734 1340 ²,
756 1303 775 1326 »
798 1285 931 1344 ipsius
947 1285 1295 1345 {pulchritudinis
1309 1289 1466 1333 merito

69 1372 192 1417 reges
209 1356 403 1402 offerunt
425 1370 634 1414 munera3
659 1356 770 1400 sicut
793 1360 907 1400 Sarae
924 1356 1085 1402 obtulit
1102 1372 1173 1401 rex
1191 1357 1463 1415 Abimelech‚

70 1428 169 1490 plus
187 1430 233 1473 in
251 1444 301 1473 ea
327 1428 488 1473 mirans
515 1427 671 1473 formae
698 1428 878 1485 decus³,
906 1429 1026 1489 quod
1049 1445 1194 1474 amare
1220 1432 1393 1491 potuit,
1425 1441 1468 1476 et

71 1501 231 1547 violare
256 1516 348 1545 non
375 1500 535 1560 potuit.
560 1503 637 1544 Est
661 1500 777 1544 enim
812 1510 856 1546 et
888 1510 1036 1546 sancta
1066 1501 1260 1547 Ecclesia
1282 1504 1468 1549 Domino

71 1574 176 1617 ,Iesu
198 1571 371 1617 Christo
395 1570 441 1615 in
464 1569 638 1616 occulto
660 1586 782 1616 uxor.
810 1572 993 1617 Occulte
1011 1572 1176 1633 quippe
1198 1582 1330 1634 atque
1352 1575 1469 1620 intus

71 1642 118 1687 in
127 1640 383 1686 abscondito
394 1650 559 1686 secreto
571 1641 753 1701 spiritali
762 1642 905 1686 anima
920 1643 1112 1687 humana
1125 1644 1310 1690 inhaeret
1322 1645 1469 1691 Verbo

73 1715 178 1770 Dei,
198 1723 248 1758 ut
270 1714 356 1758 sint
382 1713 473 1758 duo
495 1713 542 1757 in
564 1728 694 1758 carne
716 1729 804 1758 una
819 1714 835 1739 4
856 1734 865 1759 z
887 1714 1005 1774 quod
1039 1730 1249 1776 magnum
1281 1718 1469 1778 conjugii

73 1795 395 1832 sacramentum
417 1785 464 1829 in
480 1785 654 1831 Christo
676 1786 784 1830 etin
801 1786 993 1832 Ecclesia
1020 1789 1301 1834 commendat
1328 1793 1471 1850 Apos-

75 1857 204 1904 tolus.
230 1857 421 1902 Proinde
443 1872 627 1916 regnum
660 1866 884 1902 terrenum
912 1858 1061 1904 saeculi
1081 1860 1212 1921 hujus
1229 1896 1240 1917 ,
1268 1862 1392 1921 cujus
1420 1862 1473 1904 fi-

77 1945 231 1990 guram
256 1929 465 1988 gerebant
492 1944 614 1988 reges
637 1930 713 1990 qui
746 1932 894 1976 Saram
925 1930 1122 1991 polluere
1155 1933 1350 1992 permissi
1383 1948 1472 1978 non

76 2010 196 2056 sunt,
220 2016 309 2046 non
330 2009 556 2060 expertum
580 2009 659 2057 est,
686 2016 767 2046 nec
795 2002 962 2047 invenit
977 2002 1215 2048 Ecclesiam
1243 2006 1472 2065 conjugem

76 2072 265 2128 Christi,
288 2071 333 2116 id
350 2081 429 2128 est,
455 2088 588 2133 quam
611 2073 799 2118 fideliter
822 2073 884 2118 illi
907 2084 1120 2136 tanquam
1142 2077 1356 2136 principio
1376 2078 1471 2122 viro

77 2160 157 2189 suo
174 2142 348 2188 subdita
368 2145 622 2200 cohaereret,
643 2144 723 2189 nisi
743 2160 843 2189 cum
863 2145 1024 2190 violare
1043 2148 1243 2203 tentavit,
1263 2157 1306 2192 et
1325 2148 1473 2194 divino

80 2215 328 2260 testimonio
360 2231 438 2275 per
465 2216 597 2260 fidem
621 2218 867 2275 Martyrum
892 2217 1040 2273 cessit,
1067 2227 1407 2280 correptumque
1428 2221 1473 2264 in

78 2287 392 2348 posterioribus
409 2288 583 2347 regibus
598 2289 831 2334 honoravit
848 2305 1047 2346 munere,
1063 2306 1194 2350 quam
1211 2292 1474 2351 correptioni

80 2373 170 2404 suae
195 2357 381 2402 subdere
413 2359 458 2402 in
487 2358 706 2418 prioribus
738 2376 828 2405 non
864 2360 1041 2406 evaluit.
1081 2363 1190 2407 Nam
1225 2362 1345 2423 quod
1370 2373 1475 2408 tunc

80 2431 126 2473 in
156 2430 309 2474 eodem
334 2444 433 2489 rege
461 2431 582 2490 prius
615 2440 658 2476 et
691 2432 904 2492 posterius
936 2433 1170 2491 figuratum
1195 2443 1280 2490 est,
1319 2435 1402 2479 hoc
1430 2435 1475 2478 in

83 2531 91 2538 '
131 2538 144 2554 ¹
169 2533 249 2564 Gen.
279 2543 336 2575 xu,
370 2532 478 2566 162—
497 2540 510 2557 ²
539 2535 631 2567 Cant.
654 2545 678 2578 1,
709 2533 829 2578 7.—-3
857 2537 936 2569 Gen.
965 2546 1020 2577 xx,
1050 2535 1101 2579 14.
1119 2536 1192 2568 -4
1214 2538 1259 2570 Id.
1285 2549 1318 2580 ιι,
1348 2537 1413 2580 24,
1441 2542 1473 2570 ct

84 2586 200 2629 Ephes.
226 2598 259 2625 v,
279 2587 333 2620 32.
