1803 3250
432 209 595 241 CONTRA
628 208 844 250 FAUSTUM,
879 212 962 239 Lm.
998 212 1108 240 xxn.
1408 202 1463 239 33

81 276 202 338 quod
221 277 288 322 lex
304 277 377 323 illa
394 279 613 338 prohibet,
633 292 722 337 qua
736 276 943 321 naturalis
956 277 1064 323 ordo
1081 285 1290 322 servatur.
1313 279 1466 322 Utrum

82 357 228 393 autem
247 349 302 393 sit
323 349 467 410 aliqua
489 346 709 392 rationalis
730 355 943 403 creatura,
957 363 1089 407 quam
1112 348 1222 393 nihil
1238 348 1369 408 possit
1382 348 1467 392 illi-

80 419 216 464 citum
238 419 474 475 delectare,
498 433 657 477 magna
683 418 866 478 quaestio
887 427 965 463 est.
991 418 1120 470 Quod
1141 420 1174 463 si
1197 429 1282 475 est,
1308 435 1398 465 non
1420 419 1465 463 in

79 505 131 534 eo
152 504 308 549 genere
328 489 468 534 factus
490 498 554 534 est
575 490 724 544 homo,
749 504 829 533 nec
848 487 922 533 illa
943 498 1099 533 natura
1124 489 1341 547 angelica,
1363 507 1464 551 quae

78 560 124 604 in
146 561 326 606 veritate
348 576 438 606 non
458 561 577 605 stetit
597 579 606 606 z
632 559 767 605 sedin
781 575 832 605 eo
845 561 1092 618 genereista
1114 561 1338 606 rationalia
1353 564 1464 607 facta

81 641 183 676 sunt
198 667 209 688 ,
234 641 285 676 ut
305 631 462 676 inesset
483 631 542 676 eis
560 631 820 691 possibilitas
839 631 1044 676 frenandi
1064 631 1397 677 delectationem
1416 635 1470 678 al)

80 702 249 757 illicito,
272 717 404 762 quam
423 717 512 746 non
526 701 742 747 frenando
757 712 1061 761 peccaverunt.
1078 706 1235 762 Magna
1249 713 1312 748 est
1326 705 1474 765 itaque

77 783 122 818 et
141 774 335 818 humana
359 783 580 828 creatura,
606 773 967 835 quandoquidem
993 790 1070 835 per
1093 791 1185 819 earn
1211 776 1477 835 possibilita-

77 855 166 890 tem
187 846 478 902 instauratur,
508 861 587 905 per
609 862 742 907 quam
759 881 770 902 ‚
808 847 842 890 si
875 847 1107 902 voluisset,
1133 863 1214 892 nec
1235 848 1472 894 cecidisset.

78 919 265 976 Magnus
287 932 390 975 ergo
414 916 655 972 Dominus,
696 927 739 961 et
770 917 1001 962 laudabilis
1031 917 1156 963 valde
1184 919 1259 978 qui
1282 920 1479 964 condidit

77 990 214 1032 eam1.
242 986 452 1034 Condidit
474 988 590 1032 enim
614 997 657 1032 et
678 988 920 1044 inferiores,
947 1006 1046 1049 quae
1068 1005 1157 1034 non
1175 1000 1476 1051 possuntpec-

79 1075 206 1116 care,
230 1058 431 1104 condidit
452 1069 496 1103 et
518 1059 735 1114 meliores,
761 1076 862 1119 quae
887 1061 1046 1104 nolunt
1066 1077 1261 1119 peccare.
1288 1063 1481 1107 Bestialis

79 1130 197 1174 enim
225 1138 381 1174 natura
402 1144 493 1174 non
516 1138 669 1188 peccat
700 1132 803 1189 quia
826 1129 937 1174 nihil
959 1130 1063 1175 facit
1085 1141 1237 1176 contra
1268 1142 1478 1178 aeternam

76 1201 234 1259 legem,
260 1199 332 1244 cui
354 1199 414 1243 sic
435 1199 612 1243 subdita
635 1207 714 1253 est,
740 1209 790 1243 ut
812 1201 903 1259 ejus
921 1201 1137 1261 particeps
1152 1218 1242 1247 esse
1264 1218 1353 1248 non
1376 1219 1475 1263 pos-

77 1273 146 1317 sit.
173 1275 339 1316 Rursus
362 1269 557 1330 angelica
579 1270 776 1315 sublimis
798 1280 954 1316 natura
975 1289 1065 1318 non
1088 1284 1262 1333 peccat,
1288 1276 1391 1335 quia
1414 1277 1474 1321 ita

76 1343 291 1403 particeps
313 1352 377 1387 est
396 1341 504 1400 legis
532 1351 708 1386 aeternae
729 1376 740 1397 ,
779 1350 828 1386 ut
849 1341 965 1386 solus
999 1358 1093 1387 eam
1116 1344 1306 1390 delectet
1328 1349 1442 1391 Deus
1459 1383 1469 1402 ,

75 1415 197 1475 cujus
213 1414 432 1460 voluntati
453 1414 545 1458 sine
562 1412 655 1457 ullo
668 1414 964 1472 experimento
982 1416 1232 1461 tentationis
1249 1417 1471 1478 obtempe-

76 1495 157 1530 rat.
176 1487 319 1531 Homo
336 1494 498 1540 autem,
520 1485 646 1544 cujus
661 1493 840 1544 propter
854 1495 1084 1545 peccatum
1100 1489 1284 1533 tentatio
1301 1498 1364 1534 est
1382 1490 1468 1535 vita

75 1573 206 1617 super
236 1566 396 1602 terram
409 1560 442 1612 ²,
467 1555 629 1601 subdat
664 1556 746 1600 sihi
779 1558 902 1617 quod
930 1558 1066 1604 habet
1096 1575 1331 1605 commune
1364 1577 1465 1606 cum

73 1629 244 1687 bestiis,
269 1628 431 1674 subdat
451 1630 542 1672 Deo
566 1626 689 1687 quod
709 1628 845 1674 habet
869 1645 1103 1675 commune
1125 1647 1227 1676 cum
1257 1632 1433 1691 Angelis
1454 1652 1463 1678 ε

74 1699 215 1745 donec
232 1699 399 1759 justitia
431 1707 475 1743 et
507 1698 832 1744 immortalitate
857 1699 1050 1760 perfecta
1076 1711 1208 1763 atque
1229 1713 1433 1763 percepta
1450 1739 1461 1761 ,

72 1770 128 1815 ab
150 1770 239 1815 istis
261 1768 489 1823 exaltetur,
511 1768 595 1812 illis
614 1778 829 1829 aequetur.

130 1841 297 1885 XXIX.
342 1838 547 1885 Mortales
587 1848 734 1884 autem
773 1839 1084 1887 delectationes
1115 1859 1255 1904 usquc
1296 1846 1352 1890 ad
1394 1861 1462 1890 re-

72 1909 311 1972 parandam
338 1925 415 1954 seu
457 1909 789 1955 custodiendam
823 1912 949 1957 istam
985 1914 1216 1959 mortalem
1246 1916 1459 1974 salutem,

71 1982 159 2027 sive
199 1981 542 2041 uniuscujusque
576 1980 763 2025 hominis
781 2016 792 2037 ,
830 1982 920 2028 sive
953 1983 1087 2044 ipsius
1116 1986 1296 2032 humani
1332 2003 1462 2047 gene—

73 2053 131 2098 ris
148 2088 159 2109 ,
193 2051 263 2097 vel
283 2050 521 2097 excitandae
537 2050 606 2097 vel
629 2050 875 2098 relaxandae
898 2064 1000 2099 sunt
1023 2074 1031 2100 :
1056 2057 1171 2102 ultra
1193 2059 1226 2102 si
1248 2059 1462 2119 prolapsae

71 2123 252 2179 fuerint,
277 2133 321 2168 et
341 2132 491 2168 contra
514 2123 812 2183 temperantiae
833 2125 1045 2171 rationem
1068 2128 1291 2175 hominem
1310 2147 1399 2176 non
1416 2146 1461 2175 se

72 2204 296 2254 regentem
317 2194 611 2253 abripuerint,
631 2193 833 2239 libidines
854 2206 983 2241 erunt
1004 2198 1200 2257 profecto
1227 2200 1392 2247 illicitae
1410 2219 1459 2246 ac

72 2275 238 2327 turpes,
263 2275 306 2310 et
327 2264 471 2325 dignae
493 2264 718 2310 doloribus
739 2268 976 2313 emendari.
1003 2270 1131 2323 Quod
1155 2272 1187 2316 si
1210 2274 1341 2319 etiam
1361 2291 1460 2335 per-

77 2338 300 2383 turbatum
323 2346 534 2382 rectorem
555 2337 601 2381 in
618 2347 783 2382 tantam
806 2341 1056 2399 voraginem
1080 2344 1261 2402 perditae
1280 2363 1459 2392 consuen

76 2409 238 2454 tudinis
259 2417 468 2466 mergant,
493 2416 543 2452 ut
564 2407 633 2453 vel
655 2408 816 2454 inultas
837 2410 931 2455 fore
953 2412 1147 2469 credens,
1175 2415 1455 2463 confessionis

74 2489 118 2526 et
137 2479 408 2540 poenitentiae
429 2477 620 2537 negligat
641 2479 900 2525 medicinam
917 2516 928 2536 ,
960 2499 1047 2543 qua
1074 2498 1293 2533 correctus
1315 2505 1454 2534 emer-

123 2573 132 2590 ¹
160 2566 242 2599 Psal.
262 2576 358 2607 xtvn,
377 2573 410 2598 2.
430 2581 470 2588 —-
487 2570 500 2587 ²
519 2564 595 2607 Job,
618 2576 680 2607 vu,
704 2577 732 2598 1.

263 2630 451 2662 cxxxvl.
1249 2635 1271 2669 3
