1803 3250
294 264 374 303 504
455 280 484 303 S.
525 276 753 304 AL'GUSTINI
782 277 945 304 CONTRA
979 277 1214 304 sERMONEM
1248 275 1517 306 AMANOEUM.

291 342 512 401 temporali
533 342 729 401 jubentis
758 342 889 386 verbo
913 343 1105 387 Verbum
1129 343 1390 390 subderetur
1419 355 1632 390 aeternum
1661 366 1669 390 ε

289 424 419 472 atque
448 413 548 456 hinc
572 412 832 471 intelligant,
863 414 964 474 quia
987 429 1076 460 non
1099 429 1200 459 eum
1225 416 1361 460 Patris
1390 417 1547 476 jussio⁷
1580 426 1676 461 tan-

289 499 419 542 quam
442 499 529 528 sure
552 499 640 527 non
664 483 793 528 fuerit
817 486 1051 542 potestatis,
1077 484 1151 529 sed
1174 487 1452 545 semetipsum
1475 487 1670 531 exinani-

289 555 349 598 vit
369 554 551 598 formam
570 555 678 597 servi
698 554 925 613 accipiens.
951 555 1079 608 Quod
1094 565 1239 600 autern
1258 556 1505 602 humiliavit
1523 567 1677 602 semet·

290 624 455 682 ipsum,
504 624 641 668 factus
675 624 882 669 obediens
906 640 1043 684 usque
1073 625 1127 670 ad
1161 635 1374 683 mortem,
1405 628 1495 687 jam
1524 628 1677 687 utiquc

289 704 512 754 acceperat
529 710 720 739 carnem.

348 766 547 810 Arbitror
568 780 637 809 me
661 765 715 809 ad
739 767 882 810 omnia
907 765 1177 824 respondisse
1198 782 1298 825 quae
1328 768 1524 812 continet
1556 769 1678 812 Aria-

288 852 445 881 norum
459 851 614 889 sermo,
632 836 707 895 qui
721 835 844 879 nobis
862 845 909 879 ut
926 836 964 879 ei
978 835 1352 895 responderemus,
1371 853 1394 882 a
1412 839 1676 897 quibusdam

288 907 493 950 fratribus
517 907 668 951 missus
691 916 766 950 est.
800 907 885 959 Qui
908 921 956 951 ut
980 916 1123 966 posset
1152 907 1304 967 inspici
1328 908 1382 952 ab
1412 909 1461 953 iis
1483 909 1559 969 qui
1585 910 1678 954 hmc

288 978 468 1036 legunt,
503 987 546 1022 et
575 986 723 1022 utrum
757 977 813 1021 ad
835 978 980 1022 omnia
1003 993 1256 1036 responsum
1292 978 1424 1023 fuerit
1455 979 1678 1038 explorare

288 1047 550 1100 desiderant,
577 1048 677 1091 huic
699 1062 800 1092 eum
824 1057 982 1092 nostrae
999 1048 1285 1108 disputationi
1307 1049 1677 1108 praescribendum

287 1120 535 1178 putavimus
557 1137 565 1162 :
592 1129 639 1162 ut
661 1119 779 1178 prius
805 1118 973 1177 legatur
1001 1119 1114 1179 ipse,
1152 1134 1200 1164 ac
1227 1118 1386 1164 deinde
1416 1129 1562 1165 nostra
1586 1136 1679 1164 res-

287 1190 455 1249 ponsio.
493 1190 709 1242 Quoniam
741 1205 830 1234 non
855 1190 1019 1250 ubique
1041 1199 1208 1234 textum
1231 1191 1469 1235 verborum
1493 1192 1582 1251 ejus
1604 1192 1677 1235 iu-

290 1260 579 1319 terposuimus
606 1279 614 1305 :
642 1276 695 1304 ne
716 1261 842 1305 nimis
864 1261 1048 1320 longum
1071 1261 1312 1306 faceremus
1333 1262 1416 1307 hoc
1440 1277 1549 1321 opus
1579 1277 1678 1306 nos·

291 1340 423 1385 trum,
453 1330 575 1391 quod
596 1331 770 1375 tandem
789 1332 870 1376 isto
887 1332 974 1376 fine
989 1331 1309 1377 concludimus.

575 1959 678 1990 FINIS
701 1959 797 1990 ΊῸΜΙ
825 1958 1038 1990 CENTESIMI
1062 1956 1419 1989 TRIGESIMI-SEXTI.
