1803 3250
337 183 388 220 118
774 193 806 219 s.
842 189 1073 224 mausum
1106 196 1287 225 Emscom

332 273 433 301 cuni
459 259 597 317 ipsum
622 258 815 302 Verbum
847 260 922 304 Dei
945 276 1046 306 caro
1076 261 1241 306 sactum
1271 262 1326 306 sit
1348 270 1398 306 ut
1432 261 1649 308 habitaret
1679 264 1724 307 in

333 329 481 371 nobis¹
499 330 517 371 P

390 401 569 443 XLVII.
606 402 809 446 Jamvero
841 401 928 447 silio
951 404 1088 448 Jacob
1110 404 1231 464 quod
1253 419 1332 465 pro
1354 405 1521 464 ingenti
1543 404 1724 449 crimine

329 478 519 528 quatuor
537 470 807 530 objiciuntur
827 489 997 529 uxores,
1021 474 1210 533 generali
1229 476 1543 535 praelocutione
1561 489 1724 534 purga-

334 545 445 585 tur-².
466 542 654 594 Quando
675 544 790 587 enim
819 560 911 590 mos
939 555 1030 590 erat
1046 580 1057 601 ,
1089 548 1252 591 crimen
1276 563 1365 592 non
1393 556 1484 592 erat
1505 566 1513 592 :
1539 555 1582 590 et
1607 561 1726 590 nunc

330 622 556 673 propterea
568 615 731 660 crimen
745 627 824 672 est,
841 618 944 678 quia
961 633 1053 663 mos
1069 634 1158 663 non
1175 628 1253 663 cst.
1269 619 1363 664 Alia
1378 619 1493 663 enim
1510 627 1612 663 sunt
1627 633 1728 677 pec-

328 694 420 729 cata
445 695 594 730 contra
618 696 840 744 naturam,
867 688 947 733 alia
967 699 1118 735 contra
1140 704 1297 745 mores,
1330 689 1410 734 alia
1436 698 1586 734 contra
1611 704 1727 749 prae-

329 766 468 816 cepta.
495 761 603 811 Qusc
625 773 725 803 cuni
745 759 803 803 ita
821 760 908 804 sint
923 794 934 815 ,
955 760 1064 820 quid
1083 761 1259 804 tandem
1275 760 1467 805 criminis
1491 770 1554 804 cst
1568 795 1580 815 ,
1606 759 1727 820 quod

328 829 384 872 de
406 830 604 888 pluribus
620 830 749 875 simul
767 831 925 876 habitis
940 832 1146 876 uxoribus
1161 832 1365 893 objicitur
1379 842 1528 877 saneto
1544 833 1638 876 viro
1652 835 1728 875 Ja-

328 899 440 944 cob?
461 901 502 945 Si
519 910 718 945 naturam
737 901 958 957 consulas,
990 917 1080 946 non
1107 901 1380 958 lasciviendi,
1413 902 1489 946 sed
1521 901 1729 961 gignendi

328 987 455 1016 causa
474 971 556 1014 illis
572 970 827 1016 mulieribus
845 972 1083 1016 utebatur:
1106 973 1140 1017 si
1158 988 1341 1028 morem,
1363 973 1439 1017 illo
1454 983 1651 1033 tempore
1670 981 1729 1017 at-

328 1058 414 1103 que
426 1043 470 1086 in
483 1041 566 1087 illis
582 1044 704 1087 terris
722 1044 805 1088 hoc
822 1043 1107 1089 factitabatur
1124 1063 1133 1089 ε
1152 1045 1184 1088 si
1196 1053 1484 1104 praeceptum,
1497 1043 1618 1089 nulla
1633 1044 1729 1104 lege

327 1113 660 1172 prohibebatur.
682 1116 808 1159 Nunc
821 1130 926 1159 vero
937 1130 1015 1159 eur
1030 1115 1195 1159 crimen
1214 1124 1293 1170 est,
1311 1115 1344 1158 si
1359 1115 1457 1175 quis
1474 1115 1559 1159 hoc
1573 1115 1726 1170 saciat,

329 1186 410 1231 nisi
432 1187 533 1246 quia
560 1195 603 1229 et
624 1186 820 1230 moribus
843 1196 886 1231 et
908 1185 1079 1246 legibus
1113 1188 1196 1232 hoc
1231 1202 1322 1231 non
1347 1186 1482 1231 licet?
1505 1192 1610 1241 Quae
1638 1188 1729 1232 duo

329 1259 523 1319 quisquis
544 1259 875 1318 contempserit,
901 1258 1032 1302 etiam
1055 1260 1090 1303 si
1118 1258 1426 1303 tantummodo
1445 1274 1573 1304 causa
1595 1274 1728 1318 genc—

329 1329 455 1374 randi
477 1331 541 1374 uti
559 1330 693 1390 possit
710 1328 903 1373 foeminis
924 1329 1142 1389 pluribus,
1164 1339 1315 1389 peccat
1333 1339 1496 1385 tamen,
1528 1339 1571 1374 et
1592 1331 1728 1390 ipsam

329 1401 464 1446 violat
479 1401 719 1445 humanam
742 1400 1011 1456 societatem,
1033 1402 1103 1445 cui
1122 1401 1359 1445 necessaria
1384 1410 1447 1444 est
1472 1401 1729 1461 propagatio

330 1472 536 1518 filiorum.
562 1470 646 1517 Sed
664 1472 766 1531 quia
783 1470 982 1516 homines
1007 1471 1131 1516 aliter
1159 1487 1203 1516 se
1234 1471 1500 1517 habentibus
1517 1473 1607 1531 jam
1629 1487 1728 1516 mo-

330 1545 453 1589 ribus
475 1553 518 1588 et
541 1543 710 1602 legibus
730 1557 820 1587 non
849 1551 1030 1602 possunt
1060 1541 1268 1587 delectari
1296 1558 1481 1588 uxorum
1518 1543 1726 1587 multitu-

328 1615 431 1660 dine
463 1614 543 1659 nisi
580 1613 772 1658 libidinis
813 1611 1143 1671 magnitudine,
1185 1613 1286 1657 ideo
1321 1623 1470 1658 errant
1497 1622 1541 1658 et
1569 1622 1729 1673 putant

328 1687 479 1731 haberi
505 1686 685 1731 omnino
706 1699 796 1730 non
820 1683 1011 1744 potuisse
1032 1699 1186 1729 uxores
1203 1684 1378 1741 multas,
1399 1684 1478 1729 nisi
1501 1685 1726 1744 flagrantia

326 1757 692 1818 concupiscentiae
714 1755 896 1801 carnalis
912 1765 955 1801 et
975 1755 1164 1801 sordidae
1186 1756 1438 1816 voluptatis.
1460 1758 1727 1817 Comparan-

328 1840 391 1875 tes
408 1831 542 1885 enim,
567 1845 657 1874 non
683 1828 788 1874 alios
806 1843 997 1888 quorum
1019 1827 1152 1872 animi
1178 1827 1385 1873 virtutem
1407 1843 1583 1888 prorsus
1600 1844 1726 1874 nosse

328 1918 419 1946 non
439 1907 637 1960 possunt,
658 1900 750 1955 sed,
773 1899 884 1944 sicut
899 1900 958 1944 ait
974 1898 1230 1959 Apostolus,
1257 1899 1508 1959 semetipsos
1524 1899 1724 1944 sibimet-

327 1973 452 2033 ipsis,
477 1988 567 2018 non
592 1970 887 2029 intelliguntss.
914 1972 971 2015 Et
1003 1971 1107 2030 quia
1142 1969 1222 2030 ipsi
1256 1970 1387 2015 etiam
1421 1971 1455 2015 si
1477 1986 1610 2016 unam
1639 1972 1721 2016 ha-

328 2045 504 2090 buerint
521 2080 531 2100 ,
563 2043 618 2088 ad
640 2043 838 2088 eamdem
862 2058 951 2087 non
974 2041 1067 2087 solo
1089 2042 1327 2102 generandi
1350 2043 1495 2088 officio
1513 2043 1635 2088 ducti
1656 2045 1722 2088 vi-

329 2117 463 2161 riliter
485 2116 714 2172 accedunt,
741 2115 817 2160 sed
835 2130 948 2175 saepe
970 2114 1161 2159 coeundi
1184 2114 1363 2159 stimulo
1382 2116 1486 2160 victi
1509 2116 1724 2161 enerviter

311 2189 643 2248 pertrahuntur
673 2206 681 2232 :
720 2187 842 2247 quasi
874 2186 1082 2230 veraciter
1118 2186 1200 2230 sibi
1235 2185 1442 2230 videntur
1476 2187 1720 2247 conjicere,

310 2276 461 2321 qnam
484 2261 645 2321 majore
667 2257 921 2319 hujusmodi
942 2258 1096 2303 morbo
1120 2273 1195 2318 per
1217 2257 1377 2302 multas
1401 2255 1473 2302 alii
1497 2259 1723 2319 captiven-

315 2341 426 2387 tur,
451 2330 629 2392 quando
661 2346 705 2376 se
737 2329 887 2375 vident
920 2329 966 2374 in
999 2345 1087 2374 una
1109 2330 1444 2389 temperantiam
1482 2346 1571 2376 non
1599 2345 1724 2390 posse

313 2418 517 2447 ·servare.

389 2476 589 2518 XLVIII.
632 2476 795 2518 Verum
827 2488 906 2518 nos
934 2472 1019 2528 eis,
1051 2472 1127 2532 qui
1156 2473 1268 2517 hanc
1295 2473 1501 2518 virtutem
1533 2489 1623 2519 non
1640 2475 1721 2519 ha-

379 2566 387 2582 ¹
409 2561 499 2592 Joan-
519 2570 550 2599 1,
572 2557 686 2600 14.--²
700 2561 779 2594 Gen.
797 2568 871 2596 xxx,
889 2557 906 2591 3
921 2560 954 2591 et
969 2566 1001 2599 7.
1019 2573 1060 2581 —
1079 2555 1093 2582 3
1106 2565 1125 2590 2
1140 2559 1212 2592 Cor.
1229 2568 1261 2599 x,
1279 2567 1330 2591 ιο..
