1803 3250
340 257 423 297 474
773 266 805 294 s.
843 265 1073 296 mausum
1106 264 1288 296 anteon

341 355 357 375 η
388 347 427 378 te
450 334 591 378 omnis
612 348 714 378 caro
737 333 924 377 veniet¹⁴
947 350 967 375 n
1002 336 1138 388 Item,
1175 348 1227 377 ex
1260 333 1465 393 operibus
1486 334 1613 393 Legis
1640 349 1728 380 non

329 404 642 465 justificabitur
659 404 800 448 omnis
822 418 923 448 caro
937 407 969 448 ².
997 403 1122 457 Quod
1145 404 1335 463 apertius
1358 403 1441 448 alio
1468 403 1566 449 loco
1590 404 1698 448 dixit
1717 425 1725 450 :

338 496 356 516 «
387 478 445 518 Ex
480 478 592 532 Lege
626 488 754 518 nemo
783 475 1134 534 justificabitur3.
1155 493 1174 515 »
1213 477 1412 534 Itemque
1439 473 1522 519 alio
1552 493 1561 520 ε
1591 477 1728 521 «Non

337 565 356 586 »
376 545 639 604 justificatur
662 545 796 588 homo
817 559 868 587 ex
889 545 1092 604 operibus
1118 545 1240 603 Legis
1255 545 1285 587 ⁴.
1313 565 1329 585 »
1363 547 1428 589 Ita
1452 559 1553 603 ergo
1583 545 1694 590 dixit
1716 564 1724 590 :

333 615 484 660 Omnis
517 630 644 659 caro:
671 630 720 659 ac
756 615 790 658 si
822 614 986 659 diceret
1015 633 1023 660 :
1061 615 1250 659 «Omnis
1272 615 1421 659 homo.
1440 633 1460 656 »
1490 615 1558 660 Sic
1583 615 1730 675 itaque

334 685 500 729 dictum
525 693 588 729 est
610 704 618 729 :
649 702 668 726 «
691 686 885 729 Verbum
900 700 1001 729 caro
1019 684 1182 729 factum
1206 694 1297 728 est:
1324 705 1341 726 ι)
1368 700 1418 729 ac
1439 685 1472 728 si
1489 684 1728 729 diceretur:

337 757 530 800 Verbum
568 757 700 801 homo
733 756 897 800 facturn
927 765 990 798 est
1024 775 1033 799 ι
1065 757 1378 799 Verumtamen
1410 755 1479 799 isti
1510 769 1611 799 cum
1641 758 1731 816 ejus

333 827 466 871 solam
495 829 729 870 humanam
753 840 928 869 carnem
961 825 1096 868 velint
1127 824 1313 883 intelligi
1335 825 1559 870 hominem
1582 827 1731 871 Chris-

334 908 443 949 tum,
472 913 559 940 non
579 898 692 940 enim
718 896 944 954 negabunt
965 896 1212 951 hominem,
1254 896 1309 940 de
1343 911 1433 957 quo
1465 897 1731 956 apertissime

332 968 492 1012 dicitur
515 987 522 1011 :
554 969 706 1011 «Unus
729 966 943 1010 mediator
964 967 1038 1010 Dei
1061 976 1104 1010 et
1124 967 1354 1010 hominum
1377 968 1512 1012 homo
1532 967 1733 1012 Christus

338 1057 358 1079 »
386 1040 534 1081 Jesns⁵
559 1057 566 1082 :
593 1056 611 1077 n
641 1037 774 1081 miror
796 1038 915 1097 quod
950 1036 1094 1081 nolint
1124 1037 1386 1093 consentire,
1412 1046 1591 1097 propter
1619 1039 1733 1083 hanc

335 1110 573 1152 humanam
597 1107 1015 1167 quomodocumque
1039 1117 1240 1152 naturam
1265 1107 1349 1152 dici
1371 1110 1590 1168 potuisse:
1614 1124 1634 1151 «
1656 1112 1733 1153 Pa-

338 1199 356 1221 »
387 1190 451 1223 ter
473 1181 610 1239 major
632 1195 702 1223 me
725 1182 813 1223 est6
837 1199 845 1224 :
871 1198 890 1220 »
917 1195 1007 1224 non
1031 1188 1208 1239 propter
1230 1179 1350 1224 illam
1378 1181 1433 1224 de
1455 1196 1542 1240 qua
1564 1180 1731 1225 dictum

333 1262 396 1294 est
417 1270 424 1294 ε
457 1270 471 1287 «
501 1254 590 1306 Ego
620 1259 663 1294 et
694 1253 820 1294 Pater
844 1265 983 1294 uuum
1006 1252 1196 1293 sumus7.
1218 1269 1238 1291 »
1261 1251 1368 1303 Quis
1391 1251 1508 1295 enim
1537 1251 1672 1305 ferat,
1698 1252 1732 1296 si

333 1331 718 1382 quantuscumque
730 1322 863 1366 homo
875 1321 1016 1366 dicat:
1035 1341 1054 1363 «
1071 1325 1165 1380 Ego
1183 1331 1227 1366 et
1245 1325 1358 1366 Deus
1372 1336 1510 1366 unum
1524 1324 1698 1367 sumus?
1710 1339 1729 1364 »

334 1397 390 1438 Et
414 1394 510 1453 quis
537 1408 624 1436 non
649 1392 857 1451 accipiat3
883 1393 915 1436 si
937 1393 1070 1436 homo
1092 1393 1225 1447 dicat,
1251 1396 1365 1436 Deus
1387 1394 1524 1452 major
1544 1407 1615 1437 me
1640 1395 1734 1438 est?

335 1463 472 1517 Quale
491 1463 599 1506 illud
618 1473 680 1506 est
704 1462 825 1522 quod
846 1464 905 1506 ait
928 1464 1081 1507 heatus
1100 1466 1290 1507 Joannes
1311 1481 1319 1508 :
1350 1465 1527 1523 «Major
1542 1473 1606 1508 est
1622 1467 1734 1508 Deus

337 1552 356 1575 »
383 1533 515 1577 corde
538 1534 729 1576 nostross.
751 1550 770 1572 »

393 1605 518 1647 VIII.
545 1605 654 1646 Item
677 1601 832 1646 dicunt
857 1621 865 1646 :
893 1621 912 1644 «
940 1605 980 1646 Is
1003 1603 1082 1662 qui
1104 1603 1331 1648 voluntate
1350 1613 1393 1648 et
1415 1614 1634 1665 praecepto
1651 1609 1735 1650 Pa-

333 1674 409 1719 tris
439 1682 577 1718 totam
608 1672 973 1731 dispensationem
1005 1673 1261 1732 adimplevit
1278 1706 1289 1728 ‚
1310 1674 1538 1719 voluntate
1561 1685 1604 1720 et
1622 1691 1734 1735 prae-

333 1754 461 1803 cepto
491 1744 626 1788 Patris
652 1758 811 1802 corpus
840 1758 970 1787 suum
999 1759 1022 1788 a
1051 1745 1236 1788 mortuis
1262 1745 1486 1790 suscitavit
1523 1764 1532 1790 z
1567 1755 1611 1790 et
1632 1761 1732 1790 cum

336 1817 429 1873 ipso
460 1830 664 1874 corpore,
692 1824 740 1859 ut
765 1824 911 1874 pastor
933 1830 1033 1859 cum
1065 1830 1161 1870 ove,
1185 1824 1228 1859 et
1251 1815 1450 1860 sacerdos
1478 1832 1580 1861 cum
1609 1817 1732 1862 obla-

336 1889 469 1942 tione,
491 1896 533 1930 et
559 1901 631 1929 rex
657 1901 759 1930 cum
778 1901 1001 1945 purpura,
1026 1895 1070 1930 et
1096 1889 1209 1930 Deus
1235 1901 1336 1930 cum
1355 1887 1536 1946 templo,
1561 1903 1585 1931 a
1608 1891 1735 1933 Patre

337 1966 587 2015 assumptus
609 1965 673 2000 est
702 1956 745 1999 in
768 1955 965 2014 gloriam.
1004 1974 1023 1996 n
1058 1955 1354 2008 Quaerendum
1385 1966 1449 2001 est
1483 1957 1538 2001 ab
1563 1958 1623 2002 eis
1656 1959 1733 2019 qui

335 2029 412 2071 ista
444 2027 622 2081 dicunt,
659 2026 834 2086 qualem
868 2042 992 2070 ovem
1023 2036 1170 2086 pastor
1201 2028 1487 2086 reportaverit
1519 2030 1650 2073 Patri.
1689 2030 1732 2074 Si

335 2099 451 2141 enim
478 2112 578 2141 caro
600 2098 691 2141 sine
717 2097 860 2140 anima
890 2106 953 2141 est
979 2112 1112 2157 quam
1136 2099 1401 2157 reportavit,
1429 2099 1538 2157 quid
1555 2107 1618 2143 est
1642 2100 1732 2145 ovis

334 2169 411 2211 ista
437 2168 519 2212 nisi
543 2177 656 2212 terra
688 2168 779 2211 sine
802 2182 930 2211 sensu
946 2202 956 2222 ‚
990 2183 1089 2228 quae
1118 2183 1198 2212 nec
1226 2184 1353 2227 agere
1381 2162 1538 2228 gratias
1560 2173 1732 2229 potest?

335 2241 444 2293 Quia
468 2241 559 2284 sine
582 2240 724 2284 anima
746 2255 848 2284 caro
865 2240 974 2300 quid
990 2242 1166 2299 potest?

397 2312 472 2355 IX.
499 2314 610 2355 Item
634 2319 882 2370 sequuntur
904 2319 948 2354 et
974 2310 1129 2354 dicunt
1156 2329 1165 2355 ι
1190 2329 1210 2352 «
1237 2312 1277 2354 Is
1300 2311 1375 2371 qui
1396 2310 1624 2356 voluntate
1646 2316 1730 2357 Pa-

336 2383 409 2425 tris
441 2381 662 2426 descendit
689 2391 733 2426 et
762 2380 982 2436 ascendit,
1013 2380 1242 2425 voluntate
1269 2388 1312 2424 et
1344 2390 1565 2441 praecepto
1596 2384 1732 2427 Patris

335 2452 446 2497 sedit
473 2452 528 2497 ad
550 2452 769 2497 dexteram
804 2453 917 2512 ejus,
951 2451 1132 2496 audiens
1161 2455 1333 2496 Patrem
1361 2452 1443 2495 sibi
1467 2452 1685 2497 dicentem
1719 2474 1727 2498 ε

386 2562 390 2575 ¹
424 2552 505 2586 Psal.
535 2564 620 2595 mv,
646 2553 676 2586 3.
695 2569 736 2576 --
753 2559 765 2575 ²
794 2555 886 2586 Rom·
912 2563 959 2592 ιιι,
987 2562 1095 2585 2o.—
1113 2551 1126 2575 ³
1147 2552 1219 2586 Gal.
1250 2563 1293 2595 iv,
1327 2564 1378 2585 11.
1395 2552 1468 2582 -4
1496 2553 1598 2594 Ῑ(1.ιι,
1621 2557 1670 2588 16.
1687 2571 1730 2579 —-·

338 2609 351 2632 5
376 2621 385 2641 ι
413 2609 548 2653 Τίῐῐιξιι,
568 2609 599 2641 5.
615 2626 657 2634 ·-
673 2606 688 2630 6
705 2610 797 2642 Joan.
813 2619 883 2648 xiv,
904 2609 958 2640 28.
974 2625 1015 2631 —
1030 2615 1043 2641 7
1063 2609 1109 2640 Id.
1129 2619 1163 2650 x,
1188 2608 1240 2642 30.
1257 2626 1298 2633 --
1314 2608 1329 2631 8
1351 2621 1362 2642 ι
1383 2611 1473 2643 Joan.
1492 2620 1542 2651 m,
1562 2618 1617 2643 20.
