1803 3250
352 181 430 218 128
784 188 817 214 s.
853 184 1082 216 AUGUSTINI
1118 189 1298 217 Episcorl

350 255 476 299 tionis
498 262 663 298 mutuae
683 267 826 307 causa,
853 268 907 297 ne
933 270 954 298 a
978 269 1022 298 se
1046 255 1207 299 scilicet
1237 256 1419 299 invicem
1454 255 1733 311 oberrarent,

347 335 470 370 notas
497 324 671 368 sibimet
692 324 938 384 hujusmodi
960 325 1135 371 alternis
1156 327 1409 386 imposuisse
1432 326 1636 371 videntur
1663 330 1683 371 J
1693 343 1736 370 u-

344 396 425 439 daei
440 430 455 450 ,
483 411 530 438 ac
553 397 577 438 J
584 393 810 440 udaeorum
833 399 946 441 Deus
969 416 978 442 ι
1005 407 1136 457 atque
1159 399 1249 458 ipse
1266 398 1445 458 quidem
1463 412 1534 442 eos
1549 399 1737 443 circum-

342 465 511 510 cisionis
529 465 740 512 obscoeno
758 468 1007 512 charactere
1025 470 1226 527 signavit,
1253 485 1341 530 quo
1364 469 1631 528 ubicumque
1651 478 1738 513 ter-

342 551 487 581 rarum
509 536 675 583 fuerint
690 574 701 594 ,
734 539 1001 599 ubicumque
1024 541 1221 599 gentium
1239 576 1249 596 ,
1270 556 1347 600 per
1364 540 1738 585 circumcisionem

342 616 487 651 tamen
507 643 517 662 ‚
543 607 676 668 ipsius
705 625 795 654 esse
825 619 1060 654 noscantur
1085 630 1093 655 :
1121 610 1251 654 iidem
1275 626 1379 655 vero
1401 626 1529 654 suum
1553 610 1740 654 vicissim

341 680 480 723 Deum
515 688 746 738 parentum
789 696 968 724 suorum
1002 681 1264 740 cognomine
1298 681 1606 739 signaverunt,
1650 695 1740 740 quo

338 751 607 812 ubicumque
644 761 688 796 et
722 753 813 812 ipse
848 751 977 796 fuerit
994 786 1005 806 ,
1049 753 1093 796 in
1132 767 1287 810 magna
1325 753 1519 812 quamvis
1555 751 1739 797 deorum

339 821 610 882 frequentia,
637 838 739 867 cum
765 826 879 867 Deus
897 824 1118 867 Abraham
1142 822 1355 878 audierit,
1381 835 1424 868 et
1450 827 1561 868 Deus
1592 827 1738 879 Isaac,

337 903 380 938 et
404 897 517 939 Deus
539 895 698 949 Jacob,
729 895 930 953 protinus
949 909 991 938 se
1019 894 1210 939 invocari
1235 905 1483 955 cognoscat.
1507 894 1632 948 Quod
1653 895 1741 939 fere

336 964 381 1007 in
405 964 552 1009 multis
575 966 669 1009 fieri
698 965 809 1010 solet
833 980 971 1009 unum
993 965 1258 1010 habentibus
1288 980 1448 1010 nomen
1465 1001 1476 1020 ,
1508 974 1557 1009 ut
1589 980 1740 1010 eorum

337 1050 466 1079 nemo
489 1034 734 1096 appellatus
768 1035 1045 1095 respondeat,
1077 1035 1158 1079 nisi
1190 1037 1342 1081 audito
1366 1037 1643 1095 cognomine.
1673 1036 1742 1081 Sic

336 1121 527 1167 namque
550 1116 593 1151 et
616 1116 763 1167 pastor
786 1116 920 1168 atque
943 1107 1208 1151 amentarius
1232 1107 1465 1167 pecoribus
1488 1116 1612 1151 notas
1644 1107 1742 1151 inu-

336 1187 456 1233 runt,
478 1193 534 1222 ne
552 1194 705 1224 eorum
726 1179 913 1239 quisque
931 1194 1011 1238 pro
1029 1194 1107 1223 suo
1130 1188 1313 1238 usurpet
1333 1178 1540 1223 alienum.
1568 1178 1739 1232 Quibus

336 1249 440 1309 quia
462 1259 504 1294 et
532 1265 608 1296 vos
633 1249 832 1295 similiter
856 1249 1019 1305 facitis,
1046 1254 1185 1295 Deum
1209 1251 1430 1295 Abraham
1453 1251 1648 1294 dicentes
1665 1284 1676 1304 ‚
1695 1259 1739 1295 et

336 1324 476 1366 Deum
502 1324 617 1367 Isaac
635 1358 645 1378 ,
675 1331 719 1366 et
741 1325 881 1366 Deum
907 1322 1067 1377 Jacob,
1094 1338 1183 1367 non
1199 1321 1339 1366 solum
1359 1323 1490 1365 finem
1518 1321 1743 1366 ostenditis

333 1392 493 1437 habere
513 1396 670 1448 Deum,
699 1391 777 1437 sed
799 1391 919 1452 quod
941 1393 1032 1437 sitis
1055 1393 1185 1437 etiam
1210 1409 1284 1438 vos
1320 1393 1375 1436 ab
1405 1392 1560 1436 eodem
1585 1391 1738 1446 alieni,

332 1462 442 1521 signi
484 1464 575 1523 ejus
618 1478 668 1507 ac
711 1465 973 1508 sacramenti
1011 1472 1207 1523 expertes
1222 1498 1234 1520 ‚
1282 1462 1405 1523 quod
1448 1472 1510 1506 est
1550 1461 1741 1506 virilium

331 1533 565 1590 mutilatio,
587 1548 666 1594 per
690 1549 824 1594 quam
848 1534 965 1578 idem
979 1549 1080 1578 suos
1094 1534 1304 1593 agnoscit.
1323 1536 1600 1592 Quapropter
1617 1533 1688 1577 hic
1706 1533 1740 1576 si

329 1608 519 1650 estDeus
533 1622 666 1667 quem
693 1606 834 1651 colitis
850 1640 861 1660 ‚
893 1605 1033 1665 liquet
1056 1621 1108 1650 ex
1134 1607 1219 1651 hoc
1253 1604 1495 1650 admodum
1512 1604 1634 1665 quod
1656 1605 1739 1648 ha-

334 1676 432 1720 beat
457 1677 605 1721 finem.
644 1676 688 1721 Si
713 1691 818 1721 vero
842 1675 1066 1720 infinitum
1092 1680 1234 1721 Deum
1259 1691 1350 1721 esse
1371 1674 1522 1730 vultis,
1542 1675 1646 1720 huic
1665 1691 1741 1721 vos

330 1756 431 1793 ante
464 1748 716 1793 renuntiare
752 1762 927 1793 necesse
957 1757 1043 1803 est,
1079 1757 1123 1791 et
1156 1748 1353 1793 oratione
1383 1756 1551 1792 mutata
1583 1748 1738 1792 erroris

328 1821 536 1879 praeteriti
545 1821 676 1865 vestri
689 1818 1018 1880 poenitudinem
1033 1834 1198 1879 gerere.
1213 1822 1271 1863 Et
1284 1819 1368 1864 hoc
1379 1818 1558 1879 quidem
1570 1817 1738 1863 dictum

327 1892 386 1936 ita
408 1901 473 1938 est
487 1927 498 1947 ,
522 1902 573 1937 ut
592 1892 650 1937 de
670 1901 817 1937 vestro
836 1907 913 1937 vos
933 1892 1086 1937 vicisse
1108 1890 1338 1936 videamur
1359 1911 1368 1936 ε
1395 1891 1593 1951 alioquin
1615 1906 1738 1935 sum-

327 1977 424 2008 mus
457 1971 500 2007 et
533 1978 662 2008 verus
695 1965 836 2019 Deus,
877 1972 1029 2007 utrum
1051 1963 1105 2006 sit
1128 1962 1247 2006 idem
1283 1962 1483 2007 infinitus
1505 1977 1669 2017 necne,
1705 1961 1739 2006 si

324 2034 538 2094 quaeritur
554 2069 565 2086 ‚
590 2033 646 2079 de
668 2034 753 2080 hoc
778 2050 886 2081 vero
910 2049 990 2079 nos
1012 2034 1117 2078 boni
1135 2043 1179 2078 et
1202 2032 1305 2078 mali
1327 2033 1612 2079 contrarietas
1634 2034 1738 2077 bre-

324 2105 435 2150 viter
456 2106 619 2165 poterit
640 2106 841 2152 edocere„
865 2106 1086 2160 Quoniam
1105 2105 1286 2165 quidem
1303 2106 1338 2150 si
1356 2121 1446 2150 non
1464 2114 1527 2150 est
1549 2104 1734 2160 malum,

326 2175 523 2234 profecto
543 2176 741 2222 infinitus
763 2188 827 2223 est
845 2180 985 2235 Deus;
1010 2177 1144 2221 habet
1165 2186 1313 2221 autem
1330 2177 1486 2231 finem,
1514 2176 1548 2220 si
1572 2176 1736 2221 malum

324 2256 388 2292 est
413 2267 422 2293 ε
447 2257 618 2295 constat
651 2258 798 2295 autem
821 2264 918 2295 esse
947 2247 1114 2292 malum
1144 2267 1152 2292 ε
1177 2263 1268 2293 non
1297 2247 1430 2307 igitur
1453 2247 1649 2291 infinitus
1673 2255 1737 2293 est

326 2321 465 2372 Deus;
492 2320 610 2366 illinc
634 2322 752 2366 enim
775 2336 869 2366 esse
900 2319 1014 2365 mala
1046 2319 1294 2379 accipiunt,
1324 2319 1402 2363 ubi
1430 2318 1647 2364 bonorum
1671 2327 1736 2364 est

325 2390 439 2435 finis.
469 2409 490 2433 »

383 2464 441 2506 11.
464 2465 734 2523 Augustinus
749 2461 982 2524 respondit
995 2482 1010 2507 2:
1026 2463 1152 2508 Absit
1167 2471 1216 2507 ut
1229 2463 1313 2507 hoc
1327 2477 1403 2507 vos
1416 2462 1648 2522 quisquam
1662 2462 1733 2506 in-

325 2541 514 2592 terroget
528 2569 542 2590 ,
566 2536 642 2595 qui
662 2552 739 2582 vos
759 2535 910 2590 novit,
937 2544 1017 2579 aut
1040 2536 1098 2581 de
1122 2535 1202 2580 hac
1224 2534 1407 2579 omnino
1430 2549 1476 2578 re
1499 2549 1601 2578 cuin
1633 2532 1731 2578 tali-
