1803 3250
299 165 384 208 266
725 179 756 205 a.
793 175 1023 206 nmmum
1057 177 1237 205 zmscom

355 243 565 286 XXXIII.
602 240 712 294 Quia
734 249 837 285 vero
858 250 901 285 et
917 241 996 301 ipsi
1015 241 1118 285 mali
1140 241 1281 300 angeli
1309 256 1398 286 non
1421 258 1444 287 a
1467 245 1555 289 Deo
1578 243 1681 289 mali

298 322 399 358 sunt
417 310 608 366 conditi,
633 312 709 356 sed
737 311 958 371 peccando
977 311 1077 357 faeti
1103 321 1204 357 sunt
1229 311 1352 367 mali,
1379 312 1438 357 sic
1460 316 1612 359 Petrus
1637 316 1681 359 in

299 383 491 443 Epistola
507 397 583 427 sua
600 381 706 427 dicit
725 402 734 427 :
764 402 780 423 «
797 383 837 428 Si
856 383 971 427 enim
992 387 1103 428 Dcus
1127 383 1287 441 angelis
1302 385 1583 442 peccantibus
1595 401 1685 430 non

302 473 323 497 »
348 454 560 514 pepercit,
588 452 664 498 sed
687 454 931 498 carceribus
949 454 1126 512 calignis
1143 454 1272 498 inferi
1291 453 1528 500 detrudens
1550 455 1687 500 tradi-

299 545 320 568 »
347 526 412 570 dit
433 526 478 569 in
498 525 664 585 judicio
685 525 929 585 puniendos
951 526 1152 571 se1·vari¹.
1175 545 1194 568 n
1223 527 1335 570 Hinc
1365 529 1517 571 Petrus
1539 537 1687 572 osten-

297 597 362 642 dit
375 595 518 641 adhuc
531 597 590 641 eis
608 596 911 656 ultimi-judicii
930 612 1108 656 poenam
1123 596 1290 651 deberi,
1307 597 1362 641 de
1375 613 1461 657 qua
1476 599 1688 643 Dominus

297 668 403 714 dicit
427 688 435 713 :
467 688 486 711 «
507 671 570 713 Ite
589 669 635 712 in
652 669 797 728 ignem
819 678 1049 724 aeternum,
1072 669 1148 728 qui
1166 677 1343 727 paratus
1361 678 1425 714 est
1447 669 1626 715 diabolo
1643 680 1688 716 et

300 758 322 783 »
347 739 508 799 angelis
535 740 667 799 ejus².
686 757 706 779 »
730 738 936 792 Quamvis
962 740 1051 798 jam
1075 739 1308 798 poenaliter
1338 741 1456 784 hunc
1478 739 1686 796 inferum,

298 813 383 857 hoc
405 820 484 867 est,
509 809 758 854 inferiorem
776 809 1061 868 caliginosum
1079 813 1221 854 aerem
1247 819 1456 872 tanquam
1472 827 1690 857 carcerem

299 882 545 942 acceperint
571 899 581 926 z
608 883 686 940 qui
714 889 862 925 tamen
883 880 1092 940 quoniam
1123 890 1166 925 et
1195 881 1356 928 coelum
1381 882 1541 926 dieitur
1560 917 1572 938 ,
1602 899 1691 928 non

299 953 412 998 illud
433 952 595 997 coelum
614 952 659 996 in
681 968 770 1012 quo
788 961 891 996 sunt
906 951 1063 1008 sidera,
1088 953 1163 997 sed
1179 954 1263 998 hoc
1285 953 1466 999 inferius
1482 955 1550 1014 cuj
1559 970 1606 998 us
1625 970 1693 999 ca-

297 1026 430 1084 ligine
453 1025 603 1069 nubila
625 1024 962 1084 conglobantur,
987 1034 1031 1069 et
1055 1024 1133 1068 ubi
1161 1040 1258 1069 aves
1283 1025 1496 1083 volitant3
1525 1041 1626 1070 nam
1648 1035 1692 1070 et

299 1094 463 1141 coelum
494 1095 696 1140 nubilum
735 1094 895 1140 dicitur
914 1130 925 1149 ‚
962 1104 1005 1139 et
1030 1094 1222 1140 volatilia
1256 1095 1356 1140 coeli
1382 1095 1689 1156 appellantur:

301 1166 543 1214 secundum
565 1168 649 1212 hoc
678 1166 898 1227 apostolus
922 1165 1081 1212 Paulus
1102 1166 1277 1212 eosdem
1299 1168 1471 1228 iniquos
1499 1166 1692 1227 angelos,

302 1251 454 1287 contra
477 1256 585 1301 quos
609 1240 734 1285 nobis
752 1240 920 1285 invidos
941 1240 1010 1299 pie
1032 1238 1221 1285 vivendo
1237 1238 1500 1299 pugnamus,
1525 1259 1545 1282 «
1560 1239 1696 1299 Spiri-

305 1331 326 1356 »
362 1312 463 1358 talia
501 1312 708 1373 nequitiae
740 1312 787 1355 in
817 1310 1066 1356 coelestibus
1098 1312 1336 1356 nominat³.
1364 1330 1385 1353 »
1412 1312 1541 1365 Quod
1562 1328 1617 1355 ne
1639 1311 1695 1356 de

306 1384 391 1429 illis
423 1384 717 1443 superioribus
750 1382 873 1428 coelis
906 1382 1199 1441 intelligatur,
1235 1392 1383 1442 aperte
1414 1381 1517 1427 alibi
1552 1382 1692 1427 dicit:

307 1473 330 1499 «
362 1453 613 1500 Secundum
641 1454 881 1513 principem
911 1453 1135 1512 potestatis
1163 1454 1270 1498 aeris
1298 1454 1450 1514 hujus,
1481 1454 1558 1514 qui
1579 1468 1698 1498 nunc

308 1544 330 1569 »
352 1535 557 1585 operatur
579 1526 624 1568 in
650 1524 746 1568 filiis
768 1522 1067 1568 diflidentiae4.
1089 1542 1109 1566 »

364 1598 569 1641 XXXIV.
617 1599 727 1640 Item
759 1596 862 1656 quia
894 1604 1122 1654 peccatum
1166 1594 1235 1639 vel
1274 1594 1480 1655 iniquitas
1512 1609 1603 1639 non
1637 1604 1702 1640 est

306 1669 514 1730 appetitio
536 1677 792 1713 naturarum
814 1666 1045 1723 malarum,
1070 1666 1146 1711 sed
1166 1666 1353 1711 desertio
1369 1666 1621 1722 meliorum,
1641 1667 1700 1712 sic

306 1741 352 1785 in
381 1740 611 1800 Scripturis
645 1739 867 1785 invenitur
899 1738 1108 1798 seriptum
1141 1757 1150 1783 z
1186 1738 1371 1782 «Omnis
1394 1747 1593 1783 creatura
1623 1739 1701 1783 Dei

310 1831 331 1856 »
359 1813 475 1858 bona
497 1814 606 1857 est5.
630 1830 650 1853 »
676 1814 738 1856 Ac
756 1826 833 1872 per
854 1812 938 1856 hoc
956 1820 1000 1855 et
1022 1825 1151 1854 omne
1176 1809 1344 1869 lignum
1362 1809 1483 1870 quod
1499 1810 1545 1854 in
1572 1814 1702 1854 Para·

309 1883 402 1929 diso
426 1886 541 1927 Deus
557 1882 792 1942 plantavit,
818 1882 970 1942 utique
996 1881 1163 1925 bonum
1186 1889 1264 1925 est.
1290 1883 1388 1926 Non
1412 1895 1513 1939 ergo
1543 1880 1702 1925 malam

310 1965 510 2001 naturam
525 1957 658 2000 homo
677 1954 900 2015 appetivit,
919 1969 1020 1999 cum
1032 1953 1231 1998 arborem
1245 1953 1425 1998 vetitam
1438 1953 1582 2013 tetigit
1602 1968 1610 1994 :
1628 1954 1703 1998 sed

310 2029 356 2073 id
376 2029 497 2089 quod
519 2027 673 2072 melius
691 2036 782 2071 erat
803 2026 1066 2082 deserendo,
1092 2025 1256 2070 iactum
1279 2024 1444 2069 malum
1466 2026 1558 2085 ipse
1580 2039 1703 2070 com-

312 2100 463 2144 misit?
486 2098 639 2144 Melior
662 2099 827 2159 quippe
849 2100 1028 2143 Creator
1044 2131 1055 2153 ,
1089 2111 1221 2157 quam
1241 2095 1332 2140 ulla
1353 2105 1550 2141 creatu-ra
1571 2112 1705 2157 quam

313 2170 510 2217 condidit
532 2190 540 2216 :
566 2171 688 2230 cujus
709 2169 944 2230 imperium
965 2184 1056 2213 non
1076 2177 1169 2212 erat
1189 2167 1478 2212 deserendum
1495 2202 1506 2223 ‚
1538 2177 1589 2212 ut
1608 2177 1706 2212 tan—

316 2252 490 2303 geretur
512 2241 782 2302 prohibitum
798 2276 809 2297 ,
847 2240 1043 2302 quamvis
1075 2239 1241 2284 bonum
1267 2258 1277 2284 ι
1305 2239 1513 2299 quoniam
1536 2239 1706 2283 deserto

314 2313 494 2358 meliore
516 2313 682 2357 bonum
703 2321 912 2358 creaturae
935 2310 1239 2370 appetebatur,
1264 2309 1383 2370 quod
1399 2319 1551 2354 contra
1571 2311 1706 2355 Crea-

316 2386 422 2431 toris
459 2386 691 2445 imperium
724 2384 998 2444 tangebatur.
1036 2385 1134 2428 Non
1171 2382 1319 2442 itaque
1353 2385 1467 2426 Deus
1508 2383 1707 2427 arborem

368 2496 378 2513 ¹
402 2494 422 2522 2
441 2491 527 2523 Petr.
547 2500 586 2532 11,
608 2489 642 2533 4.
657 2497 722 2516 -2
737 2489 860 2523 Matth.
879 2499 955 2531 xxv,
973 2486 1029 2530 ίμ-
1044 2505 1087 2513 —-
1103 2485 1117 2512 3
1135 2486 1251 2530 Ephes.
1271 2496 1316 2529 vt,
1340 2494 1390 2519 12.
1410 2503 1451 2509 --
1466 2484 1484 2517 4
1498 2485 1546 2519 ld.
1564 2496 1599 2527 ιι,
1618 2493 1651 2518 2.
1665 2503 1707 2509 -

321 2545 336 2570 5
358 2558 371 2580 1
391 2546 473 2580 Tim.
490 2556 538 2589 Π,
556 2546 592 2588 4.
