1803 3250
355 216 437 254 402
798 225 827 246 s.
867 222 1095 248 nocuerim
1132 222 1309 249 zmscom

356 311 374 332 »
400 290 595 341 credens,
633 286 734 345 quia
771 300 871 345 quae
911 287 1124 346 promisit,
1150 295 1303 346 potens
1335 296 1396 330 est
1430 297 1474 330 et
1506 287 1694 332 faeere&
1717 307 1736 329 »

351 363 514 406 Contra
537 371 670 416 quam
697 355 888 400 divinam
908 365 951 400 et
973 356 1253 415 apostolicam
1271 372 1420 401 vocem
1446 358 1562 401 canis
1582 357 1661 402 iste
1681 374 1743 402 ra-

355 431 499 474 biosus
537 426 783 482 oblatrans,
825 442 953 471 ausus
987 437 1049 471 est
1083 428 1251 483 dicere,
1284 428 1503 472 Abraham
1543 431 1632 473 Deo
1665 444 1743 473 suo

352 499 623 560 promittenti
647 497 814 557 prolem
846 513 934 542 non
963 498 1217 553 credidisse,
1248 500 1453 558 ignorans
1481 499 1592 543 illud
1622 500 1742 560 quod

352 573 441 616 ait:
468 572 549 616 «Si
583 571 688 615 mihi
721 579 899 613 centum
932 584 1068 613 annos
1104 569 1279 614 habenti
1308 580 1508 614 nascetur
1538 570 1698 626 filius²,
1720 589 1740 612 »

348 641 602 686 admirantis
630 656 718 684 esse
757 639 980 698 gaudium,
1022 655 1109 683 non
1147 639 1438 684 diffidentiam
1479 641 1739 686 dubitantis.

350 713 430 757 Vcl
451 711 562 756 illud
589 731 598 756 2
627 730 647 753 «
669 714 764 757 Non
787 719 930 769 potest
950 709 1147 753 excidere
1170 710 1354 754 verbum
1378 712 1471 755 Dei.
1506 714 1603 757 Non
1628 713 1743 756 enim

352 804 372 826 »
397 800 548 830 omnes
570 784 646 843 qui
669 798 720 827 ex
745 782 871 826 lsrael
893 817 903 836 ,
938 782 966 824 ii
999 790 1101 824 sunt
1134 782 1297 840 Isracl3
1334 798 1478 843 neque
1507 785 1608 844 quia
1642 794 1745 828 sunt

350 875 370 899 n
394 870 542 899 semen
563 854 800 907 Abraham,
824 866 975 895 omnes
996 850 1073 894 filii
1091 871 1102 907 3
1127 850 1263 895 sedin
1284 855 1401 897 Isaac
1417 869 1520 898 voca
1531 855 1648 898 bitur
1665 854 1745 898 tibi

349 945 369 966 »
396 940 542 969 semen
570 942 578 967 :
606 924 688 967 boc
707 932 796 976 est,
823 936 914 966 non
936 923 965 964 ii
986 921 1063 981 qui
1086 921 1162 965 filii
1184 924 1323 967 carnis
1341 959 1351 978 ,
1377 925 1422 967 hi
1442 923 1520 967 filii
1548 925 1648 978 Dei,
1670 918 1761 968 sed'

349 1016 369 1038 »
394 996 473 1040 filii
495 994 788 1055 promissionis
817 992 1088 1053 deputantur
1114 993 1162 1037 in
1184 996 1377 1038 semen3.
1399 1014 1420 1036 »
1453 996 1533 1039 Vel
1555 995 1666 1040 illud
1691 995 1746 1039 de

347 1066 442 1111 Elia
465 1085 474 1111 :
504 1085 525 1108 «
547 1065 633 1111 Sed
654 1064 763 1124 quid
791 1063 897 1108 dicit
925 1062 989 1107 illi
1022 1079 1277 1123 responsum
1315 1065 1550 1110 divinum?
1572 1065 1747 1127 Reliqui

350 1157 370 1179 »
395 1138 503 1182 mihi
526 1146 691 1196 septem
714 1134 847 1179 millia
866 1135 1076 1190 virorum,
1093 1135 1170 1195 qui
1190 1151 1278 1180 non
1295 1147 1589 1182 curvaverunt
1607 1153 1747 1197 genua

348 1229 369 1252 »
396 1219 497 1254 ante
519 1208 621 1252 Baal
637 1208 668 1251 ⁴.
690 1226 709 1248 »
744 1207 819 1252 His
846 1216 977 1267 atque
1000 1206 1252 1267 hujusmodi
1284 1209 1637 1253 attestationibus
1670 1209 1746 1253 Dei

348 1280 452 1326 boni
473 1289 517 1324 et
538 1279 628 1322 veri
649 1293 740 1322 esse
772 1278 1015 1337 Scripturas
1046 1276 1161 1333 illas,
1184 1294 1293 1339 quas
1324 1280 1403 1323 iste
1437 1279 1742 1339 blasphemat,

350 1352 600 1412 Apostolica
626 1349 907 1395 commendat
935 1350 1184 1394 auctoritas.
1221 1351 1306 1395 Ubi
1338 1361 1483 1395 autem
1507 1353 1635 1396 etiam
1666 1351 1747 1395 ali-

348 1424 457 1484 quid
477 1424 533 1467 de
556 1422 807 1468 auctoribus
830 1422 1036 1466 Gentium
1058 1421 1166 1466 dicit
1189 1422 1439 1482 Apostolus,
1464 1439 1554 1468 non
1576 1439 1649 1468 eos
1671 1439 1743 1483 ap-

349 1496 484 1555 pellat
496 1495 733 1553 Prophetas
751 1493 839 1547 Dei,
862 1508 943 1536 nec
956 1491 1130 1536 illarum
1142 1493 1455 1552 scripturarum
1480 1498 1619 1538 Deum
1642 1494 1750 1538 dicit

349 1577 590 1621 auctorem,
616 1565 814 1626 quamvis
838 1565 899 1608 ibi
923 1563 1068 1625 aliqua
1088 1580 1191 1609 vera
1220 1566 1408 1625 reperiat
1423 1602 1434 1621 ,
1457 1567 1570 1611 sicut
1589 1568 1646 1611 de
1666 1567 1749 1611 isto

349 1639 546 1686 Cretensi
569 1639 628 1682 ait
648 1657 657 1682 :
687 1657 707 1679 «
724 1637 837 1682 Dixit
853 1636 1035 1697 quidam
1052 1652 1105 1680 ex
1123 1637 1225 1696 ipsis
1247 1639 1449 1697 proprius
1472 1654 1624 1683 eorum
1646 1653 1750 1698 pro—

353 1730 373 1753 »
398 1712 531 1770 pheta
557 1729 567 1755 ι
593 1711 823 1755 Cretenses
851 1723 1023 1767 semper
1054 1708 1314 1753 mendaces5
1339 1727 1347 1754 :
1368 1727 1388 1751 »
1415 1725 1505 1754 non
1535 1725 1638 1768 ergo
1667 1712 1748 1754 Ju-

351 1782 548 1827 daeorum
571 1779 773 1841 proprius
788 1814 799 1833 ,
824 1777 900 1823 sed
922 1778 1198 1824 Cretensium
1220 1799 1228 1824 :
1254 1780 1375 1840 quod
1405 1781 1559 1841 utique
1583 1781 1639 1825 ad
1667 1782 1749 1826 hoc

351 1855 521 1899 dictum
551 1862 636 1907 est,
672 1867 727 1895 ne
762 1851 836 1895 Dei
877 1852 1095 1910 Propheta
1123 1860 1367 1910 putaretur.
1395 1855 1451 1896 Et
1486 1853 1532 1896 in
1565 1853 1751 1897 Actibus

352 1925 662 1986 Apostolorum
684 1938 784 1968 cum
808 1921 1063 1982 loqueretur
1080 1923 1420 1968 Atheniensibus
1437 1959 1448 1978 ,
1475 1924 1534 1968 ait
1551 1923 1606 1968 de
1632 1928 1720 1969 Deo
1738 1943 1747 1968 :

356 2016 376 2039 »
401 2001 452 2041 In
475 1996 552 2042 illo
573 1996 689 2040 enim
718 1995 905 2040 vivimus
922 2029 933 2049 ,
959 2004 1003 2038 et
1025 2009 1277 2051 movemur,
1306 2005 1351 2040 et
1372 2011 1523 2040 sumus
1543 2016 1552 2041 ε
1574 1997 1686 2042 sicut
1708 2006 1751 2041 et

357 2086 378 2110 »
403 2069 583 2129 quidam
605 2064 848 2111 secundum
870 2080 946 2109 vos
969 2064 1215 2109 dixeruntss.
1241 2086 1257 2107 ι»

415 2141 534 2184 XIV.
563 2137 649 2184 Sed
667 2136 913 2197 Apostolis,
935 2137 1104 2196 inquit,
1142 2138 1351 2181 Dominus
1384 2147 1531 2182 noster
1562 2139 1750 2183 interro—

357 2211 560 2270 gantibus
588 2209 643 2254 de
666 2208 923 2253 Judaeorum
955 2208 1183 2267 Prophetis
1212 2208 1321 2268 quid
1353 2209 1502 2252 sentiri
1535 2208 1748 2264 deberet,

289 2339 293 2346 1
358 2282 433 2342 qui
456 2280 510 2326 de
532 2281 725 2325 adventu
746 2281 840 2340 ejus
863 2277 1029 2338 aliquid
1045 2278 1249 2323 cecinisse
1269 2279 1315 2323 in
1332 2280 1601 2339 praeteritum
1621 2289 1750 2340 puta-

360 2353 537 2407 bantur,
558 2360 804 2397 commotus
821 2349 924 2394 talia
938 2365 1010 2394 eos
1032 2351 1162 2395 etiam
1183 2365 1303 2394 nunc
1321 2351 1481 2395 sentire
1499 2352 1722 2410 respondit
1739 2371 1748 2396 z

364 2444 384 2466 «ι
410 2425 636 2470 Dimisistis
665 2423 814 2468 vivum
838 2422 915 2482 qui
937 2431 1038 2466 ante
1072 2437 1145 2466 vos
1167 2432 1251 2477 est,
1277 2431 1320 2466 et
1341 2421 1396 2466 de
1421 2424 1603 2468 mortuis
1625 2423 1752 2468 fabu-

411 2536 420 2549 ¹
452 2531 542 2560 Rom.
576 2539 623 2560 iv.
652 2536 706 2559 20.
724 2543 765 2549 -
782 2533 792 2548 ²
813 2527 892 2558 Gen.
915 2537 992 2567 xvii,
1027 2538 1073 2565 17.
1093 2543 1132 2548 —
1148 2523 1161 2548 3
1180 2529 1272 2559 Rom.
1293 2536 1336 2567 ix,
1367 2530 1399 2558 6.
1417 2543 1457 2548 ——
1478 2526 1492 2555 4
1517 2527 1563 2559 Id.
1584 2538 1626 2567 xi,
1659 2526 1690 2569 4,
1719 2531 1755 2560 et

366 2586 380 2613 ’ἱ
403 2586 476 2626 ltcg.
500 2595 515 2613 x
534 2595 565 2623 x,
597 2587 642 2613 ιδ.
669 2581 734 2605 -5
753 2581 803 2612 'sit
852 2593 1007 2613 1.‹·),.-
1026 2579 1041 2603 ⁰
1063 2583 1136 2613 Act.
1171 2593 1253 2622 xvii,
1276 2585 1317 2615 '18
