<?xml version="1.0" encoding="UTF-8"?>
<!DOCTYPE html PUBLIC "-//W3C//DTD XHTML 1.0 Transitional//EN"
    "http://www.w3.org/TR/xhtml1/DTD/xhtml1-transitional.dtd">
<html xmlns="http://www.w3.org/1999/xhtml" xml:lang="en" lang="en">
 <head>
  <title>
</title>
<meta http-equiv="Content-Type" content="text/html;charset=utf-8" />
  <meta name='ocr-system' content='tesseract 3.04.00' />
  <meta name='ocr-capabilities' content='ocr_page ocr_carea ocr_par ocr_line ocrx_word'/>
</head>
<body>
  <div class='ocr_page' id='page_1' title='image "./operaomniaaccura29auguuoft/operaomniaaccura29auguuoft_0229.png"; bbox 0 0 1803 3250; ppageno 0'>
   <div class='ocr_carea' id='block_1_1' title="bbox 273 221 1455 270">
    <p class='ocr_par' dir='ltr' id='par_1_1' title="bbox 273 221 1455 270">
     <span class='ocr_line' id='line_1_1' title="bbox 273 221 1455 270; baseline 0.001 -11"><span class='ocrx_word' id='word_1_1' title='bbox 273 233 328 259; x_wconf 87' lang='lat' dir='ltr'>DE</span> <span class='ocrx_word' id='word_1_2' title='bbox 360 230 474 260; x_wconf 66' lang='lat' dir='ltr'>Ac‘ns</span> <span class='ocrx_word' id='word_1_3' title='bbox 505 232 594 260; x_wconf 72' lang='lat' dir='ltr'>com</span> <span class='ocrx_word' id='word_1_4' title='bbox 627 231 774 260; x_wconf 67' lang='lat' dir='ltr'>remon</span> <span class='ocrx_word' id='word_1_5' title='bbox 805 227 1055 270; x_wconf 61' lang='grc' dir='ltr'>ΜΔΜΕΗΕΟ,</span> <span class='ocrx_word' id='word_1_6' title='bbox 1092 231 1174 259; x_wconf 76' lang='lat' dir='ltr'>Lm.</span> <span class='ocrx_word' id='word_1_7' title='bbox 1211 232 1241 258; x_wconf 94' lang='lat'>1.</span> <span class='ocrx_word' id='word_1_8' title='bbox 1368 221 1455 260; x_wconf 78' lang='lat'>219</span> 
     </span>
    </p>
   </div>
   <div class='ocr_carea' id='block_1_2' title="bbox 62 296 1473 2635">
    <p class='ocr_par' dir='ltr' id='par_1_2' title="bbox 125 296 1064 344">
     <span class='ocr_line' id='line_1_2' title="bbox 125 296 1064 344; baseline -0.005 -1"><span class='ocrx_word' id='word_1_9' title='bbox 125 301 232 343; x_wconf 74' lang='lat' dir='ltr'><strong>Fm..</strong></span> <span class='ocrx_word' id='word_1_10' title='bbox 256 296 363 342; x_wconf 90' lang='lat' dir='ltr'>dixit</span> <span class='ocrx_word' id='word_1_11' title='bbox 387 317 396 344; x_wconf 90' lang='lat'><strong>:</strong></span> <span class='ocrx_word' id='word_1_12' title='bbox 425 317 446 341; x_wconf 89' lang='lat'>«</span> <span class='ocrx_word' id='word_1_13' title='bbox 467 300 560 343; x_wconf 89' lang='lat' dir='ltr'>Hoc</span> <span class='ocrx_word' id='word_1_14' title='bbox 581 311 719 343; x_wconf 90' lang='lat' dir='ltr'>unum</span> <span class='ocrx_word' id='word_1_15' title='bbox 737 304 839 340; x_wconf 87' lang='lat' dir='ltr'>sunt</span> <span class='ocrx_word' id='word_1_16' title='bbox 858 311 1024 342; x_wconf 90' lang='lat' dir='ltr'>omnes.</span> <span class='ocrx_word' id='word_1_17' title='bbox 1044 315 1064 339; x_wconf 86' lang='lat'>»</span> 
     </span>
    </p>

    <p class='ocr_par' dir='ltr' id='par_1_3' title="bbox 65 366 1456 486">
     <span class='ocr_line' id='line_1_3' title="bbox 123 366 1456 429; baseline 0.004 -17"><span class='ocrx_word' id='word_1_18' title='bbox 123 371 237 413; x_wconf 67' lang='lat' dir='ltr'>Auo.</span> <span class='ocrx_word' id='word_1_19' title='bbox 263 367 372 414; x_wconf 86' lang='lat' dir='ltr'>dixit</span> <span class='ocrx_word' id='word_1_20' title='bbox 398 388 408 415; x_wconf 88' lang='grc'>;</span> <span class='ocrx_word' id='word_1_21' title='bbox 434 371 573 429; x_wconf 88' lang='lat' dir='ltr'>Hujus</span> <span class='ocrx_word' id='word_1_22' title='bbox 591 383 694 427; x_wconf 80' lang='lat' dir='ltr'>ergo</span> <span class='ocrx_word' id='word_1_23' title='bbox 716 376 842 411; x_wconf 79' lang='lat' dir='ltr'>terrae</span> <span class='ocrx_word' id='word_1_24' title='bbox 866 382 956 413; x_wconf 89' lang='lat' dir='ltr'>non</span> <span class='ocrx_word' id='word_1_25' title='bbox 977 376 1040 412; x_wconf 88' lang='lat' dir='ltr'>est</span> <span class='ocrx_word' id='word_1_26' title='bbox 1063 375 1208 428; x_wconf 86' lang='lat' dir='ltr'>pater,</span> <span class='ocrx_word' id='word_1_27' title='bbox 1234 366 1311 414; x_wconf 87' lang='lat' dir='ltr'>sed</span> <span class='ocrx_word' id='word_1_28' title='bbox 1331 367 1456 417; x_wconf 81' lang='lat' dir='ltr'>inha-</span> 
     </span>
     <span class='ocr_line' id='line_1_4' title="bbox 65 439 260 486; baseline 0 -2"><span class='ocrx_word' id='word_1_29' title='bbox 65 439 227 486; x_wconf 85' lang='lat' dir='ltr'>bitator</span> <span class='ocrx_word' id='word_1_30' title='bbox 241 441 260 484; x_wconf 74' lang='lat' dir='ltr'>i&gt;</span> 
     </span>
    </p>

    <p class='ocr_par' dir='ltr' id='par_1_4' title="bbox 124 510 671 556">
     <span class='ocr_line' id='line_1_5' title="bbox 124 510 671 556; baseline -0.007 0"><span class='ocrx_word' id='word_1_31' title='bbox 124 513 232 556; x_wconf 76' lang='lat' dir='ltr'><strong>FEL.</strong></span> <span class='ocrx_word' id='word_1_32' title='bbox 261 510 400 556; x_wconf 81' lang='lat' dir='ltr'><strong>dixit:</strong></span> <span class='ocrx_word' id='word_1_33' title='bbox 428 529 449 553; x_wconf 90' lang='lat'>«</span> <span class='ocrx_word' id='word_1_34' title='bbox 470 510 629 555; x_wconf 83' lang='lat' dir='ltr'>Etiam.</span> <span class='ocrx_word' id='word_1_35' title='bbox 650 528 671 552; x_wconf 88' lang='lat'>»</span> 
     </span>
    </p>

    <p class='ocr_par' dir='ltr' id='par_1_5' title="bbox 65 579 1459 854">
     <span class='ocr_line' id='line_1_6' title="bbox 123 579 1459 641; baseline 0.001 -15"><span class='ocrx_word' id='word_1_36' title='bbox 123 583 238 626; x_wconf 68' lang='lat' dir='ltr'>Auo.</span> <span class='ocrx_word' id='word_1_37' title='bbox 267 581 405 626; x_wconf 85' lang='lat' dir='ltr'>dixit:</span> <span class='ocrx_word' id='word_1_38' title='bbox 428 581 471 626; x_wconf 92' lang='lat' dir='ltr'>Si</span> <span class='ocrx_word' id='word_1_39' title='bbox 497 596 581 625; x_wconf 84' lang='lat' dir='ltr'>nec</span> <span class='ocrx_word' id='word_1_40' title='bbox 603 580 756 639; x_wconf 81' lang='lat' dir='ltr'>genuit</span> <span class='ocrx_word' id='word_1_41' title='bbox 777 579 915 635; x_wconf 86' lang='lat' dir='ltr'>illam,</span> <span class='ocrx_word' id='word_1_42' title='bbox 942 595 1023 624; x_wconf 85' lang='lat' dir='ltr'>nec</span> <span class='ocrx_word' id='word_1_43' title='bbox 1044 580 1150 625; x_wconf 87' lang='lat' dir='ltr'>fecit</span> <span class='ocrx_word' id='word_1_44' title='bbox 1171 580 1291 624; x_wconf 85' lang='lat' dir='ltr'>illam</span> <span class='ocrx_word' id='word_1_45' title='bbox 1309 614 1320 636; x_wconf 90' lang='lat'>‚</span> <span class='ocrx_word' id='word_1_46' title='bbox 1344 597 1459 641; x_wconf 89' lang='lat' dir='ltr'>quo-</span> 
     </span>
     <span class='ocr_line' id='line_1_7' title="bbox 65 651 1458 713; baseline 0.001 -17"><span class='ocrx_word' id='word_1_47' title='bbox 65 653 197 696; x_wconf 86' lang='lat' dir='ltr'>modo</span> <span class='ocrx_word' id='word_1_48' title='bbox 216 653 270 696; x_wconf 89' lang='lat' dir='ltr'>ad</span> <span class='ocrx_word' id='word_1_49' title='bbox 293 667 393 696; x_wconf 89' lang='lat' dir='ltr'>eum</span> <span class='ocrx_word' id='word_1_50' title='bbox 411 652 628 712; x_wconf 78' lang='lat' dir='ltr'>pertineat</span> <span class='ocrx_word' id='word_1_51' title='bbox 644 652 724 695; x_wconf 79' lang='lat' dir='ltr'>nisi</span> <span class='ocrx_word' id='word_1_52' title='bbox 740 651 828 696; x_wconf 86' lang='lat' dir='ltr'>sola</span> <span class='ocrx_word' id='word_1_53' title='bbox 842 651 1065 696; x_wconf 76' lang='lat' dir='ltr'>vicinitate</span> <span class='ocrx_word' id='word_1_54' title='bbox 1082 668 1171 696; x_wconf 91' lang='lat' dir='ltr'>non</span> <span class='ocrx_word' id='word_1_55' title='bbox 1183 652 1327 708; x_wconf 89' lang='lat' dir='ltr'>video,</span> <span class='ocrx_word' id='word_1_56' title='bbox 1346 669 1458 713; x_wconf 87' lang='lat' dir='ltr'>quo-</span> 
     </span>
     <span class='ocr_line' id='line_1_8' title="bbox 65 721 1457 784; baseline 0.002 -18"><span class='ocrx_word' id='word_1_57' title='bbox 65 721 198 768; x_wconf 91' lang='lat' dir='ltr'>modo</span> <span class='ocrx_word' id='word_1_58' title='bbox 218 722 253 766; x_wconf 89' lang='lat' dir='ltr'>si</span> <span class='ocrx_word' id='word_1_59' title='bbox 276 723 433 768; x_wconf 86' lang='lat' dir='ltr'>habeat</span> <span class='ocrx_word' id='word_1_60' title='bbox 457 721 609 783; x_wconf 82' lang='lat' dir='ltr'>aliquil</span> <span class='ocrx_word' id='word_1_61' title='bbox 624 722 813 767; x_wconf 84' lang='lat' dir='ltr'>vicinum</span> <span class='ocrx_word' id='word_1_62' title='bbox 829 724 996 768; x_wconf 86' lang='lat' dir='ltr'>bonum</span> <span class='ocrx_word' id='word_1_63' title='bbox 1018 743 1026 768; x_wconf 91' lang='lat'><strong>:</strong></span> <span class='ocrx_word' id='word_1_64' title='bbox 1047 732 1091 768; x_wconf 88' lang='lat' dir='ltr'>et</span> <span class='ocrx_word' id='word_1_65' title='bbox 1111 722 1211 768; x_wconf 84' lang='lat' dir='ltr'>duae</span> <span class='ocrx_word' id='word_1_66' title='bbox 1222 724 1313 784; x_wconf 83' lang='lat' dir='ltr'>jam</span> <span class='ocrx_word' id='word_1_67' title='bbox 1328 734 1457 769; x_wconf 79' lang='lat' dir='ltr'>erunt</span> 
     </span>
     <span class='ocr_line' id='line_1_9' title="bbox 65 792 893 854; baseline 0 -16"><span class='ocrx_word' id='word_1_68' title='bbox 65 808 131 839; x_wconf 87' lang='lat' dir='ltr'>res</span> <span class='ocrx_word' id='word_1_69' title='bbox 151 792 292 838; x_wconf 83' lang='lat' dir='ltr'>ambae</span> <span class='ocrx_word' id='word_1_70' title='bbox 315 794 536 853; x_wconf 85' lang='lat' dir='ltr'>ingenitae,</span> <span class='ocrx_word' id='word_1_71' title='bbox 564 803 677 839; x_wconf 83' lang='lat' dir='ltr'>terra</span> <span class='ocrx_word' id='word_1_72' title='bbox 695 804 738 839; x_wconf 88' lang='lat' dir='ltr'>et</span> <span class='ocrx_word' id='word_1_73' title='bbox 756 803 893 854; x_wconf 86' lang='lat' dir='ltr'>pater.</span> 
     </span>
    </p>

    <p class='ocr_par' dir='ltr' id='par_1_6' title="bbox 66 865 1459 995">
     <span class='ocr_line' id='line_1_10' title="bbox 123 865 1459 925; baseline 0.003 -16"><span class='ocrx_word' id='word_1_74' title='bbox 123 867 157 909; x_wconf 91' lang='lat' dir='ltr'>F</span> <span class='ocrx_word' id='word_1_75' title='bbox 165 883 231 910; x_wconf 71' lang='grc' dir='ltr'>ει.</span> <span class='ocrx_word' id='word_1_76' title='bbox 256 865 363 909; x_wconf 80' lang='lat' dir='ltr'>dixit</span> <span class='ocrx_word' id='word_1_77' title='bbox 384 884 392 910; x_wconf 91' lang='lat'>:</span> <span class='ocrx_word' id='word_1_78' title='bbox 422 885 442 908; x_wconf 93' lang='lat'>«</span> <span class='ocrx_word' id='word_1_79' title='bbox 462 869 555 909; x_wconf 92' lang='lat' dir='ltr'>Imo</span> <span class='ocrx_word' id='word_1_80' title='bbox 578 874 664 910; x_wconf 76' lang='lat' dir='ltr'>tres</span> <span class='ocrx_word' id='word_1_81' title='bbox 686 876 809 922; x_wconf 88' lang='lat' dir='ltr'>sunt,</span> <span class='ocrx_word' id='word_1_82' title='bbox 835 874 959 925; x_wconf 83' lang='lat' dir='ltr'>pater</span> <span class='ocrx_word' id='word_1_83' title='bbox 985 866 1227 925; x_wconf 85' lang='lat' dir='ltr'>ingenitus,</span> <span class='ocrx_word' id='word_1_84' title='bbox 1252 875 1368 913; x_wconf 88' lang='lat' dir='ltr'>terra</span> <span class='ocrx_word' id='word_1_85' title='bbox 1390 867 1459 913; x_wconf 90' lang='lat' dir='ltr'>in-</span> 
     </span>
     <span class='ocr_line' id='line_1_11' title="bbox 66 935 692 995; baseline -0.002 -16"><span class='ocrx_word' id='word_1_86' title='bbox 66 935 212 995; x_wconf 87' lang='lat' dir='ltr'>genita</span> <span class='ocrx_word' id='word_1_87' title='bbox 228 970 239 991; x_wconf 90' lang='lat'>,</span> <span class='ocrx_word' id='word_1_88' title='bbox 261 946 304 979; x_wconf 90' lang='lat' dir='ltr'>et</span> <span class='ocrx_word' id='word_1_89' title='bbox 327 939 398 980; x_wconf 81' lang='lat' dir='ltr'>ae&#39;r</span> <span class='ocrx_word' id='word_1_90' title='bbox 417 936 650 993; x_wconf 83' lang='lat' dir='ltr'>ingenitus.</span> <span class='ocrx_word' id='word_1_91' title='bbox 672 955 692 977; x_wconf 90' lang='lat'>»</span> 
     </span>
    </p>

    <p class='ocr_par' dir='ltr' id='par_1_7' title="bbox 122 1007 1177 1053">
     <span class='ocr_line' id='line_1_12' title="bbox 122 1007 1177 1053; baseline 0 -1"><span class='ocrx_word' id='word_1_92' title='bbox 122 1010 237 1052; x_wconf 70' lang='lat' dir='ltr'>Ano.</span> <span class='ocrx_word' id='word_1_93' title='bbox 263 1007 372 1052; x_wconf 84' lang='lat' dir='ltr'>dixit</span> <span class='ocrx_word' id='word_1_94' title='bbox 394 1027 403 1053; x_wconf 92' lang='lat'>:</span> <span class='ocrx_word' id='word_1_95' title='bbox 430 1010 524 1052; x_wconf 89' lang='lat' dir='ltr'>Hoc</span> <span class='ocrx_word' id='word_1_96' title='bbox 542 1017 685 1053; x_wconf 89' lang='lat' dir='ltr'>totum</span> <span class='ocrx_word' id='word_1_97' title='bbox 710 1023 797 1052; x_wconf 87' lang='lat' dir='ltr'>una</span> <span class='ocrx_word' id='word_1_98' title='bbox 815 1007 1059 1052; x_wconf 86' lang='lat' dir='ltr'>substantia</span> <span class='ocrx_word' id='word_1_99' title='bbox 1081 1010 1177 1052; x_wconf 80' lang='lat' dir='ltr'>est?</span> 
     </span>
    </p>

    <p class='ocr_par' dir='ltr' id='par_1_8' title="bbox 123 1078 527 1123">
     <span class='ocr_line' id='line_1_13' title="bbox 123 1078 527 1123; baseline 0 0"><span class='ocrx_word' id='word_1_100' title='bbox 123 1081 231 1123; x_wconf 63' lang='lat' dir='ltr'>Fu.</span> <span class='ocrx_word' id='word_1_101' title='bbox 256 1078 391 1123; x_wconf 83' lang='lat' dir='ltr'>dixit:</span> <span class='ocrx_word' id='word_1_102' title='bbox 419 1082 527 1123; x_wconf 88' lang='lat' dir='ltr'>Una.</span> 
     </span>
    </p>

    <p class='ocr_par' dir='ltr' id='par_1_9' title="bbox 67 1147 1461 1281">
     <span class='ocr_line' id='line_1_14' title="bbox 123 1147 1461 1212; baseline 0.001 -17"><span class='ocrx_word' id='word_1_103' title='bbox 123 1152 238 1195; x_wconf 71' lang='lat' dir='ltr'>Ano.</span> <span class='ocrx_word' id='word_1_104' title='bbox 264 1149 373 1194; x_wconf 82' lang='lat' dir='ltr'>dixit</span> <span class='ocrx_word' id='word_1_105' title='bbox 394 1169 403 1195; x_wconf 80' lang='lat'>2</span> <span class='ocrx_word' id='word_1_106' title='bbox 429 1153 486 1194; x_wconf 91' lang='lat' dir='ltr'>Et</span> <span class='ocrx_word' id='word_1_107' title='bbox 508 1150 566 1194; x_wconf 86' lang='lat' dir='ltr'>ita</span> <span class='ocrx_word' id='word_1_108' title='bbox 588 1147 788 1205; x_wconf 85' lang='lat' dir='ltr'>fundata,</span> <span class='ocrx_word' id='word_1_109' title='bbox 814 1158 866 1194; x_wconf 90' lang='lat' dir='ltr'>ut</span> <span class='ocrx_word' id='word_1_110' title='bbox 886 1165 910 1194; x_wconf 86' lang='lat' dir='ltr'>a</span> <span class='ocrx_word' id='word_1_111' title='bbox 932 1149 1057 1195; x_wconf 87' lang='lat' dir='ltr'>nullo</span> <span class='ocrx_word' id='word_1_112' title='bbox 1082 1165 1278 1212; x_wconf 89' lang='lat' dir='ltr'>unquam</span> <span class='ocrx_word' id='word_1_113' title='bbox 1296 1151 1461 1198; x_wconf 87' lang='lat' dir='ltr'>moveri</span> 
     </span>
     <span class='ocr_line' id='line_1_15' title="bbox 67 1221 530 1281; baseline -0.004 -14"><span class='ocrx_word' id='word_1_114' title='bbox 67 1230 145 1267; x_wconf 86' lang='lat' dir='ltr'>aut</span> <span class='ocrx_word' id='word_1_115' title='bbox 166 1221 343 1266; x_wconf 85' lang='lat' dir='ltr'>concuti</span> <span class='ocrx_word' id='word_1_116' title='bbox 364 1221 530 1281; x_wconf 79' lang='lat' dir='ltr'>possit?</span> 
     </span>
    </p>

    <p class='ocr_par' dir='ltr' id='par_1_10' title="bbox 124 1290 1392 1340">
     <span class='ocr_line' id='line_1_16' title="bbox 124 1290 1392 1340; baseline -0.002 -1"><span class='ocrx_word' id='word_1_117' title='bbox 124 1297 230 1339; x_wconf 76' lang='lat' dir='ltr'><strong>FEL.</strong></span> <span class='ocrx_word' id='word_1_118' title='bbox 256 1293 364 1339; x_wconf 83' lang='lat' dir='ltr'>dixit</span> <span class='ocrx_word' id='word_1_119' title='bbox 383 1313 392 1340; x_wconf 89' lang='lat'>:</span> <span class='ocrx_word' id='word_1_120' title='bbox 417 1313 437 1336; x_wconf 89' lang='lat'>«</span> <span class='ocrx_word' id='word_1_121' title='bbox 454 1293 594 1339; x_wconf 90' lang='lat' dir='ltr'>Motio</span> <span class='ocrx_word' id='word_1_122' title='bbox 617 1301 662 1337; x_wconf 89' lang='lat' dir='ltr'>et</span> <span class='ocrx_word' id='word_1_123' title='bbox 683 1292 910 1338; x_wconf 83' lang='lat' dir='ltr'>concussio</span> <span class='ocrx_word' id='word_1_124' title='bbox 931 1291 1067 1337; x_wconf 84' lang='lat' dir='ltr'>habet</span> <span class='ocrx_word' id='word_1_125' title='bbox 1087 1290 1351 1338; x_wconf 82' lang='lat' dir='ltr'>distantiam.</span> <span class='ocrx_word' id='word_1_126' title='bbox 1371 1311 1392 1336; x_wconf 84' lang='lat'>»</span> 
     </span>
    </p>

    <p class='ocr_par' dir='ltr' id='par_1_11' title="bbox 65 1362 1463 1498">
     <span class='ocr_line' id='line_1_17' title="bbox 121 1362 1463 1421; baseline -0.001 -11"><span class='ocrx_word' id='word_1_127' title='bbox 121 1368 235 1410; x_wconf 71' lang='lat' dir='ltr'>Auo.</span> <span class='ocrx_word' id='word_1_128' title='bbox 262 1365 371 1409; x_wconf 88' lang='lat' dir='ltr'>dixit</span> <span class='ocrx_word' id='word_1_129' title='bbox 400 1384 408 1410; x_wconf 90' lang='lat'>:</span> <span class='ocrx_word' id='word_1_130' title='bbox 436 1365 606 1409; x_wconf 84' lang='lat' dir='ltr'>Habeat</span> <span class='ocrx_word' id='word_1_131' title='bbox 635 1379 644 1405; x_wconf 89' lang='lat'>:</span> <span class='ocrx_word' id='word_1_132' title='bbox 677 1362 755 1408; x_wconf 90' lang='lat' dir='ltr'>sed</span> <span class='ocrx_word' id='word_1_133' title='bbox 782 1372 930 1407; x_wconf 87' lang='lat' dir='ltr'>tamen</span> <span class='ocrx_word' id='word_1_134' title='bbox 968 1362 1069 1407; x_wconf 82' lang='lat' dir='ltr'>talia</span> <span class='ocrx_word' id='word_1_135' title='bbox 1106 1363 1314 1421; x_wconf 82' lang='lat' dir='ltr'>fuerunt,</span> <span class='ocrx_word' id='word_1_136' title='bbox 1352 1374 1404 1410; x_wconf 89' lang='lat' dir='ltr'>ut</span> <span class='ocrx_word' id='word_1_137' title='bbox 1439 1380 1463 1409; x_wconf 90' lang='lat' dir='ltr'>a</span> 
     </span>
     <span class='ocr_line' id='line_1_18' title="bbox 65 1435 1126 1498; baseline -0.002 -15"><span class='ocrx_word' id='word_1_138' title='bbox 65 1436 191 1483; x_wconf 73' lang='lat' dir='ltr'>nuilo</span> <span class='ocrx_word' id='word_1_139' title='bbox 213 1452 412 1498; x_wconf 87' lang='lat' dir='ltr'>unquam</span> <span class='ocrx_word' id='word_1_140' title='bbox 434 1436 601 1481; x_wconf 90' lang='lat' dir='ltr'>moveri</span> <span class='ocrx_word' id='word_1_141' title='bbox 621 1445 698 1480; x_wconf 89' lang='lat' dir='ltr'>aut</span> <span class='ocrx_word' id='word_1_142' title='bbox 718 1435 895 1480; x_wconf 88' lang='lat' dir='ltr'>concuti</span> <span class='ocrx_word' id='word_1_143' title='bbox 916 1438 1126 1496; x_wconf 81' lang='lat' dir='ltr'>possent?</span> 
     </span>
    </p>

    <p class='ocr_par' dir='ltr' id='par_1_12' title="bbox 123 1506 1473 1554">
     <span class='ocr_line' id='line_1_19' title="bbox 123 1506 1473 1554; baseline -0.002 -1"><span class='ocrx_word' id='word_1_144' title='bbox 123 1511 156 1554; x_wconf 89' lang='lat' dir='ltr'><strong>F</strong></span> <span class='ocrx_word' id='word_1_145' title='bbox 163 1527 231 1553; x_wconf 82' lang='lat' dir='ltr'>EL.</span> <span class='ocrx_word' id='word_1_146' title='bbox 258 1508 368 1553; x_wconf 84' lang='lat' dir='ltr'>dixit</span> <span class='ocrx_word' id='word_1_147' title='bbox 391 1527 400 1554; x_wconf 73' lang='grc' dir='ltr'>ε</span> <span class='ocrx_word' id='word_1_148' title='bbox 431 1511 546 1552; x_wconf 80' lang='lat' dir='ltr'>«Est</span> <span class='ocrx_word' id='word_1_149' title='bbox 562 1506 767 1552; x_wconf 79' lang='lat' dir='ltr'>distantia</span> <span class='ocrx_word' id='word_1_150' title='bbox 789 1508 902 1551; x_wconf 86' lang='lat' dir='ltr'>inter</span> <span class='ocrx_word' id='word_1_151' title='bbox 920 1508 1086 1553; x_wconf 86' lang='lat' dir='ltr'>moveri</span> <span class='ocrx_word' id='word_1_152' title='bbox 1108 1517 1152 1552; x_wconf 88' lang='lat' dir='ltr'>et</span> <span class='ocrx_word' id='word_1_153' title='bbox 1173 1508 1366 1553; x_wconf 88' lang='lat' dir='ltr'>concuti.</span> <span class='ocrx_word' id='word_1_154' title='bbox 1389 1526 1409 1550; x_wconf 89' lang='lat'>»</span> <span class='ocrx_word' id='word_1_155' title='bbox 1469 1516 1473 1519; x_wconf 87' lang='grc'><strong><em>’</em></strong></span> 
     </span>
    </p>

    <p class='ocr_par' dir='ltr' id='par_1_13' title="bbox 123 1577 987 1637">
     <span class='ocr_line' id='line_1_20' title="bbox 123 1577 987 1637; baseline -0.001 -14"><span class='ocrx_word' id='word_1_156' title='bbox 123 1581 237 1624; x_wconf 64' lang='lat' dir='ltr'>Aua.</span> <span class='ocrx_word' id='word_1_157' title='bbox 264 1578 374 1623; x_wconf 86' lang='lat' dir='ltr'>dixit</span> <span class='ocrx_word' id='word_1_158' title='bbox 400 1597 409 1624; x_wconf 79' lang='lat' dir='ltr'>z</span> <span class='ocrx_word' id='word_1_159' title='bbox 438 1581 536 1624; x_wconf 90' lang='lat' dir='ltr'>Non</span> <span class='ocrx_word' id='word_1_160' title='bbox 561 1577 665 1622; x_wconf 88' lang='lat' dir='ltr'>inde</span> <span class='ocrx_word' id='word_1_161' title='bbox 687 1587 730 1622; x_wconf 89' lang='lat' dir='ltr'>te</span> <span class='ocrx_word' id='word_1_162' title='bbox 749 1578 987 1637; x_wconf 84' lang='lat' dir='ltr'>interrogo.</span> 
     </span>
    </p>

    <p class='ocr_par' dir='ltr' id='par_1_14' title="bbox 119 1648 1084 1695">
     <span class='ocr_line' id='line_1_21' title="bbox 119 1648 1084 1695; baseline -0.005 0"><span class='ocrx_word' id='word_1_163' title='bbox 119 1651 153 1695; x_wconf 83' lang='lat' dir='ltr'><strong>F</strong></span> <span class='ocrx_word' id='word_1_164' title='bbox 159 1667 226 1693; x_wconf 81' lang='lat' dir='ltr'>EL.</span> <span class='ocrx_word' id='word_1_165' title='bbox 250 1649 363 1694; x_wconf 86' lang='lat' dir='ltr'>dixit</span> <span class='ocrx_word' id='word_1_166' title='bbox 386 1669 395 1695; x_wconf 82' lang='lat'>2</span> <span class='ocrx_word' id='word_1_167' title='bbox 426 1668 447 1692; x_wconf 91' lang='lat'>«</span> <span class='ocrx_word' id='word_1_168' title='bbox 471 1649 557 1694; x_wconf 90' lang='lat' dir='ltr'>Sed</span> <span class='ocrx_word' id='word_1_169' title='bbox 579 1648 682 1693; x_wconf 89' lang='lat' dir='ltr'>inde</span> <span class='ocrx_word' id='word_1_170' title='bbox 704 1664 772 1692; x_wconf 83' lang='lat' dir='ltr'>me</span> <span class='ocrx_word' id='word_1_171' title='bbox 794 1650 857 1694; x_wconf 89' lang='lat' dir='ltr'>vis</span> <span class='ocrx_word' id='word_1_172' title='bbox 882 1659 1043 1693; x_wconf 85' lang='lat' dir='ltr'>tenere.</span> <span class='ocrx_word' id='word_1_173' title='bbox 1064 1666 1084 1690; x_wconf 92' lang='lat'>»</span> 
     </span>
    </p>

    <p class='ocr_par' dir='ltr' id='par_1_15' title="bbox 62 1719 1464 1837">
     <span class='ocr_line' id='line_1_22' title="bbox 121 1719 1464 1780; baseline -0.001 -13"><span class='ocrx_word' id='word_1_174' title='bbox 121 1723 236 1767; x_wconf 71' lang='lat' dir='ltr'>Auo.</span> <span class='ocrx_word' id='word_1_175' title='bbox 263 1719 376 1765; x_wconf 85' lang='lat' dir='ltr'>dixit</span> <span class='ocrx_word' id='word_1_176' title='bbox 400 1740 409 1767; x_wconf 74' lang='grc' dir='ltr'><strong><em>ι</em></strong></span> <span class='ocrx_word' id='word_1_177' title='bbox 437 1720 669 1774; x_wconf 87' lang='lat' dir='ltr'>Quomodo</span> <span class='ocrx_word' id='word_1_178' title='bbox 691 1720 771 1776; x_wconf 86' lang='lat' dir='ltr'>vis,</span> <span class='ocrx_word' id='word_1_179' title='bbox 798 1719 944 1780; x_wconf 82' lang='lat' dir='ltr'>accipe</span> <span class='ocrx_word' id='word_1_180' title='bbox 965 1719 1129 1765; x_wconf 87' lang='lat' dir='ltr'>moveri</span> <span class='ocrx_word' id='word_1_181' title='bbox 1153 1738 1162 1764; x_wconf 90' lang='lat'>:</span> <span class='ocrx_word' id='word_1_182' title='bbox 1187 1734 1276 1764; x_wconf 89' lang='lat' dir='ltr'>non</span> <span class='ocrx_word' id='word_1_183' title='bbox 1293 1729 1464 1780; x_wconf 86' lang='lat' dir='ltr'>poterat</span> 
     </span>
     <span class='ocr_line' id='line_1_23' title="bbox 62 1791 261 1837; baseline -0.01 -1"><span class='ocrx_word' id='word_1_184' title='bbox 62 1791 261 1837; x_wconf 87' lang='lat' dir='ltr'>moveri?</span> 
     </span>
    </p>

    <p class='ocr_par' dir='ltr' id='par_1_16' title="bbox 64 1860 1463 1979">
     <span class='ocr_line' id='line_1_24' title="bbox 123 1860 1463 1922; baseline 0.001 -15"><span class='ocrx_word' id='word_1_185' title='bbox 123 1865 230 1907; x_wconf 73' lang='lat' dir='ltr'><strong>FEL.</strong></span> <span class='ocrx_word' id='word_1_186' title='bbox 257 1861 366 1906; x_wconf 80' lang='lat' dir='ltr'>dixit</span> <span class='ocrx_word' id='word_1_187' title='bbox 395 1881 405 1908; x_wconf 72' lang='grc' dir='ltr'>ι</span> <span class='ocrx_word' id='word_1_188' title='bbox 435 1881 456 1906; x_wconf 90' lang='lat'>«</span> <span class='ocrx_word' id='word_1_189' title='bbox 477 1864 576 1908; x_wconf 93' lang='lat' dir='ltr'>Non</span> <span class='ocrx_word' id='word_1_190' title='bbox 597 1860 712 1918; x_wconf 80' lang='lat' dir='ltr'>dico,</span> <span class='ocrx_word' id='word_1_191' title='bbox 738 1861 841 1921; x_wconf 87' lang='lat' dir='ltr'>quia</span> <span class='ocrx_word' id='word_1_192' title='bbox 863 1876 954 1906; x_wconf 90' lang='lat' dir='ltr'>non</span> <span class='ocrx_word' id='word_1_193' title='bbox 977 1870 1148 1922; x_wconf 88' lang='lat' dir='ltr'>poterat</span> <span class='ocrx_word' id='word_1_194' title='bbox 1167 1862 1361 1918; x_wconf 82' lang='lat' dir='ltr'>moveri,</span> <span class='ocrx_word' id='word_1_195' title='bbox 1386 1863 1463 1908; x_wconf 89' lang='lat' dir='ltr'>sed</span> 
     </span>
     <span class='ocr_line' id='line_1_25' title="bbox 64 1933 564 1979; baseline -0.008 0"><span class='ocrx_word' id='word_1_196' title='bbox 64 1934 202 1979; x_wconf 83' lang='lat' dir='ltr'>motio</span> <span class='ocrx_word' id='word_1_197' title='bbox 223 1933 428 1978; x_wconf 85' lang='lat' dir='ltr'>distantia</span> <span class='ocrx_word' id='word_1_198' title='bbox 445 1943 523 1978; x_wconf 86' lang='lat' dir='ltr'>est.</span> <span class='ocrx_word' id='word_1_199' title='bbox 543 1951 564 1975; x_wconf 85' lang='lat'>»</span> 
     </span>
    </p>

    <p class='ocr_par' dir='ltr' id='par_1_17' title="bbox 63 2002 1463 2278">
     <span class='ocr_line' id='line_1_26' title="bbox 121 2002 1463 2059; baseline 0.001 -9"><span class='ocrx_word' id='word_1_200' title='bbox 121 2008 235 2050; x_wconf 65' lang='lat' dir='ltr'>Ana.</span> <span class='ocrx_word' id='word_1_201' title='bbox 261 2004 369 2048; x_wconf 87' lang='lat' dir='ltr'>dixit</span> <span class='ocrx_word' id='word_1_202' title='bbox 391 2023 400 2049; x_wconf 72' lang='grc' dir='ltr'>ε</span> <span class='ocrx_word' id='word_1_203' title='bbox 430 2002 515 2049; x_wconf 91' lang='lat' dir='ltr'>Sed</span> <span class='ocrx_word' id='word_1_204' title='bbox 533 2004 593 2049; x_wconf 87' lang='lat' dir='ltr'>ita</span> <span class='ocrx_word' id='word_1_205' title='bbox 608 2003 721 2059; x_wconf 84' lang='lat' dir='ltr'>dixi,</span> <span class='ocrx_word' id='word_1_206' title='bbox 747 2018 827 2047; x_wconf 89' lang='lat' dir='ltr'>nec</span> <span class='ocrx_word' id='word_1_207' title='bbox 849 2004 1030 2059; x_wconf 83' lang='lat' dir='ltr'>moveri,</span> <span class='ocrx_word' id='word_1_208' title='bbox 1050 2019 1132 2049; x_wconf 90' lang='lat' dir='ltr'>nec</span> <span class='ocrx_word' id='word_1_209' title='bbox 1154 2005 1345 2049; x_wconf 86' lang='lat' dir='ltr'>concuti.</span> <span class='ocrx_word' id='word_1_210' title='bbox 1362 2006 1463 2051; x_wconf 88' lang='lat' dir='ltr'>Non</span> 
     </span>
     <span class='ocr_line' id='line_1_27' title="bbox 63 2074 1463 2136; baseline 0.001 -16"><span class='ocrx_word' id='word_1_211' title='bbox 63 2075 177 2131; x_wconf 83' lang='lat' dir='ltr'>dixi,</span> <span class='ocrx_word' id='word_1_212' title='bbox 199 2076 363 2120; x_wconf 86' lang='lat' dir='ltr'>moveri</span> <span class='ocrx_word' id='word_1_213' title='bbox 383 2074 564 2135; x_wconf 91' lang='lat' dir='ltr'>quidem</span> <span class='ocrx_word' id='word_1_214' title='bbox 592 2084 754 2135; x_wconf 81' lang='lat' dir='ltr'>potest,</span> <span class='ocrx_word' id='word_1_215' title='bbox 783 2074 860 2119; x_wconf 87' lang='lat' dir='ltr'>sed</span> <span class='ocrx_word' id='word_1_216' title='bbox 882 2076 1059 2119; x_wconf 83' lang='lat' dir='ltr'>concuti</span> <span class='ocrx_word' id='word_1_217' title='bbox 1080 2092 1170 2120; x_wconf 87' lang='lat' dir='ltr'>non</span> <span class='ocrx_word' id='word_1_218' title='bbox 1192 2085 1358 2136; x_wconf 79' lang='lat' dir='ltr'>potest3</span> <span class='ocrx_word' id='word_1_219' title='bbox 1387 2086 1463 2121; x_wconf 86' lang='lat' dir='ltr'>aut</span> 
     </span>
     <span class='ocr_line' id='line_1_28' title="bbox 64 2145 1462 2208; baseline -0.001 -15"><span class='ocrx_word' id='word_1_220' title='bbox 64 2147 240 2193; x_wconf 84' lang='lat' dir='ltr'>concuti</span> <span class='ocrx_word' id='word_1_221' title='bbox 255 2145 432 2208; x_wconf 92' lang='lat' dir='ltr'>quidem</span> <span class='ocrx_word' id='word_1_222' title='bbox 450 2155 594 2206; x_wconf 89' lang='lat' dir='ltr'>potest</span> <span class='ocrx_word' id='word_1_223' title='bbox 609 2182 620 2202; x_wconf 80' lang='lat'>,</span> <span class='ocrx_word' id='word_1_224' title='bbox 644 2146 809 2191; x_wconf 85' lang='lat' dir='ltr'>moveri</span> <span class='ocrx_word' id='word_1_225' title='bbox 825 2163 913 2192; x_wconf 89' lang='lat' dir='ltr'>non</span> <span class='ocrx_word' id='word_1_226' title='bbox 929 2157 1073 2207; x_wconf 81' lang='lat' dir='ltr'>potest</span> <span class='ocrx_word' id='word_1_227' title='bbox 1095 2167 1104 2194; x_wconf 88' lang='lat'>:</span> <span class='ocrx_word' id='word_1_228' title='bbox 1129 2147 1206 2192; x_wconf 88' lang='lat' dir='ltr'>sed</span> <span class='ocrx_word' id='word_1_229' title='bbox 1228 2147 1378 2193; x_wconf 86' lang='lat' dir='ltr'>ambas</span> <span class='ocrx_word' id='word_1_230' title='bbox 1396 2163 1462 2193; x_wconf 85' lang='lat' dir='ltr'>res</span> 
     </span>
     <span class='ocr_line' id='line_1_29' title="bbox 65 2218 1082 2278; baseline -0.002 -14"><span class='ocrx_word' id='word_1_231' title='bbox 65 2219 180 2273; x_wconf 87' lang='lat' dir='ltr'>dixi,</span> <span class='ocrx_word' id='word_1_232' title='bbox 205 2234 295 2263; x_wconf 92' lang='lat' dir='ltr'>non</span> <span class='ocrx_word' id='word_1_233' title='bbox 317 2233 441 2278; x_wconf 87' lang='lat' dir='ltr'>posse</span> <span class='ocrx_word' id='word_1_234' title='bbox 463 2233 543 2261; x_wconf 91' lang='lat' dir='ltr'>nec</span> <span class='ocrx_word' id='word_1_235' title='bbox 565 2218 758 2274; x_wconf 82' lang='lat' dir='ltr'>moveri,</span> <span class='ocrx_word' id='word_1_236' title='bbox 784 2234 865 2263; x_wconf 88' lang='lat' dir='ltr'>nec</span> <span class='ocrx_word' id='word_1_237' title='bbox 889 2219 1082 2263; x_wconf 85' lang='lat' dir='ltr'>concuti.</span> 
     </span>
    </p>

    <p class='ocr_par' dir='ltr' id='par_1_18' title="bbox 64 2287 1462 2406">
     <span class='ocr_line' id='line_1_30' title="bbox 123 2287 1462 2336; baseline 0.002 -3"><span class='ocrx_word' id='word_1_238' title='bbox 123 2291 229 2333; x_wconf 63' lang='lat' dir='ltr'>Fu.</span> <span class='ocrx_word' id='word_1_239' title='bbox 256 2287 364 2332; x_wconf 85' lang='lat' dir='ltr'>dixit</span> <span class='ocrx_word' id='word_1_240' title='bbox 382 2307 392 2333; x_wconf 76' lang='grc' dir='ltr'><strong><em>ι</em></strong></span> <span class='ocrx_word' id='word_1_241' title='bbox 420 2307 440 2330; x_wconf 91' lang='lat'>«</span> <span class='ocrx_word' id='word_1_242' title='bbox 459 2291 521 2333; x_wconf 90' lang='lat' dir='ltr'>De</span> <span class='ocrx_word' id='word_1_243' title='bbox 543 2288 756 2333; x_wconf 81' lang='lat' dir='ltr'>ambabus</span> <span class='ocrx_word' id='word_1_244' title='bbox 773 2289 904 2334; x_wconf 83' lang='lat' dir='ltr'>rebus</span> <span class='ocrx_word' id='word_1_245' title='bbox 923 2289 1127 2334; x_wconf 86' lang='lat' dir='ltr'>distantia</span> <span class='ocrx_word' id='word_1_246' title='bbox 1150 2298 1214 2334; x_wconf 83' lang='lat' dir='ltr'>est</span> <span class='ocrx_word' id='word_1_247' title='bbox 1234 2289 1352 2336; x_wconf 84' lang='lat' dir='ltr'>inter</span> <span class='ocrx_word' id='word_1_248' title='bbox 1367 2304 1462 2336; x_wconf 90' lang='lat' dir='ltr'>mo-</span> 
     </span>
     <span class='ocr_line' id='line_1_31' title="bbox 64 2359 477 2406; baseline -0.012 0"><span class='ocrx_word' id='word_1_249' title='bbox 64 2360 156 2406; x_wconf 87' lang='lat' dir='ltr'>veri</span> <span class='ocrx_word' id='word_1_250' title='bbox 173 2370 217 2404; x_wconf 90' lang='lat' dir='ltr'>et</span> <span class='ocrx_word' id='word_1_251' title='bbox 237 2359 432 2405; x_wconf 89' lang='lat' dir='ltr'>concuti.</span> <span class='ocrx_word' id='word_1_252' title='bbox 458 2378 477 2402; x_wconf 88' lang='lat'>»</span> 
     </span>
    </p>

    <p class='ocr_par' dir='ltr' id='par_1_19' title="bbox 65 2430 1462 2635">
     <span class='ocr_line' id='line_1_32' title="bbox 123 2430 1462 2492; baseline 0 -16"><span class='ocrx_word' id='word_1_253' title='bbox 123 2434 246 2476; x_wconf 84' lang='lat' dir='ltr'>XIX.</span> <span class='ocrx_word' id='word_1_254' title='bbox 264 2435 380 2477; x_wconf 69' lang='lat' dir='ltr'>Auo.</span> <span class='ocrx_word' id='word_1_255' title='bbox 405 2430 512 2476; x_wconf 87' lang='lat' dir='ltr'>dixit</span> <span class='ocrx_word' id='word_1_256' title='bbox 535 2450 544 2476; x_wconf 79' lang='lat'><em>2</em></span> <span class='ocrx_word' id='word_1_257' title='bbox 564 2433 780 2490; x_wconf 81' lang='lat' dir='ltr'>Legamus</span> <span class='ocrx_word' id='word_1_258' title='bbox 799 2447 903 2491; x_wconf 84' lang='lat' dir='ltr'>ergo</span> <span class='ocrx_word' id='word_1_259' title='bbox 924 2432 1166 2492; x_wconf 86' lang='lat' dir='ltr'>sequentia,</span> <span class='ocrx_word' id='word_1_260' title='bbox 1190 2432 1415 2477; x_wconf 86' lang='lat' dir='ltr'>videamus</span> <span class='ocrx_word' id='word_1_261' title='bbox 1427 2434 1462 2478; x_wconf 89' lang='lat' dir='ltr'>si</span> 
     </span>
     <span class='ocr_line' id='line_1_33' title="bbox 65 2501 1459 2562; baseline 0.001 -15"><span class='ocrx_word' id='word_1_262' title='bbox 65 2502 267 2547; x_wconf 87' lang='lat' dir='ltr'>Deusiste</span> <span class='ocrx_word' id='word_1_263' title='bbox 274 2502 351 2562; x_wconf 90' lang='lat' dir='ltr'>qui</span> <span class='ocrx_word' id='word_1_264' title='bbox 358 2501 540 2546; x_wconf 78' lang='lat' dir='ltr'>fundata</span> <span class='ocrx_word' id='word_1_265' title='bbox 553 2502 742 2547; x_wconf 80' lang='lat' dir='ltr'>habebat</span> <span class='ocrx_word' id='word_1_266' title='bbox 754 2518 886 2562; x_wconf 82' lang='lat' dir='ltr'>regna</span> <span class='ocrx_word' id='word_1_267' title='bbox 895 2502 1223 2562; x_wconf 85' lang='lat' dir='ltr'>superlucidam</span> <span class='ocrx_word' id='word_1_268' title='bbox 1232 2513 1275 2548; x_wconf 90' lang='lat' dir='ltr'>et</span> <span class='ocrx_word' id='word_1_269' title='bbox 1284 2503 1459 2548; x_wconf 82' lang='lat' dir='ltr'>beatam</span> 
     </span>
     <span class='ocr_line' id='line_1_34' title="bbox 67 2573 1453 2635; baseline 0.002 -18"><span class='ocrx_word' id='word_1_270' title='bbox 67 2583 250 2631; x_wconf 81' lang='lat' dir='ltr'>terram,</span> <span class='ocrx_word' id='word_1_271' title='bbox 275 2590 375 2634; x_wconf 83' lang='lat' dir='ltr'>quae</span> <span class='ocrx_word' id='word_1_272' title='bbox 399 2591 422 2620; x_wconf 82' lang='lat' dir='ltr'>a</span> <span class='ocrx_word' id='word_1_273' title='bbox 445 2573 570 2620; x_wconf 85' lang='lat' dir='ltr'>nullo</span> <span class='ocrx_word' id='word_1_274' title='bbox 588 2590 785 2635; x_wconf 86' lang='lat' dir='ltr'>unquam</span> <span class='ocrx_word' id='word_1_275' title='bbox 806 2576 971 2622; x_wconf 86' lang='lat' dir='ltr'>moveri</span> <span class='ocrx_word' id='word_1_276' title='bbox 994 2585 1038 2621; x_wconf 86' lang='lat' dir='ltr'>et</span> <span class='ocrx_word' id='word_1_277' title='bbox 1060 2576 1235 2622; x_wconf 86' lang='lat' dir='ltr'>concuti</span> <span class='ocrx_word' id='word_1_278' title='bbox 1255 2584 1453 2635; x_wconf 60' lang='lat' dir='ltr'>possunt„</span> 
     </span>
    </p>
   </div>
  </div>
 </body>
</html>
