1803 3250
290 194 344 221 οε
376 191 491 223 Αετιε
521 196 612 222 cum
643 194 791 223 FELtcE
824 192 1072 233 MAivicuAEo,
1107 197 1187 222 mn.
1225 199 1254 223 1.
1382 189 1466 226 *209

87 279 106 302 »
132 258 275 303 factus
295 274 391 303 sum
413 260 494 314 vir,
513 260 719 304 evacuavi
732 274 779 302 ea
796 275 894 319 quae
917 260 1086 318 parvuli
1103 271 1238 304 erant.
1263 263 1470 308 Videmus

84 347 106 372 »
132 331 248 374 enim
271 347 389 376 nunc
413 347 489 390 per
511 331 735 391 speculum
759 331 803 374 in
827 332 1082 390 aenigmate,
1107 341 1213 376 tunc
1232 344 1374 380 autem
1402 335 1470 380 fa-

82 418 104 443 »
131 402 195 446 cie
214 402 269 446 ad
291 402 493 447 faciem&
515 420 535 443 »
572 405 628 446 Et
649 416 749 445 cum
781 400 964 458 legeret,
991 402 1097 445 dixit
1118 423 1127 447 ι
1151 406 1247 448 Jam
1275 403 1338 450 dic
1363 406 1471 451 mihi

81 479 146 526 tu,
177 472 212 517 si
235 481 431 532 tempora
467 471 614 515 futura
648 471 881 516 Manichaei
910 473 1176 531 praedicebat
1207 477 1466 533 Apostolus,

80 553 224 586 utrum
247 552 297 588 tu
320 542 463 587 videas
487 542 616 588 modo
641 545 776 587 Deum
796 542 908 587 facie
927 543 1172 588 adfaciem.

136 616 240 659 Xtt.
274 617 380 659 FEL.
420 614 528 659 dixit
555 634 564 659 :
606 634 626 657 «
646 617 744 660 Non
783 623 955 659 tantum
989 631 1070 674 ego
1110 630 1284 675 possum
1319 629 1465 664 contra

77 693 198 729 tuam
222 685 450 740 virtutem,
484 686 585 746 quia
612 686 721 729 mira
744 686 880 730 virtus
909 696 972 730 est
999 687 1156 744 gradus
1189 687 1463 746 episcopalis·,

77 755 237 800 deinde
260 766 411 801 contra
431 756 545 815 leges
564 759 881 816 Imperatorum
902 777 910 801 2
933 767 975 800 et
990 758 1186 816 superius
1206 759 1336 816 petivi
1353 774 1470 804 com-

76 826 281 887 pendive‚
320 838 370 873 ut
403 829 558 873 doceas
590 844 659 873 me
691 829 798 888 quid
833 838 895 873 est
929 830 1117 874 veritas:
1140 840 1183 873 et
1210 830 1243 873 si
1277 831 1473 877 docueris

77 912 148 942 me
169 897 277 959 quid
296 908 360 943 est
374 900 547 955 veritas,
568 900 734 959 patebit
755 900 874 960 quod
893 910 1019 944 teneo
1038 901 1315 945 mendacium
1340 918 1472 947 esse.»

137 972 250 1014 Auo.
287 970 395 1014 dixit
423 990 432 1015 2
459 971 675 1030 Apparuit
695 980 735 1015 te
758 972 943 1029 probare
966 988 1054 1016 non
1074 972 1267 1032 potuisse
1290 976 1473 1032 Aposto-

76 1039 168 1084 lum
191 1040 351 1085 Christi
375 1056 464 1085 esse
485 1042 778 1086 Manichaeum
801 1062 810 1086 :
837 1059 972 1102 qnare
995 1053 1141 1086 autem
1161 1060 1246 1087 non
1266 1047 1470 1103 potueris,

76 1111 267 1156 breviter
286 1127 471 1171 expono.
497 1112 649 1156 Dixisti
672 1112 774 1156 inde
793 1123 835 1156 te
858 1115 1043 1172 probare
1065 1116 1357 1159 Manichaeum
1391 1133 1474 1161 esse

76 1182 334 1242 Apostolum
363 1183 547 1237 Christi,
573 1184 675 1242 quia
706 1183 973 1228 Paracletum
1011 1194 1245 1228 venturum
1279 1187 1473 1245 promisit

74 1254 272 1299 Christus
289 1254 495 1314 Spiritum
514 1263 712 1298 sanctum
734 1272 743 1298 2
765 1263 809 1298 et
830 1255 931 1314 quia
951 1271 1039 1299 non
1058 1255 1274 1300 invenires
1293 1258 1471 1316 quando

75 1325 388 1385 veneritquem
403 1325 601 1370 Christus
619 1325 830 1383 promisit,
852 1325 955 1369 hinc
976 1335 1014 1368 te
1035 1326 1212 1369 credere
1229 1327 1368 1385 ipsum
1387 1344 1473 1371 esse

75 1396 387 1440 Manichaeum.
414 1400 472 1441 At
493 1411 596 1439 vcro
617 1395 693 1439 ubi
712 1396 894 1455 probavi
916 1412 991 1455 per
1017 1397 1259 1456 Scripturas
1285 1408 1467 1451 sanctas,

76 1467 400 1523 ecclesiasticas,
426 1469 672 1521 canonicas,
694 1467 873 1527 quando
891 1470 1057 1512 venerit
1086 1470 1353 1528 apertissime
1377 1470 1473 1527 Spi-

75 1539 184 1583 ritus
199 1548 389 1593 sanctus,
413 1555 543 1598 quem
560 1549 792 1583 venturum
816 1540 1009 1598 promisit
1034 1540 1240 1584 Dominus
1258 1541 1474 1597 Christus,

77 1610 328 1655 convertisti
358 1619 425 1665 te,
451 1619 500 1653 ut
519 1610 684 1654 diceres
707 1610 867 1653 debere
891 1612 968 1654 tibi
993 1611 1163 1654 ostendi
1188 1612 1295 1671 quid
1313 1612 1471 1656 docue-

76 1681 133 1726 rit
149 1716 160 1734 ,
183 1690 227 1726 et
247 1691 397 1725 utrum
415 1682 646 1726 Manichaei
670 1681 910 1726 doctrinam
930 1683 1217 1726 evacuaverit.
1241 1686 1351 1728 Cum
1368 1699 1469 1741 ergo

76 1752 393 1813 respondissem
417 1753 708 1797 Manichaeum
735 1763 830 1812 post
855 1753 1083 1810 Apostolos
1104 1752 1234 1796 fuisse
1250 1755 1293 1797 in
1312 1770 1467 1810 carne,

76 1821 252 1867 illorum
280 1832 425 1867 autem
448 1822 720 1876 doctrinam,
758 1831 995 1881 antequam
1034 1824 1304 1867 Manichaeus
1340 1834 1466 1868 natus

76 1904 187 1940 esset
204 1930 216 1950 ,
241 1895 297 1939 ab
320 1895 420 1954 ipsis
443 1894 572 1938 fuisse
595 1894 874 1953 praedicatam
902 1912 912 1938 2
937 1894 1023 1937 dixi
1057 1904 1202 1937 tamen
1241 1910 1374 1937 unum
1401 1896 1470 1953 ip-

77 1981 223 2011 sorum
238 1965 547 2025 Apostolorum
569 1964 752 2009 Paulum
773 1980 849 2024 pei·
866 1964 1071 2022 Spiritum
1096 1975 1311 2019 sanctum,
1333 1966 1408 2024 qui
1427 1966 1473 2009 in

78 2053 229 2083 omnes
252 2036 482 2097 Apostolos
503 2047 696 2091 venerat,
721 2037 1001 2096 prophetasse
1019 2037 1148 2080 etiam
1167 2037 1221 2081 de
1236 2038 1313 2081 ista
1331 2047 1471 2082 vestra

78 2109 277 2154 doctrina
293 2144 304 2164 ,
329 2109 432 2169 quia
455 2107 603 2153 futura
626 2117 732 2163 erat,
764 2117 806 2152 et
826 2123 930 2152 eam
960 2108 1196 2167 appellasse
1226 2109 1467 2153 doctrinam

78 2179 398 2225 daemoniorum
411 2178 847 2239 mendaciloquorum
861 2200 872 2237 3
890 2180 962 2223 ubi
978 2180 1146 2224 ostendi
1163 2196 1227 2234 ea,
1249 2194 1349 2238 quae
1362 2179 1468 2223 dixit

78 2252 240 2296 Paulus
261 2252 410 2295 futura
429 2252 476 2293 in
496 2252 586 2308 ipsa
607 2251 806 2295 doctrina
825 2286 835 2306 ,
862 2251 917 2295 ad
946 2260 1133 2295 vestram
1155 2250 1468 2308 professionem

79 2322 314 2384 pertinere,
338 2320 385 2365 id
405 2330 490 2376 est,
518 2319 857 2379 prohibitionem
874 2320 1149 2379 nuptiarum,
1169 2323 1271 2381 quia
1293 2338 1468 2367 omnem

79 2394 383 2447 concubitum,
410 2402 573 2437 etcum
605 2407 762 2447 uxore,
797 2392 1129 2437 fornicationem
1167 2409 1257 2438 esse
1294 2394 1467 2439 dicitis:

78 2476 123 2512 et
143 2465 453 2512 abstinentiam
474 2481 497 2509 a
514 2463 621 2510 cibis
642 2480 753 2524 quos
783 2467 894 2508 Deus
916 2465 1103 2521 creavit3
1135 2465 1236 2523 quia
1259 2469 1358 2512 novi
1394 2483 1469 2511 vos

132 2558 138 2574 ¹
166 2562 177 2583 1
198 2554 270 2585 Cor.
291 2562 361 2588 xm.
382 2551 415 2583 8.

219 2615 408 2647 cxxxvi.
1246 2609 1287 2646 Μ,
