1803 3250
619 203 671 229 ΒΕ
704 200 874 229 NATURA
908 204 1020 230 nom.
1430 196 1511 234 253

127 267 231 311 Haec
253 267 334 311 tria
355 267 432 310 ubi
463 282 618 327 magna
642 275 766 321 sunt,
805 282 959 325 magna
985 268 1098 312 bona
1123 277 1253 313 sunt:
1282 269 1355 313 ubi
1381 285 1512 331 parva

126 346 249 392 sunt,
286 353 417 397 parva
453 338 568 383 bona
596 347 725 382 sunt:
752 337 829 381 ubi
849 338 968 382 nulla
991 349 1112 394 sunt,
1148 339 1318 387 nullum
1346 340 1512 386 bonum

126 416 203 451 est.
232 410 287 452 Et
317 424 462 452 rursus
491 409 566 452 ubi
596 409 688 452 haec
718 408 799 452 tria
822 423 976 466 magna
1002 419 1119 465 sunt,
1156 425 1323 469 magnae
1345 422 1513 457 naturae

125 488 253 524 sunt:
276 479 353 524 ubi
374 495 503 539 parva
526 489 642 534 sunt,
664 495 807 539 parvae
825 488 993 523 naturae
1010 491 1136 526 sunt:
1161 482 1235 526 ubi
1255 483 1374 528 nulla
1392 493 1510 539 sunt,

124 549 245 594 nulla
259 560 413 594 natura
428 559 505 594 est.
521 551 672 594 Omnis
690 565 792 609 ergo
807 560 961 595 natura
977 552 1092 596 bona
1110 561 1187 597 est.

184 623 259 666 IV.
296 621 483 665 Proinde
500 636 598 666 cum
616 621 841 682 quaeritur,
860 621 977 666 unde
995 622 1049 666 sit
1067 623 1247 679 malum,
1265 624 1382 683 prius
1396 642 1514 686 quae-

125 691 310 736 rendum
332 701 396 737 est
418 691 526 752 quid
543 692 596 736 sit
618 692 782 752 malum
806 712 813 737 :
839 691 960 753 quod
993 693 1103 737 nihil
1135 693 1255 738 aliud
1288 704 1350 739 est
1381 713 1512 756 quam

123 763 370 822 corruptio,
404 763 473 808 vel
507 763 624 808 modi
658 763 727 808 vel
761 764 940 823 speciei,
974 763 1044 808 vel
1075 763 1239 809 ordinis
1273 766 1511 812 naturalis:

124 833 238 879 Mala
258 834 406 894 itaque
428 844 582 879 natura
607 834 782 890 dicitur,
801 851 900 895 quae
923 845 1124 894 corrupta
1142 845 1205 880 est
1225 855 1233 879 t
1254 852 1355 880 nam
1375 837 1515 883 incor-

124 915 252 965 rupta
264 907 416 968 utique
428 906 543 951 bona
557 915 633 950 θεῖ.
653 905 735 951 Sed
750 907 877 951 etiam
891 907 982 966 ipsa
1000 916 1220 966 corrupta,
1239 907 1284 951 in
1299 918 1512 968 quantum

122 985 277 1021 natura
292 985 370 1032 est,
390 977 504 1022 bona
519 987 605 1034 est,
627 977 666 1020 in
683 985 898 1037 quantum
913 985 1118 1036 corrupta
1132 986 1210 1033 est,
1230 977 1343 1023 mala
1359 989 1438 1023 θεῖ.

180 1049 234 1092 V.
271 1048 384 1092 Fieri
405 1057 549 1094 autem
572 1056 729 1107 potest,
761 1057 810 1092 ut
842 1049 1044 1108 quaedam
1068 1056 1224 1093 natura
1252 1065 1351 1107 quae
1381 1050 1514 1095 modo

121 1126 165 1162 et
185 1118 326 1177 specie
344 1118 528 1162 naturali
547 1116 826 1162 excellentius
843 1117 1041 1162 ordinata
1061 1127 1138 1173 θεῖ,
1158 1118 1287 1162 etiam
1307 1130 1513 1180 corrupta

120 1187 273 1232 melior
293 1188 347 1233 sit
367 1187 510 1233 adhuc
532 1203 664 1248 quam
683 1197 746 1232 θεῖ
770 1189 1021 1247 incorrupta
1045 1187 1195 1244 altera,
1222 1205 1322 1249 quae
1345 1191 1513 1235 minore

124 1258 255 1303 modo
277 1268 319 1303 et
340 1259 482 1319 specie
503 1258 689 1303 naturali
706 1258 884 1303 inferius
902 1259 1098 1304 ordinata
1116 1268 1178 1303 θεῖ
1198 1279 1206 1304 :
1230 1260 1341 1304 sicut
1363 1260 1409 1304 in
1430 1262 1512 1306 ho-

120 1329 288 1374 minum
302 1330 601 1385 aestimatione,
619 1329 862 1374 secundum
879 1330 1132 1390 qualitatem
1150 1346 1249 1391 quae
1267 1331 1513 1390 aspectibus

121 1399 303 1461 adjacet,
323 1401 476 1445 melius
496 1411 559 1446 est
577 1402 730 1461 utique
746 1411 1002 1461 corruptum
1022 1417 1192 1457 aurum,
1212 1417 1345 1463 quam
1367 1404 1512 1448 incor-

120 1481 299 1531 ruptum
332 1482 582 1531 argentum,
617 1481 660 1516 et
692 1472 844 1517 melius
877 1481 940 1516 θεῖ
972 1482 1230 1533 corruptum
1264 1482 1509 1532 argentum,

118 1559 250 1603 quam
273 1543 505 1603 plumbum
531 1544 850 1602 incorruptum.
880 1544 946 1588 Sic
969 1554 1012 1588 et
1034 1544 1080 1588 in
1101 1545 1266 1588 naturis
1288 1545 1512 1604 potentio-

120 1614 238 1658 ribus
268 1624 399 1674 atque
435 1614 699 1674 spiritalibus
733 1614 886 1659 melior
917 1624 980 1659 est
1009 1614 1139 1659 etiam
1171 1625 1402 1674 corruptus
1437 1631 1512 1675 per

121 1684 278 1729 malam
310 1684 582 1731 voluntatem
616 1686 790 1745 spiritus
821 1685 1054 1740 rationalis,
1088 1701 1219 1746 quam
1252 1686 1512 1732 irrationalis

119 1757 398 1817 incorruptus
418 1777 426 1802 :
450 1767 493 1801 et
515 1757 668 1802 melior
690 1767 753 1802 θεῖ
779 1757 964 1818 quilibet
987 1758 1161 1817 spiritus
1183 1759 1312 1803 etiam
1332 1774 1512 1818 corrup-

120 1837 205 1884 tus,
227 1844 361 1889 quam
382 1844 538 1889 corpus
554 1828 786 1888 quodlibet
802 1829 1121 1888 incorruptum.
1140 1828 1296 1873 Melius
1314 1839 1376 1873 est
1395 1831 1511 1874 enim

119 1910 291 1956 natura,
328 1917 428 1962 quae
462 1916 562 1945 cum
595 1909 752 1961 praesto
784 1910 847 1945 θεῖ
875 1901 1062 1960 corpori,
1094 1901 1260 1960 praebet
1289 1902 1327 1944 ei
1357 1901 1507 1956 vitam,

120 1988 252 2033 quam
267 1972 341 2017 illa
358 1973 425 2017 cui
445 1974 530 2017 vita
550 1972 785 2032 praebetur.
809 1972 1144 2026 Quantumlibet
1161 1982 1305 2017 autem
1327 1989 1510 2033 corrup-

120 2052 189 2088 tus
212 2044 267 2088 sit
287 2044 459 2104 spiritus
482 2044 579 2088 vitae
601 2044 676 2104 qui
700 2042 839 2087 factus
864 2052 942 2098 est,
969 2043 1101 2087 vitam
1123 2044 1317 2103 praebere
1339 2045 1512 2103 corpori

120 2123 289 2174 potest:
325 2131 374 2160 ac
407 2131 484 2175 per
515 2115 598 2160 hoc
631 2114 783 2160 melior
814 2114 890 2160 illo
913 2123 991 2170 θεῖ,
1017 2115 1214 2175 quamvis
1235 2115 1507 2175 incorrupto,

121 2195 368 2246 corruptus.

179 2259 254 2301 VI.
289 2258 523 2317 Corruptio
549 2266 695 2301 autem
725 2257 758 2300 si
787 2271 963 2301 omnem
991 2257 1188 2312 modum,
1218 2272 1392 2302 omnem
1410 2271 1510 2318 spe-

120 2328 229 2373 ciem
247 2365 257 2383 ,
309 2344 483 2374 omnem
519 2329 716 2373 ordinem
752 2330 882 2373 rebus
915 2328 1273 2388 corruptibilibus
1312 2329 1507 2386 auferat,

120 2398 240 2444 nulla
277 2410 432 2445 natura
471 2400 726 2443 remanebit.
764 2403 825 2444 Ac
852 2415 930 2460 per
961 2400 1045 2444 hoc
1067 2399 1206 2445 omnis
1228 2410 1384 2446 natura
1412 2417 1512 2462 quae

120 2472 340 2531 corrumpi
358 2487 445 2515 non
464 2479 621 2531 potest,
641 2486 861 2515 summum
883 2471 1050 2515 bonum
1073 2480 1152 2526 est,
1168 2471 1279 2517 sicut
1297 2475 1411 2517 Deus
1428 2481 1506 2517 est.

122 2540 273 2589 Omnis
291 2552 438 2589 autem
457 2551 612 2588 natura
633 2558 734 2603 quae
752 2543 973 2603 corrumpi
995 2550 1153 2603 potest,
1179 2544 1308 2590 etiam
1324 2544 1415 2605 ipsa
1436 2542 1511 2589 ali-
