1803 3250
467 186 631 217 coru-na
663 186 879 226 Faus'rmvr,
914 187 997 215 Lm.
1033 188 1144 215 xxn.
1445 180 1498 217 87

115 255 161 300 in
190 252 394 315 praesenti
421 263 567 299 autem
599 252 673 297 illa
705 252 860 311 injuria
888 267 977 296 non
999 253 1138 298 inulta
1160 252 1495 314 relinqueretur,

113 339 246 386 quam
267 322 336 368 vel
357 323 547 384 praebuit
566 321 737 367 ferienti
757 321 935 366 alteram
958 333 1146 381 partem,
1172 332 1247 367 aut
1270 332 1317 367 ut
1337 323 1496 368 iterum

113 393 260 439 feriret
281 392 522 439 admonuit.
550 392 744 437 Tenebat
767 401 882 436 certe
903 392 1084 436 interius
1104 392 1348 438 dilectionis
1370 394 1506 440 affec-

116 475 227 521 tum,
259 475 303 510 et
331 465 516 509 exterius
538 463 786 524 requirebat
808 463 1087 508 correctionis
1108 465 1373 523 exemplum.
1409 467 1506 512 Sive

114 537 198 581 hoc
224 550 379 582 verum
409 534 479 590 sit,
513 534 602 579 sive
634 534 888 589 confictum,
925 549 1004 578 cur
1030 533 1189 578 nolunt
1219 532 1396 580 credere
1432 535 1509 581 tali

114 608 261 663 animo
274 604 490 651 famulum
508 605 585 650 Dei
598 607 781 663 Moysen
793 604 899 650 idoli
914 603 1195 650 fabricatores
1206 614 1250 649 et
1262 603 1510 652 adoratores

114 676 262 738 gladio
274 677 576 737 prostravisse,
597 691 698 721 cum
711 685 755 721 et
771 676 816 720 in
826 677 918 737 ejus
936 676 1079 721 verbis
1100 676 1202 721 satis
1218 687 1437 736 appareat,
1452 679 1512 723 ita

97 745 365 809 'hujusmodi
387 756 566 807 peccato
588 763 688 791 eum
708 748 882 792 veniam
906 745 1206 807 deprecatum,
1238 756 1288 792 ut
1321 747 1401 792 nisi
1431 748 1514 792 im-

111 827 317 878 petraret,
333 815 469 862 deleri
486 832 530 862 se
548 816 679 863 vellet
694 817 749 862 de
763 817 878 863 libro
892 817 999 863 Dei?
1015 821 1072 863 Et
1088 816 1200 878 quid
1215 817 1368 872 simile,
1388 818 1510 877 igno-

110 897 181 933 tus
211 888 344 932 homo
369 886 514 947 palma
544 903 790 947 percussus,
815 897 858 933 et
880 891 995 933 Deus
1019 904 1073 932 ex
1094 888 1276 948 AEgypti
1301 889 1510 934 servitute

109 959 300 1003 liberans
317 972 394 1018 per
413 956 602 1002 divisum
624 973 742 1003 mare
765 958 995 1019 trajiciens,
1021 960 1230 1004 fluctibus
1253 975 1511 1020 persequen-

112 1042 175 1078 tes
199 1032 396 1077 inimicos
418 1032 640 1091 operiens,
664 1032 784 1077 idolo
811 1033 894 1077 sibi
915 1032 1098 1092 praelato
1121 1033 1355 1078 derelictus
1375 1042 1509 1094 atque

110 1103 416 1162 contemptus?
439 1102 483 1147 Si
501 1112 647 1146 autem
666 1118 817 1161 poenas
837 1103 949 1162 ipsas
971 1118 1296 1162 comparemus,
1323 1103 1433 1163 quid
1448 1105 1507 1148 si-

109 1173 213 1219 mile
227 1172 345 1218 ferro
358 1172 564 1229 interimi,
585 1182 630 1216 et
646 1188 669 1216 a
687 1171 787 1216 feris
804 1172 1014 1217 trucidari
1031 1182 1163 1233 atque
1181 1173 1360 1217 laniari?
1372 1189 1509 1234 quan-

108 1243 349 1305 doquidem
367 1243 536 1304 judices
552 1242 739 1303 publicis
765 1243 938 1302 legibus
960 1244 1208 1299 servientes,
1236 1245 1408 1304 majoris
1428 1246 1509 1289 cri·

113 1315 243 1360 minis
265 1330 361 1360 reos
385 1314 530 1359 bestiis
552 1314 740 1374 subrigi,
765 1329 898 1374 quam
916 1314 1062 1373 gladio
1084 1314 1254 1374 percuti
1270 1315 1445 1374 jubent.

167 1387 346 1430 LXXX.
383 1388 532 1430 Restat
549 1384 595 1429 in
613 1383 834 1429 maledicis
859 1398 903 1428 et
919 1384 1135 1444 sacrilegis
1160 1384 1505 1444 reprehensioni-

109 1456 192 1501 bus
205 1456 371 1512 Fausti,
384 1456 544 1516 quibus
559 1471 679 1500 nunc
697 1453 954 1515 respondeo,
970 1455 1092 1516 quod
1103 1454 1277 1500 locutus
1294 1455 1507 1500 Dominus

109 1525 167 1571 ad
200 1527 310 1570 Osee
341 1527 601 1586 prophetam
631 1525 767 1571 dixit:
795 1525 995 1586 «Accipe
1018 1525 1098 1570 tibi
1121 1541 1299 1571 uxorem
1318 1525 1505 1571 fornica-

110 1615 131 1639 »
165 1596 296 1652 riam,
323 1606 367 1641 et
383 1595 453 1641 fac
475 1596 586 1641 filios
607 1596 662 1641 de
678 1595 952 1641 fornicaria1.
974 1615 995 1638 »
1017 1600 1070 1641 In
1083 1613 1171 1657 qua
1190 1597 1413 1657 Scriptura
1442 1597 1502 1643 sic

108 1676 373 1713 excaecatum
394 1676 458 1712 est
480 1666 758 1712 immundum
783 1682 858 1712 cor
879 1683 1049 1724 eorum,
1067 1677 1118 1712 ut
1138 1683 1219 1712 nec
1236 1668 1503 1728 apertissima

103 1737 239 1784 verba
264 1737 513 1797 evangelica
539 1738 789 1798 intelligant
813 1737 987 1782 Domini
1008 1737 1191 1783 dicentis
1212 1739 1270 1783 ad
1290 1741 1315 1783 J
1319 1738 1466 1783 udaeos
1487 1758 1498 1784 ι

105 1828 128 1853 «
159 1809 408 1855 Meretrices
431 1819 474 1854 et
495 1809 718 1869 publicani
746 1809 999 1869 praecedent
1027 1825 1103 1855 vos
1130 1811 1177 1854 in
1205 1825 1341 1869 regno
1362 1809 1501 1855 coelo-

107 1897 128 1922 »
163 1894 259 1924 rum
271 1882 303 1924 ².
327 1897 348 1922 »
371 1879 489 1933 Quid
511 1880 627 1924 enim
648 1879 879 1925 adversum
901 1879 1146 1925 clementiae
1163 1881 1370 1936 veritatis,
1392 1880 1501 1941 quid

104 1949 330 1995 inimicum
348 1950 451 1995 fidei
461 1951 722 2007 christianae,
743 1952 778 1996 si
794 1951 1014 2009 meretrix,
1035 1951 1183 1997 relicta
1195 1951 1498 2007 fornicatione,

102 2021 148 2066 in
183 2029 352 2066 castum
383 2023 635 2083 conjugium
670 2025 1000 2068 commutetur?
1022 2025 1079 2068 Et
1102 2024 1211 2084 quid
1228 2033 1316 2067 tam
1343 2023 1497 2068 incon-

102 2106 263 2151 gruum
284 2101 328 2137 et
349 2092 542 2137 alienum
565 2109 590 2137 a
610 2092 697 2137 fide
713 2095 959 2153 Prophetae,
983 2109 1116 2154 quam
1133 2094 1166 2137 si
1188 2109 1278 2138 non
1299 2092 1495 2138 crederet
1554 2148 1559 2153 .

101 2162 246 2206 omnia
265 2172 440 2222 peccata
473 2162 706 2223 impudicae
736 2163 910 2208 dimissa
931 2179 1022 2208 esse
1043 2163 1089 2208 in
1112 2163 1266 2208 melius
1292 2178 1492 2208 commu-

100 2233 229 2276 tatae‘?
252 2234 406 2293 Itaque
427 2249 529 2278 cum
550 2234 822 2278 meretricem
843 2234 1061 2294 Propheta
1090 2233 1193 2279 fecit
1221 2250 1398 2279 uxorem
1414 2269 1426 2289 ,
1451 2243 1494 2278 et

102 2301 158 2345 ad
189 2302 323 2346 vitam
351 2303 653 2363 corrigendam
686 2304 857 2349 mulieri
882 2305 1132 2350 consultum
1164 2314 1244 2360 est,
1269 2314 1312 2350 et
1342 2306 1495 2363 figurae

101 2379 437 2427 sacramentum,
478 2375 532 2416 de
562 2391 650 2433 quo
685 2390 787 2419 mox
820 2375 1069 2435 loquemur,
1106 2390 1372 2434 expressum.
1409 2376 1492 2419 Sed

102 2441 200 2503 quis
230 2456 322 2486 non
342 2440 488 2487 videat
508 2442 556 2486 in
575 2442 661 2487 hoc
688 2444 803 2488 facto
834 2446 943 2503 quid
972 2447 1114 2504 potius
1145 2446 1486 2490 Manichaeorum

150 2533 158 2550 ¹
180 2527 276 2569 Osee,
293 2538 320 2569 1,
339 2536 373 2561 2.
388 2544 431 2551 —
448 2534 460 2550 ²
479 2526 601 2560 Matth.
621 2537 692 2568 ιιι,
708 2526 761 2559 31.
