1803 3250
432 188 595 221 CONTRA
629 189 844 229 unsrun,
879 193 960 219 Lm.
1000 193 1103 220 xxx.
1376 185 1457 222 157

74 271 174 302 cum
196 257 278 301 hoc
303 256 444 316 ipsum
467 267 663 303 nostrum
691 255 917 300 consilium
940 266 1080 302 tacere
1106 272 1238 317 quam
1266 274 1459 304 comme·

74 342 242 372 morare
265 326 481 371 malueris.
510 329 619 373 Cum
643 326 759 369 enim
781 326 1014 385 Apostolus
1036 327 1208 373 dixisset
1229 347 1237 373 :
1270 347 1290 370 «
1312 329 1460 374 Absti-

75 416 96 440 »
122 406 273 443 nentes
294 414 318 443 a
335 399 441 444 cibis
463 413 571 458 quos
598 401 710 442 Deus
742 397 903 441 creavit
925 398 980 440 ad
1009 399 1337 458 percipiendum
1359 416 1460 445 cum

74 485 95 510 »
122 469 358 527 gratiarum
384 469 553 513 actione
575 467 779 512 fidelibus
801 486 810 512 :
838 477 1044 511 »secutus
1067 470 1150 512 ait:
1172 488 1190 510 »
1217 473 1273 514 Et
1303 470 1352 514 iis
1384 472 1461 532 qui

75 559 94 581 »
119 548 419 599 cognoverunt
450 538 677 584 veritatem
690 573 700 593 ,
740 538 949 599 quoniam
987 539 1126 582 omnis
1164 549 1361 585 creatura
1384 543 1462 586 Dei

72 627 94 651 »
120 611 236 655 bona
259 619 348 666 est,
378 620 418 654 et
448 609 558 654 nihil
587 608 910 670 abjiciendum,
947 609 1068 669 quod
1095 626 1196 654 cum
1229 612 1462 670 gratiarum

74 699 94 723 »
118 682 290 727 actione
311 681 577 741 percipitur3
608 681 903 725 sanctificatur
930 681 1046 725 enim
1070 696 1147 740 per
1169 682 1354 726 verbum
1384 684 1462 728 Dei

73 770 94 794 η
120 761 164 797 et
185 753 428 798 orationem
441 755 471 796 ¹.
491 771 511 794 »
538 754 642 797 Haec
657 761 759 797 sunt
777 768 875 812 quae
895 751 1076 811 negatis,
1097 752 1182 797 hoc
1200 753 1361 808 animo,
1382 754 1464 799 hac

73 822 322 879 voluntate,
350 824 433 868 hac
459 824 664 883 opinione
698 824 751 868 ab
780 824 883 868 escis
910 823 1163 884 hujusmodi
1193 825 1461 884 temperatis,

71 894 191 955 quod
202 909 289 940 non
303 895 633 954 significatione,
646 894 721 939 sed
734 904 887 939 natura
901 893 1028 939 malae
1043 904 1086 939 et
1102 895 1343 939 immundae
1357 896 1459 941 sint.

71 967 169 1018 Qua
182 964 228 1009 in
245 981 290 1010 re
306 967 558 1011 Creatorem
576 981 725 1009 earum
744 966 834 1009 sine
852 965 989 1009 dubio
1012 964 1321 1024 blasphematis
1346 985 1354 1010 ;
1380 968 1463 1011 hoc

71 1042 135 1079 est
158 1033 279 1094 quod
295 1036 485 1094 pertinet
507 1035 561 1080 ad
580 1035 824 1080 doctrinam
845 1034 1180 1079 daemoniorum.
1198 1035 1341 1081 Nolite
1363 1051 1464 1095 ergo

71 1105 218 1150 mirari
229 1106 312 1150 hoc
321 1104 376 1150 de
386 1106 509 1150 vobis
519 1114 640 1149 tanto
655 1114 755 1149 ante
768 1122 790 1149 a
800 1115 949 1149 sancto
960 1106 1120 1165 Spiritu
1130 1107 1271 1165 proph
1278 1115 1459 1151 etatum.

129 1177 207 1220 VI.
244 1178 408 1220 Iterum
423 1176 458 1219 si
474 1175 530 1219 ad
546 1175 835 1233 virginitatem
855 1176 913 1219 sic
930 1175 1284 1231 adhortaremini,
1310 1192 1463 1237 quem-

74 1247 312 1292 admodum
329 1247 530 1291 hortatur
552 1245 787 1306 apostolica
811 1245 1008 1291 doctrina
1031 1266 1040 1291 2
1069 1266 1089 1289 «
1111 1248 1223 1300 Quia
1248 1246 1323 1291 dat
1345 1263 1462 1307 nup-

73 1337 95 1361 »
119 1328 232 1374 tum,
246 1319 359 1363 bene
372 1316 476 1363 facit
492 1338 502 1375 3
518 1327 561 1362 et
577 1318 654 1377 qui
667 1332 756 1362 non
770 1315 844 1361 dat
866 1327 1072 1376 nuptum,
1097 1316 1251 1361 melius
1266 1317 1371 1362 facit
1383 1321 1422 1362 2:
1439 1337 1458 1360 »

73 1399 122 1435 ut
142 1390 308 1435 bonum
331 1405 421 1435 esse
441 1389 617 1449 nuptias
639 1388 837 1433 diceretis
854 1424 865 1445 ,
891 1387 967 1433 sed
989 1388 1215 1433 meliorem
1236 1390 1463 1448 virginita-

75 1470 178 1518 tem,
202 1463 313 1506 sicut
333 1460 439 1506 facit
455 1460 647 1505 Ecclesia
663 1495 673 1515 ,
698 1475 799 1520 quae
827 1474 928 1504 vere
961 1459 1121 1504 Christi
1150 1469 1214 1504 est
1235 1459 1427 1505 Ecclesia
1451 1479 1460 1505 ε

73 1548 163 1579 non
175 1548 252 1578 vos
267 1532 450 1592 Spiritus
462 1541 635 1577 sanctus
648 1532 707 1576 ita
720 1531 1051 1591 praenuntiaret,
1077 1531 1248 1577 dicens:
1275 1551 1294 1574 «
1307 1532 1464 1576 Prohi-

76 1623 98 1647 »
114 1605 265 1649 bentes
281 1604 498 1648 nubere.»
522 1602 600 1647 Ille
623 1603 737 1647 enim
755 1602 977 1662 prohibet,
995 1603 1072 1663 qui
1086 1603 1170 1648 hoc
1187 1602 1352 1648 malum
1375 1618 1464 1648 esse

74 1675 179 1720 dicit
193 1711 203 1731 ,
228 1691 318 1721 non
338 1676 414 1736 qui
430 1676 532 1720 huic
555 1675 674 1720 bono
694 1673 812 1718 aliud
826 1673 979 1718 melius
1002 1675 1242 1734 anteponit.
1266 1674 1464 1735 Denique

74 1761 148 1792 vos
181 1761 282 1790 eum
311 1746 530 1806 praecipue
565 1745 850 1791 concubitum
889 1744 1163 1790 detestamini
1186 1780 1196 1801 ,
1233 1746 1309 1806 qui
1346 1745 1463 1791 solus

71 1818 280 1863 honestus
297 1826 340 1862 et
355 1815 594 1878 conjugalis
616 1826 695 1872 est,
716 1825 760 1861 et
777 1831 909 1877 quem
923 1816 1260 1861 matrimoniales
1282 1832 1462 1878 quoque

74 1887 236 1934 tabulae
260 1903 348 1948 prae
369 1903 413 1933 se
436 1897 615 1948 gerunt,
646 1887 884 1933 liberorum
907 1887 1279 1948 procreandorum
1301 1903 1430 1933 causa
1450 1907 1458 1933 :

73 1960 193 2006 unde
213 1975 314 2006 vere
338 1976 429 2006 non
450 1969 540 2005 tam
561 1960 851 2005 concumbere
867 1995 878 2015 ,
904 1976 1037 2020 quam
1059 1961 1227 2005 nubere
1254 1961 1465 2021 prohibe-n

75 2032 142 2078 tis.
174 2032 493 2081 Concumbitur
525 2032 640 2076 enim
671 2031 801 2076 etiam
835 2046 962 2076 causa
989 2031 1251 2088 libidinum,
1279 2032 1463 2076 nubitur

74 2111 223 2149 autem
244 2118 333 2147 non
356 2102 437 2146 nisi
456 2101 661 2147 filiorum.
692 2104 780 2148 Nec
801 2102 899 2147 ideo
920 2118 996 2148 vos
1018 2103 1169 2148 dicatis
1190 2118 1282 2148 non
1308 2101 1461 2162 prohi-

73 2175 178 2219 bere
195 2209 206 2230 ,
231 2174 333 2235 quia
355 2173 516 2219 multos
541 2182 704 2219 vestros
726 2173 959 2219 Auditores
990 2174 1037 2218 in
1063 2175 1147 2219 hoc
1180 2173 1358 2219 obedire
1379 2189 1463 2219 no-

74 2245 211 2290 lentes
232 2244 302 2291 vel
321 2260 410 2290 non
430 2244 623 2290 valentes
644 2245 760 2290 salva
783 2245 969 2290 amicitia
983 2244 1189 2290 toleratis.
1213 2243 1329 2289 Illud
1343 2244 1461 2289 enim

73 2316 244 2360 habetis
262 2316 308 2361 in
327 2315 525 2361 doctrina
546 2317 675 2361 vestri
697 2316 873 2371 erroris,
896 2316 1041 2361 hocin
1059 2316 1312 2361 necessitate
1329 2316 1460 2361 socie-

76 2388 191 2432 tatis.
210 2387 323 2432 Hinc
345 2396 408 2432 est
427 2386 548 2447 quod
566 2388 697 2447 paulo
710 2397 810 2432 ante
827 2386 1077 2433 distuleram
1096 2386 1255 2443 dicere,
1281 2403 1358 2432 cur
1377 2402 1458 2432 vo-

72 2457 140 2502 bis
161 2473 276 2503 mors
293 2458 455 2504 Christi
476 2458 564 2502 visa
585 2458 638 2503 sit
654 2458 724 2504 vel
741 2457 871 2504 fallax
889 2468 932 2505 et
946 2458 1147 2504 simulata
1160 2457 1455 2518 praedicanda,

122 2549 131 2566 ¹
156 2555 168 2576 1
190 2544 270 2578 Tim.
293 2556 341 2586 iv,
362 2543 393 2578 3.
409 2560 450 2567 -
465 2550 478 2567 ²
501 2554 513 2577 1
535 2544 610 2576 Cor.
630 2554 687 2586 vn,
710 2543 764 2577 38.
