1803 3250
425 180 588 209 coiwrnA
622 179 835 219 ΓΑυεΤυΜ,
873 184 954 209 Lux.
993 185 1095 210 xxv.
1373 176 1451 212 121.)

70 246 151 291 bus
172 246 378 306 disputet.
405 248 526 293 Prius
548 249 664 292 enim
686 247 784 292 estis
815 263 838 290 a
863 249 1070 305 figmento
1092 249 1332 294 carnalium
1355 266 1451 294 cor-

69 316 370 378 poraliumque
403 319 714 377 cogitationum
748 316 819 376 pia
852 318 938 361 fide
973 328 1016 363 et
1048 319 1452 380 quantulacumque

66 388 379 446 cogitationum
401 390 470 448 pia
488 387 573 432 fide
595 397 638 431 et
657 387 1062 448 quantulacumque
1076 391 1266 436 veritatis
1284 391 1450 435 ratione

66 457 336 514 mundandi,
365 468 413 503 ut
432 457 639 517 spiritalia
668 474 848 518 quoquo
866 458 998 502 modo
1020 468 1063 502 et
1090 476 1141 503 ex
1163 470 1451 519 quantacum-

65 543 152 588 que
176 539 296 588 parte
325 530 515 588 cogitare
539 528 723 588 possitis.
761 528 891 582 Quod
914 530 1112 589 quandiu
1133 546 1222 575 non
1245 532 1446 590 potestis,

64 599 263 656 (haeresis
286 601 448 660 quippe
467 609 606 645 vestra
625 599 734 644 nihil
760 599 878 644 aliud
900 601 1050 656 novit,
1075 617 1207 660 quam
1230 610 1273 645 et
1294 616 1450 660 corpus

64 679 107 714 et
128 671 316 714 animam
337 680 381 716 et
406 674 540 715 Deum
560 687 636 730 per
658 670 853 716 locorum
873 673 1010 730 spatia
1032 672 1102 717 vcl
1123 674 1245 717 finita
1267 673 1335 716 vel
1356 673 1452 716 infi-

62 741 152 784 nita
175 740 444 802 distendere,
479 757 578 786 cum
602 741 741 786 solum
765 758 922 801 corpus
944 742 1044 787 talia
1069 752 1254 802 occupet
1285 743 1420 801 spatia
1435 778 1446 798 ,

62 811 129 854 vel
145 811 291 870 spatiis
315 811 475 856 talibus
495 821 735 871 occupetur
751 847 761 867 ,
778 815 795 870 )
815 812 1056 857 consultius
1080 813 1290 866 feceritis,
1319 813 1352 856 si
1376 828 1452 857 vos

62 883 163 926 huic
190 883 421 942 quaestioni
444 898 533 927 non
555 884 910 928 commiscueritis
927 918 938 937 ,
970 884 1047 927 ubi
1070 900 1150 928 nec
1180 885 1338 928 docere
1370 899 1452 943 po-

61 954 178 996 testis
201 953 367 1013 aliquid
390 955 478 998 veri
496 988 506 1005 ,
532 954 643 998 sicut
667 969 746 997 nec
769 954 815 997 in
836 954 1027 1009 caeteris3
1060 969 1140 998 nec
1167 954 1332 998 discere
1350 955 1450 999 estis

59 1023 226 1078 idonei,
252 1024 373 1083 quod
394 1024 575 1068 fortasse
599 1025 776 1083 potestis
796 1025 841 1067 in
869 1025 1058 1078 caeteris,
1097 1025 1129 1068 si
1161 1025 1337 1083 superbi
1364 1024 1452 1069 liti-

59 1095 252 1154 giosique
274 1110 363 1138 non
388 1095 491 1138 sitis,
514 1098 625 1139 Cum
642 1096 756 1138 enim
772 1096 908 1154 quaeri
923 1096 1121 1154 coeperit,
1146 1096 1369 1155 quomodo
1392 1097 1446 1141 sit
1498 1141 1499 1144 ,

59 1168 174 1209 Deus
195 1165 345 1209 finitus
361 1200 372 1220 ,
397 1181 529 1225 quem
554 1165 700 1209 nullus
722 1165 844 1209 locus
864 1166 980 1224 capit
1000 1186 1011 1224 3
1042 1167 1266 1225 quomodo
1301 1167 1450 1211 infini-

58 1246 153 1291 tus,
176 1252 321 1297 quem
352 1245 495 1281 totum
526 1235 663 1280 Filius
699 1237 819 1281 novit
854 1256 862 1281 :
899 1238 1124 1296 quomodo
1156 1237 1305 1281 finitus
1325 1273 1336 1292 ,
1363 1239 1448 1281 im-

58 1323 231 1352 mensus
267 1326 277 1352 2
307 1306 530 1368 quomodo
552 1307 774 1362 infinitus,
811 1307 1029 1366 perfectus
1059 1326 1067 1352 :
1102 1307 1325 1368 quomodo
1346 1309 1449 1351 fini-

60 1386 153 1432 tuS,
184 1377 356 1422 nullum
391 1377 556 1421 habens
591 1378 799 1433 modum3
835 1377 1059 1437 quomodo
1092 1377 1317 1433 infinitus,
1357 1392 1449 1422 mo-

56 1448 137 1492 dus
155 1449 352 1493 omnium
379 1467 388 1493 :
415 1448 554 1492 omnis
568 1449 772 1507 cogitatio
788 1448 969 1492 carnalis
983 1449 1219 1505 evanescit,
1244 1458 1288 1492 et
1302 1448 1335 1493 si
1353 1448 1448 1493 vult

54 1534 98 1562 se
120 1519 213 1561 fieri
234 1517 355 1579 quod
374 1517 573 1562 nondum
596 1527 684 1571 est,
712 1518 828 1577 prius
848 1534 899 1561 ex
917 1534 968 1562 eo
986 1519 1106 1578 quod
1129 1528 1192 1562 est
1209 1518 1441 1562 erubescit.

54 1591 330 1649 Quapropter
362 1589 444 1633 hoc
465 1590 586 1649 quod
616 1589 740 1632 nobis
773 1590 1014 1648 proponitis
1044 1590 1098 1633 de
1131 1593 1220 1633 Deo
1248 1589 1372 1633 finito
1401 1598 1445 1633 et

52 1660 224 1705 infinito
241 1695 252 1716 ,
279 1659 431 1704 melius
455 1660 638 1704 tacendo
661 1660 791 1704 finitis
807 1695 817 1715 ,
841 1659 981 1704 donec
999 1676 1020 1704 a
1044 1661 1130 1703 fine
1153 1660 1300 1719 Legis,
1321 1660 1442 1720 quod

52 1740 116 1775 est
136 1731 334 1777 Christus
348 1765 360 1785 ,
388 1740 474 1774 tam
490 1730 619 1788 longe
642 1730 841 1774 aberrare
863 1730 1082 1774 desinatis.
1111 1733 1171 1774 De
1186 1733 1275 1774 Deo
1294 1738 1440 1774 autem

50 1803 268 1847 Abraham
294 1811 338 1846 et
360 1805 478 1847 Isaac
501 1811 544 1845 et
565 1802 701 1846 Jacob
719 1836 730 1857 ,
756 1817 856 1845 cuin
877 1801 967 1860 ipse
990 1802 1044 1845 sit
1068 1801 1208 1845 omnis
1230 1810 1439 1845 creaturae

50 1889 177 1918 verus
200 1876 313 1917 Deus
329 1907 340 1928 ,
365 1888 443 1917 cur
463 1872 538 1916 illo
562 1872 737 1916 nomine
759 1887 803 1915 se
826 1871 988 1931 populo
1016 1887 1094 1915 suo
1120 1871 1337 1915 insinuare
1358 1886 1438 1915 vo—

49 1943 204 1999 luerit,
223 1945 313 2004 jam
337 1953 554 2004 quantum
577 1952 641 1987 sat
668 1952 759 1986 erat
792 1942 992 1986 diximus.
1028 1945 1088 1986 De
1111 1941 1439 1986 circumcisione

50 2015 180 2060 etiam
202 2015 248 2059 in
264 2014 558 2074 superioribus
578 2014 707 2073 hujus
725 2013 864 2072 operis
886 2013 1082 2072 partibus
1101 2020 1252 2056 contra
1273 2011 1437 2057 calum--

49 2088 140 2130 nias
167 2085 386 2145 imperitas
417 2100 530 2144 saepe
563 2082 880 2143 respondimus.
919 2083 993 2126 Isti
1016 2091 1161 2126 autem
1183 2081 1358 2140 signum
1389 2083 1437 2125 in

47 2165 171 2216 parte
187 2155 378 2216 corporis
392 2169 585 2212 congrua
605 2153 813 2198 divinitus
831 2153 983 2197 datum
998 2187 1009 2208 ‚
1034 2167 1121 2213 quo
1143 2152 1283 2196 carnis
1303 2167 1436 2212 expo-

47 2226 168 2272 liatio
189 2227 376 2286 figurata
394 2235 458 2270 est
471 2260 482 2280 ‚
508 2226 541 2269 si
558 2223 931 2285 quemadmodum
946 2223 1113 2268 dictum
1127 2223 1182 2267 sit
1202 2242 1212 2268 :
1242 2223 1439 2267 «Omnia

51 2316 72 2340 »
99 2297 264 2342 munda
285 2296 476 2351 mundis,
505 2313 525 2337 »
544 2295 798 2350 christiana,
825 2310 915 2339 non
936 2294 1139 2338 haeretica
1150 2301 1296 2338 mente
1317 2294 1437 2352 cogi-

52 2377 217 2423 tarent,
249 2366 373 2411 nullo
403 2365 535 2411 modo
567 2364 811 2409 irriderent.
857 2363 941 2409 Sed
971 2365 1071 2423 quia
1108 2378 1259 2407 verum
1300 2373 1365 2408 est
1394 2373 1438 2407 et

47 2437 168 2499 quod
184 2438 406 2498 sequitur,
437 2455 456 2478 «
474 2435 719 2480 Immundis
737 2444 882 2479 autem
910 2443 952 2478 et
971 2433 1220 2477 infidelibus
1241 2432 1351 2477 nihil
1373 2442 1436 2477 cst

49 2526 70 2550 »
97 2508 313 2554 mundum
328 2542 338 2562 ,
364 2505 439 2551 sed
462 2504 628 2565 polluta
649 2513 751 2549 sunt
773 2519 922 2550 eorum
947 2512 990 2548 ct
1009 2518 1129 2548 mens
1148 2512 1191 2548 et
1211 2503 1437 2549 conscien-

237 2589 422 2619 cxxxiv.
1227 2576 1250 2615 9
