1803 3250
395 224 557 253 CONTRA
589 225 820 253 sEnMONEM
854 224 1124 253 ArziAnouuM.
1370 216 1453 254 499

69 292 211 344 Patre,
236 304 314 334 cur
331 290 387 334 ab
399 305 450 334 eo
468 299 667 349 separant
685 304 812 348 opera
838 290 1021 348 Spiritus
1039 291 1193 345 sancti,
1209 305 1310 334 cum
1329 306 1456 335 sanc-

67 358 222 403 tificari
261 369 430 405 sanctos
472 361 527 405 ab
562 361 725 419 Spiritu
769 369 918 405 sancto
953 370 1163 420 tanquam
1199 362 1371 420 proprie
1407 376 1456 406 ac

64 430 361 489 separabiliter
379 433 565 491 putant?
585 432 628 476 Si
649 447 671 476 a
695 430 828 485 Filio,
849 431 1002 475 saltem
1021 432 1076 476 ab
1098 432 1190 491 ipso
1212 447 1301 476 non
1330 448 1456 492 sepa-

65 510 163 545 rent
197 517 328 561 opera
363 502 689 547 sanctificatoris
730 502 913 560 Spiritus
947 503 1101 546 sancti.
1137 503 1182 547 Si.
1214 503 1269 546 ab
1295 503 1457 562 Spiritu

64 580 230 627 sancto,
255 575 371 617 Deus
393 582 456 617 est
477 573 606 617 etiam
627 571 810 631 Spiritus
832 581 1022 628 sanctus,
1048 572 1169 633 quod
1189 572 1253 616 illi
1278 573 1453 629 nolunt,

63 641 141 699 qui
173 656 250 700 per
277 642 542 701 Prophetam
576 640 717 686 dixit:
746 643 804 685 Ut
836 642 973 685 sciant
1005 643 1109 701 quia
1139 657 1218 700 ego
1252 658 1348 686 suni
1383 644 1460 702 qui

62 711 284 756 sanctifico
305 727 393 757 eos.
417 713 460 757 Si
477 720 647 766 autem,
668 709 789 771 quod
807 710 962 755 melius
981 710 1261 769 intelligitur,
1287 728 1369 756 vox
1386 712 1459 757 illa

63 782 196 841 ipsius
235 783 458 828 Trinitatis
494 792 559 828 est
596 797 672 841 per
707 782 971 841 Prophetam
992 815 1004 837 ,
1039 780 1164 826 nullo
1198 782 1427 827 dubitante
1445 818 1456 839 ,

67 870 90 896 α
108 868 222 897 unus
243 863 308 898 est
329 856 442 898 Deus
461 857 589 898 Pater
607 862 649 898 et
671 853 806 898 Filius
824 861 867 897 et
886 852 1071 912 Spiritus
1088 862 1280 909 sanctus,
1303 869 1354 898 ex
1371 869 1460 914 quo

65 940 87 965 »
113 924 276 980 omnia,
301 939 379 984 per
401 939 534 985 quem
555 925 728 980 omnia,
760 925 806 969 in
827 939 916 984 quo
940 924 1086 970 omnia
1102 958 1114 980 ,
1146 924 1227 984 ipsi
1250 923 1387 983 gloria
1412 925 1459 969 in

67 1012 89 1036 »
113 994 273 1040 saecula
288 995 564 1042 saeculorum.
589 997 774 1040 Amen1.
796 1013 816 1037 »

123 1067 290 1110 XXXI.
324 1068 439 1113 Cum
461 1067 608 1127 itaque
643 1066 861 1111 fateamur
891 1066 985 1110 fieri
1019 1065 1074 1110 ab
1099 1066 1262 1125 Spiritu
1292 1076 1458 1122 saneto,

63 1151 164 1195 quae
186 1136 240 1181 ab
256 1135 332 1181 illo
354 1137 450 1182 fieri
468 1145 940 1192 commemoraverunt,
972 1152 1062 1182 non
1085 1146 1148 1181 est
1170 1152 1221 1181 ex
1243 1153 1294 1182 eo
1309 1154 1463 1182 conse-

64 1222 203 1268 quens
235 1207 358 1268 quod
391 1207 642 1268 adjungunt
672 1228 681 1254 :
723 1208 917 1253 «Alium
947 1224 1037 1253 esse
1066 1225 1090 1253 a
1116 1208 1221 1254 Filio
1254 1210 1463 1269 Spiritum

62 1286 264 1322 sanctum
287 1288 443 1323 natura
464 1289 508 1324 et
534 1279 702 1334 ordine,
733 1280 874 1338 gradu
898 1289 941 1324 et
963 1280 1127 1324 affectu
1142 1315 1154 1335 ,
1180 1279 1393 1339 dignitate
1418 1290 1463 1326 et

62 1357 290 1408 potestate,
309 1349 471 1394 virtute
493 1358 537 1394 et
559 1349 829 1408 operatione.
851 1368 871 1390 »
897 1350 1271 1409 Quandoquidem
1287 1366 1368 1395 nec
1385 1352 1462 1395 ho-

63 1419 235 1463 minum
256 1417 425 1465 diversa
445 1427 601 1463 natura
624 1427 710 1473 est,
739 1433 928 1478 quorum
951 1420 1208 1478 separabilia
1223 1435 1354 1479 opera
1372 1435 1462 1464 esse

63 1500 262 1550 possunt,
286 1490 410 1551 quod
432 1490 651 1535 Trinitatis
680 1504 770 1534 esse
799 1505 889 1534 non
910 1499 1110 1548 possunt.
1136 1490 1257 1534 Ordo
1280 1500 1428 1534 autem
1446 1525 1457 1546 ,

64 1561 240 1619 gradus,
264 1562 464 1617 affectus,
489 1562 565 1621 qui
585 1560 807 1606 invenitur
823 1560 868 1603 in
886 1568 1097 1604 creaturae
1116 1558 1402 1618 disparilitate
1417 1569 1462 1604 et

64 1632 334 1688 infirmitate,
356 1631 505 1678 nullus
527 1632 654 1676 estin
670 1629 745 1675 illa
767 1639 983 1675 coaeterna
1007 1640 1050 1675 et
1068 1629 1227 1690 aequali
1243 1639 1288 1675 et
1301 1631 1463 1690 impas-

66 1702 181 1748 sibili
205 1703 430 1748 Trinitate.
457 1702 651 1762 Dignitas
677 1716 797 1756 vero,
822 1709 1030 1760 potestas,
1056 1701 1206 1755 virtus,
1237 1702 1462 1761 quomodo

67 1788 160 1819 non
180 1773 358 1834 aequalis
375 1782 440 1818 est
460 1772 680 1826 omnibuS‚
710 1770 788 1832 qui
809 1782 853 1815 et
875 1771 1028 1816 eadem
1060 1779 1103 1815 et
1131 1770 1326 1815 similiter
1356 1786 1463 1830 ope-

69 1845 254 1888 rantur?
275 1843 406 1898 Quod
430 1842 548 1887 enim
576 1841 729 1886 dicunt
752 1856 824 1885 eos
852 1841 1102 1900 operatione
1129 1839 1320 1886 diversos
1338 1875 1349 1896 ,
1378 1842 1463 1885 hoc

71 1914 252 1959 omnino
272 1913 434 1958 falsum
454 1928 545 1958 esse
568 1912 851 1957 convicimus.

130 1986 321 2029 XXXII.
343 1983 475 2038 Quod
491 1992 637 2028 autem
654 1982 700 2026 in
711 1982 793 2026 isto
806 1996 1005 2026 sermone
1017 1981 1312 2027 subnectunt:
1335 2001 1354 2024 «
1373 1986 1464 2026 Im-

72 2053 280 2114 possibile
296 2069 386 2099 esse
408 2062 459 2098 ut
479 2068 594 2098 unus
621 2051 826 2111 idemque
847 2051 902 2096 sit
926 2055 1055 2096 Pater
1081 2060 1125 2095 et
1146 2051 1298 2107 Filius,
1330 2068 1464 2111 gene-

74 2140 176 2170 rans
199 2134 245 2171 et
258 2140 464 2183 nascens,
495 2125 567 2169 cui
587 2123 882 2168 testimonium
906 2122 1165 2182 perhibetur
1181 2157 1192 2176 ,
1218 2131 1262 2166 et
1283 2123 1361 2182 qui
1379 2132 1466 2168 tes-

74 2196 308 2240 timonium
329 2194 555 2255 perbibet,
580 2194 731 2254 major,
754 2202 797 2237 et
817 2194 852 2237 is
870 2192 946 2252 qui
970 2193 1176 2252 majorem
1199 2193 1463 2252 confitetur,

76 2266 114 2311 is
128 2266 206 2326 qui
227 2266 284 2311 ad
299 2265 519 2310 dexteram
537 2264 658 2309 sedet
679 2272 754 2308 aut
773 2272 855 2308 stat
871 2298 881 2318 ,
906 2273 950 2307 et
968 2263 1002 2306 is
1017 2263 1094 2323 qui
1105 2261 1216 2307 sedis
1234 2263 1310 2307 dat
1326 2265 1468 2310 hono-

78 2353 196 2396 rem,
225 2338 304 2398 qui
331 2337 486 2382 missus
516 2345 608 2391 est,
640 2345 684 2380 et
714 2335 748 2379 is
776 2335 851 2395 qui
877 2334 1019 2391 misit,
1049 2349 1130 2378 nec
1161 2333 1401 2393 discipulus
1426 2345 1469 2380 et

81 2408 252 2464 doctor,
277 2417 328 2453 ut
349 2410 439 2468 ipse
462 2406 612 2452 docuit
628 2406 776 2451 dicens
804 2424 813 2450 2
842 2424 862 2446 «
885 2404 1020 2450 Sicuti
1046 2403 1196 2448 docuit
1221 2419 1291 2448 me
1313 2407 1440 2450 Pater
1456 2441 1467 2462 ,

82 2497 105 2522 »
129 2480 188 2524 sic
207 2479 368 2539 loquor
382 2481 400 2506 ²
421 2496 431 2523 ς
450 2496 472 2519 »
495 2475 646 2522 similis
669 2485 715 2521 et
735 2476 945 2532 imitator,
970 2484 1015 2519 et
1037 2473 1071 2519 is
1091 2475 1214 2534 cujus
1237 2483 1301 2519 est
1325 2474 1475 2521 similis

132 2568 141 2585 ¹
171 2566 263 2597 Rom.
284 2572 329 2604 xl,
348 2562 400 2596 36.
420 2569 485 2586 —2
502 2563 593 2594 Joan.
618 2571 691 2600 viu,
714 2560 767 2593 28.

1227 2614 1290 2652 32.
