1803 3250
10 0 15 38 ἑ

8 39 14 120 ἔ

6 135 10 172 ‚¹

5 198 8 243 i

3 245 8 299 ἔ

0 301 6 470 ἒ

0 473 3 540 ὲ

376 203 538 246 comni
571 215 875 245 Anvnnsanmm
907 217 1044 256 LEGIS,
1079 219 1162 246 mn.
1198 220 1229 247 1.
1414 207 1496 250 843

117 306 137 328 »
160 298 309 339 meos,
338 298 394 328 ne
431 297 628 343 unquam
659 281 932 326 obdormiam
964 282 1009 327 in
1036 284 1262 327 mortem1.
1282 301 1304 325 ι)
1344 285 1492 344 Neque

111 356 229 401 enim
251 357 336 400 hoc
360 355 513 399 orabat
534 354 666 400 homo
689 353 843 413 utiquc
866 352 1080 409 mortalis,
1106 369 1160 398 nc
1189 370 1382 414 unquam
1403 371 1503 402 cor·

110 442 216 487 pore
235 434 493 480 moreretur,
513 433 588 469 aut
602 423 901 483 corporalibus
920 423 1057 468 oculis
1070 440 1247 469 somnus
1263 440 1317 469 ne
1334 426 1503 472 veniret

110 497 320 558 optabat:
345 496 421 541 sed
454 511 526 540 eos
553 495 706 556 utique
733 493 883 540 oculos
914 495 998 538 sibi
1031 494 1267 540 illuminari
1295 497 1500 556 petebat,

112 568 168 614 de
201 567 364 628 quibus
396 564 631 626 Apostolus
663 564 771 611 dicit
797 584 808 610 :
835 584 854 606 «
877 564 1151 612 Illuminatos
1182 565 1332 614 oculos
1363 568 1503 614 cordis

115 657 137 682 »
164 638 337 683 vestri2.
361 655 383 679 »

167 710 266 754 XV.
302 710 437 753 Porro
458 707 494 752 si
515 706 619 751 huic
640 705 868 767 displicet,
892 705 1035 751 lucem
1068 707 1243 752 initium
1271 710 1500 768 sumpsisse

107 779 164 825 de
185 779 394 834 tenebris,
419 777 549 823 etiam
565 778 650 823 hoc
672 778 788 823 enim
811 777 955 823 verbis
976 777 1163 838 garrulae
1184 778 1386 824 vanitatis
1402 794 1502 826 exa—

108 852 242 912 gitat3
263 850 404 896 eidem
428 849 637 910 Apostolo
658 851 742 896 hoc
764 849 880 896 dicat
894 885 906 906 ‚
933 850 1010 911 qui
1029 851 1220 907 scribe-ns
1247 849 1304 895 ad
1325 850 1500 908 fideles,

107 923 167 968 ait
186 942 195 967 2
220 921 412 966 «Fuistis
435 920 672 981 aliquando
694 921 911 978 tenebrae,
937 937 1055 966 nunc
1073 930 1221 966 autem
1245 920 1322 966 lux
1343 921 1391 966 in
1414 924 1503 970 Do-

110 1011 132 1035 »
159 993 281 1038 mino
296 993 327 1037 ³.
353 992 458 1046 Quis
481 992 596 1036 enim
619 992 704 1037 hoc
721 991 840 1048 fecit,
864 992 944 1042 nisi
966 991 1054 1048 ille,
1079 992 1172 1052 qui,
1189 1007 1290 1037 cum
1311 993 1507 1039 tenebrae

105 1073 392 1122 essentsupcr
405 1062 625 1120 abyssum,
643 1063 777 1108 dixit:
800 1082 819 1105 «
834 1063 1016 1108 Fiatlux
1031 1099 1042 1118 ‚
1068 1063 1238 1108 etfacta
1251 1062 1456 1108 estlux4?
1479 1082 1500 1107 ι»

107 1133 237 1189 Quod
258 1134 448 1194 apertius
470 1133 554 1178 alio
573 1133 670 1178 loco
693 1134 808 1178 idem
827 1133 1061 1193 Apostolus
1082 1134 1310 1194 expressit,
1329 1134 1500 1181 dicens:

109 1225 129 1249 »
156 1208 270 1250 Deus
298 1205 375 1266 qui
403 1204 510 1249 dixit
544 1204 599 1248 de
631 1205 823 1249 tenebris
850 1204 1002 1250 lumen
1039 1204 1300 1260 clarescere,
1347 1205 1505 1251 claruit

108 1278 199 1322 »in
230 1276 437 1322 cordibus
469 1276 707 1321 nostri55.»
733 1277 776 1321 Si
803 1286 950 1320 autem
985 1278 1070 1322 hoc
1107 1286 1234 1336 putat
1269 1278 1503 1337 Scripturis

107 1347 255 1394 deesse
288 1348 552 1408 propheticis
576 1381 587 1403 ,
632 1347 754 1407 quod
786 1346 923 1392 Filius
960 1347 1015 1392 sit
1047 1346 1196 1392 lumen
1226 1346 1282 1391 de
1305 1346 1500 1405 lumine,

107 1420 178 1467 vel
198 1419 404 1480 splendor
435 1419 545 1464 lucis
564 1454 575 1474 ,
614 1418 730 1477 legat
755 1420 877 1480 quod
907 1420 953 1464 in
976 1410 1138 1465 eisdem
1170 1419 1322 1465 litteris
1344 1420 1505 1480 legitur

105 1491 162 1536 de
187 1491 408 1551 Sapientia
435 1508 447 1535 :
486 1490 698 1536 «Candor
729 1499 794 1536 est
820 1491 936 1536 enim
970 1490 1082 1536 lucis
1119 1493 1378 1536 aeternae⁶.»
1414 1496 1505 1539 Aut

105 1561 218 1608 ‘illud
249 1562 295 1607 in
331 1561 588 1622 prophetico
630 1560 801 1607 Psalmo
849 1581 858 1607 :
903 1580 924 1604 «
950 1563 1132 1607 Cantate
1172 1563 1360 1607 Domino
1397 1578 1504 1610 can-

109 1652 131 1677 »
155 1634 291 1679 ticum
326 1648 517 1688 novum,
561 1641 734 1678 cantate
762 1633 950 1678 Domino
983 1634 1122 1678 omnis
1159 1642 1272 1678 terra
1296 1653 1304 1679 :
1329 1643 1502 1680 cantate

110 1724 130 1747 »
156 1701 343 1750 Domino
366 1714 409 1750 et
431 1704 674 1749 benedicite
698 1720 861 1750 nomen
883 1705 973 1765 ejus
990 1739 1001 1760 ‚
1026 1705 1139 1749 bene
1162 1705 1362 1750 nuntiate
1384 1705 1501 1750 diem

76 1770 80 1773 ’
109 1795 130 1821 »
156 1791 208 1820 ex
244 1775 316 1820 die
350 1774 539 1821 salutare
580 1777 672 1836 ejus
687 1778 758 1820 ⁷.»
800 1776 903 1829 Quis
941 1785 1006 1820 est
1042 1775 1157 1820 enim
1193 1776 1284 1820 dics
1318 1791 1370 1821 ex
1406 1776 1500 1833 die,

108 1847 190 1892 nisi
212 1846 348 1893 Filius
377 1845 529 1890 lumen
556 1845 611 1890 de
643 1845 848 1891 lumine?
875 1846 1072 1892 Salutare
1111 1856 1258 1892 autem
1297 1847 1376 1891 Dei
1414 1863 1503 1892 esse

107 1918 330 1965 Christum
371 1916 488 1977 legat
526 1916 573 1960 in
609 1916 847 1976 Evangelio
867 1953 878 1972 ,
914 1917 1087 1963 dicente
1131 1918 1332 1964 Simeone
1373 1933 1474 1964 sene
1489 1953 1501 1975 ,

106 1990 283 2051 quando
311 1987 438 2033 iilum
460 1989 670 2046 cognovit
700 1989 747 2033 in
773 1989 975 2034 manibus
997 1990 1144 2035 matris
1161 2025 1173 2045 ‚
1210 2005 1340 2035 carne
1367 1989 1500 2035 mini-

106 2076 246 2116 mum,
272 2060 426 2120 spiritu
451 2059 687 2104 maximum
707 2094 718 2115 ‚
743 2070 1012 2121 acceptoque
1032 2060 1078 2105 in
1111 2076 1265 2105 manus
1287 2076 1386 2105 suas
1407 2061 1498 2107 ait:

110 2151 132 2176 «
156 2135 284 2179 Nunc
305 2131 487 2176 dimittis
518 2146 691 2176 servum
720 2140 869 2187 tuum,
896 2132 1105 2187 Domine,
1135 2131 1376 2177 secundum
1400 2147 1502 2176 ver-

109 2222 132 2248 »
152 2204 259 2250 bum
273 2213 401 2249 tuum
422 2204 467 2248 in
481 2219 586 2264 pace
600 2225 612 2263 3
633 2204 841 2265 quoniam
860 2203 1067 2249 viderunt
1083 2204 1200 2250 oculi
1217 2204 1303 2249 mei
1316 2203 1501 2250 salutare

111 2295 133 2320 »
154 2276 328 2321 tuum⁸.
350 2294 371 2318 »
577 2313 582 2316 .

167 2350 289 2393 XVI.
325 2347 406 2393 Hic
425 2346 460 2392 si
477 2346 765 2407 responderit,
785 2348 913 2393 aliam
937 2363 1027 2394 esse
1049 2348 1195 2393 lucem
1216 2347 1272 2393 de
1296 2363 1383 2410 qua
1403 2347 1497 2395 dic-

109 2428 205 2464 tum
224 2428 290 2464 est
309 2438 320 2464 ι
349 2437 370 2461 «
389 2419 548 2464 Fuistis
565 2418 801 2481 aliquando
817 2421 1024 2477 tenebrae,
1047 2435 1166 2466 nunc
1186 2411 1334 2466 autem
1348 2420 1426 2466 lux
1445 2420 1492 2465 in

106 2507 118 2518 Λ
157 2530 167 2546 ¹
185 2522 268 2555 Psal.
285 2534 341 2565 xii,
363 2522 414 2565 14.
431 2540 472 2546 —
489 2529 503 2546 ²
522 2523 639 2567 Ephes.
658 2535 681 2566 1,
703 2525 754 2557 18.
771 2543 810 2549 —
829 2524 961 2563 31d.v‚
985 2527 1017 2557 8.
1035 2541 1071 2548 —
1089 2522 1105 2554 4
1122 2527 1201 2558 Gen.
1221 2525 1246 2566 i,
1263 2523 1283 2557 3
1298 2524 1367 2550 -5
1384 2534 1403 2558 2
1421 2525 1494 2558 cor.

109 2590 156 2617 tv,
177 2579 210 2611 6.
225 2579 290 2604 ..6
307 2581 381 2623 Sap.
402 2591 457 2623 vn,
475 2580 528 2614 26.
547 2598 585 2605 -
602 2588 616 2613 7
635 2581 712 2614 Psal.
734 2593 806 2619 xcv,
830 2593 858 2613 1.
872 2599 911 2605 —-
927 2579 942 2603 8
961 2581 1037 2615 Luc.
1053 2591 1089 2622 11,
1106 2590 1150 2623 29
1166 2585 1200 2614 et
1220 2581 1271 2614 30.
