1803 3250
591 213 644 240 DE
675 208 845 239 NATURA
877 211 990 239 Rom.
1394 197 1474 236 r271

98 276 266 332 dicunt,
292 277 348 322 ad
368 292 500 339 quam
521 277 826 323 debellandam
849 292 938 321 non
959 276 1098 331 ultro,
1134 276 1210 321 sed
1240 276 1371 336 patris
1393 275 1479 320 im-

97 349 216 408 perio
243 348 589 405 descenderunt,
621 356 833 409 superatae
855 356 898 391 et
919 363 1133 408 oppressae
1155 348 1261 402 sint,
1296 347 1414 406 affigi
1434 346 1481 390 in

95 429 308 465 aeternum
323 420 454 480 globo
466 419 662 465 horribili
676 419 968 464 tenebrarum.
993 422 1058 463 Ita
1073 417 1313 463 secundum
1331 432 1482 462 eorum

94 490 298 548 sacrilega
329 490 593 550 vaniloquia,
631 493 743 534 Deus
780 505 824 534 se
853 489 995 548 ipsum
1023 489 1067 533 in
1094 488 1284 548 quadam
1307 496 1430 547 parte
1452 503 1477 532 a

95 576 256 620 magno
273 561 388 606 malo
405 560 621 617 liberavit,
641 570 685 606 et
706 575 852 605 rursus
869 575 913 604 se
929 559 1072 618 ipsum
1090 560 1136 604 in
1152 557 1342 618 quadam
1359 567 1483 618 parte

95 632 332 687 damnavit‚
350 647 483 692 quam
497 631 682 676 liberare
698 631 752 675 ab
767 631 890 675 hoste
912 645 1001 675 non
1021 630 1182 689 potuit,
1208 639 1250 674 et
1273 639 1484 689 tanquam

95 701 151 746 de
172 706 265 760 ipso
281 703 403 747 hoste
424 702 594 747 devicto
610 702 786 761 insuper
804 700 1100 760 triumphavit.
1127 701 1164 744 O
1186 698 1411 745 scelestam
1441 708 1485 744 et

96 772 397 818 incredibilem
425 774 674 830 audaciam,
708 772 810 818 talia
833 773 888 818 de
910 776 999 818 Deo
1025 770 1247 827 credendi,
1287 768 1387 815 talia
1415 769 1485 815 lo-

95 843 277 903 quendi,
297 844 399 889 talia
415 844 711 905 praedicandi?
733 836 862 898 Quod
879 859 980 889 cum
998 842 1234 888 defendere
1250 850 1482 898 conantur,

96 929 147 963 ut
173 919 220 964 in
242 921 389 980 pejora
421 921 590 965 irruant
612 920 765 966 clausis
794 920 945 975 oculis,
971 920 1125 964 dicunt
1157 917 1283 963 rnalae
1317 926 1486 962 naturae

96 990 450 1035 commixtionem
472 992 615 1036 facere
631 992 727 1047 ista,
751 1000 800 1035 ut
822 992 937 1036 bona
956 991 1033 1035 Dei
1057 999 1211 1035 natura
1229 998 1347 1034 tanta
1370 987 1485 1033 mala

96 1060 310 1119 patiatur:
333 1077 435 1105 nam
458 1063 595 1121 ipsam
618 1062 737 1122 apud
759 1077 802 1106 se
824 1063 961 1121 ipsam
983 1061 1091 1106 nihil
1114 1062 1269 1105 horum
1293 1060 1380 1119 pati
1402 1074 1486 1118 po·-

96 1132 225 1176 tuisse
246 1130 317 1176 vel
339 1147 476 1191 posse.
498 1133 631 1187 Quasi
651 1133 754 1177 inde
774 1132 993 1177 laudanda
1010 1132 1064 1176 sit
1081 1140 1234 1176 natura
1255 1131 1487 1189 incorrup-

96 1203 242 1258 tibilis,
260 1204 361 1263 quia
376 1204 466 1263 ipsa
481 1205 564 1248 sibi
582 1220 670 1249 non
694 1212 838 1259 nocet,
860 1213 903 1248 et
924 1219 1011 1248 non
1035 1203 1137 1263 quia
1158 1201 1266 1247 nihil
1282 1202 1319 1246 ei
1338 1200 1487 1246 noceri

95 1274 151 1319 ab
170 1273 319 1334 aliquo
339 1284 496 1334 potest.
516 1274 682 1320 Deinde
702 1275 735 1319 si
758 1283 913 1319 natura
932 1275 1211 1319 tenebrarum
1231 1273 1384 1318 nocuit
1405 1287 1486 1316 na-

94 1355 204 1391 turae
226 1346 327 1402 Dei,
362 1356 406 1392 et
428 1356 582 1392 natura
605 1348 683 1392 Dei
702 1347 853 1391 nocuit
871 1355 1040 1391 naturae
1063 1345 1344 1391 tenebrarum
1363 1363 1374 1390 ;
1397 1343 1487 1388 duo

94 1432 198 1477 ergo
228 1417 342 1462 mala
376 1428 478 1463 sunt
507 1434 606 1478 quae
629 1418 710 1462 sibi
732 1419 916 1463 invicem
939 1426 1207 1471 nocuerunt‚
1241 1425 1284 1460 et
1307 1415 1488 1460 meliore

95 1489 241 1534 animo
261 1487 345 1534 fuit
368 1505 471 1549 gens
493 1489 789 1544 tenebrarum,
810 1489 913 1549 quia
929 1498 973 1533 et
987 1489 1021 1533 si
1044 1488 1210 1541 nocuit,
1231 1486 1384 1531 nolens
1402 1501 1486 1530 no-

95 1559 212 1605 cuit:
237 1576 380 1622 neque
402 1561 517 1605 enim
540 1576 716 1616 nocere,
742 1560 819 1605 sed
839 1560 926 1604 frui
949 1559 1086 1605 voluit
1110 1559 1227 1604 bono
1251 1558 1344 1602 Dei.
1370 1560 1488 1601 Deus

95 1640 241 1676 autem
262 1631 382 1676 illam
405 1632 658 1691 extinguere
678 1632 840 1687 voluit,
870 1632 981 1676 sicut
1014 1631 1283 1676 Manichaeus
1306 1629 1488 1688 apertis-

95 1702 200 1746 sime
233 1702 279 1747 in
310 1702 490 1762 epistola
515 1704 678 1748 ruinosi
699 1703 766 1748 sui
789 1702 1084 1747 Fundamenti
1107 1700 1277 1745 delirat.
1313 1699 1488 1745 Oblitus

95 1773 211 1818 enim
233 1772 355 1832 quod
378 1773 508 1833 paulo
529 1783 630 1818 ante
655 1774 848 1818 dixerat:
880 1793 900 1816 «
925 1776 991 1818 Ita
1012 1781 1159 1817 autem
1180 1771 1364 1816 fundata
1387 1778 1490 1815 sunt

95 1843 286 1904 ejusdem
317 1844 664 1904 splendidissima
691 1860 825 1904 regna
853 1860 982 1904 supra
1012 1844 1205 1889 lucidam
1238 1851 1281 1886 et
1313 1842 1489 1886 beatam

95 1924 277 1972 terram,
303 1926 353 1961 ut
370 1934 394 1962 a
417 1916 540 1962 nullo
562 1932 757 1978 unquam
778 1926 854 1961 aut
870 1917 1057 1971 moveri,
1088 1925 1164 1961 aut
1180 1914 1354 1961 concuti
1386 1929 1489 1974 pos-

97 1987 209 2031 sint:
249 2004 268 2029 »
302 1996 449 2047 postea
491 1987 603 2032 dixit
630 2007 639 2033 :
678 2007 698 2030 «
734 1987 862 2032 Lucis
897 2003 1000 2032 vero
1038 1987 1294 2031 beatissima:
1332 1988 1461 2030 Pater
1477 2018 1489 2040 ‚

98 2059 235 2105 sciens
274 2058 421 2105 labem
462 2075 666 2120 magnam
697 2075 747 2105 ac
777 2061 1023 2105 vastitatem
1062 2075 1161 2119 quae
1206 2074 1258 2102 ex
1302 2056 1494 2102 tenebris

99 2140 322 2189 surgeret,
367 2130 571 2177 adversus
603 2147 679 2176 sua
710 2141 857 2176 sancta
888 2129 1141 2190 impendere
1179 2128 1336 2174 saecula
1357 2162 1369 2183 ‚
1410 2126 1493 2171 nisi

99 2201 278 2261 aliquod
304 2202 510 2247 eximium
536 2218 584 2248 ac
607 2202 864 2263 praeclarum
894 2211 938 2246 et
959 2201 1121 2246 virtute
1143 2210 1297 2261 potens
1326 2213 1494 2243 numen

98 2281 307 2331 opponat,
339 2289 429 2334 quo
461 2283 636 2333 superet
665 2273 793 2318 simul
820 2289 868 2318 ac
889 2272 1275 2332 destruatstirpem
1291 2270 1491 2316 tenebra-

100 2358 221 2399 rum,
255 2359 343 2405 qua
374 2345 564 2389 extincta
593 2354 804 2405 perpetua
835 2344 957 2405 quies
989 2343 1096 2388 lucis
1130 2342 1282 2388 incolis
1310 2355 1491 2402 parare-

102 2423 189 2459 tur.
227 2433 248 2457 »
284 2418 396 2460 Ecce
435 2415 580 2460 timuit
615 2415 759 2460 labem
796 2431 845 2461 ac
875 2416 1120 2461 vastitatem
1166 2412 1495 2474 impendentem

103 2484 272 2531 saeculis
288 2485 389 2531 suis.
407 2487 536 2533 Certe
555 2485 614 2531 sic
635 2496 758 2531 erant
778 2485 961 2532 fundata
978 2500 1107 2545 super
1123 2483 1314 2530 lucidam
1329 2493 1372 2529 et
1388 2484 1494 2529 bea-

105 2564 192 2602 tam
225 2565 406 2612 terra-m,
438 2566 488 2604 ut
507 2573 531 2602 a
548 2555 670 2602 nullo
691 2572 884 2618 unquam
909 2555 1072 2602 moveri
1095 2564 1170 2601 aut
1188 2554 1366 2601 concuti
1389 2568 1491 2614 pos-
