1803 3250
444 228 606 258 CONTRA
640 226 854 265 FAUSTUM,
891 228 972 255 Lm.
1009 228 1150 256 xxxn.
1396 215 1479 253 169

92 295 317 340 admittitis
342 298 614 356 prophetias,
641 305 683 338 et
705 293 776 337 itta
801 309 900 354 quse
919 295 1116 353 superius
1140 294 1345 348 diximus,
1372 293 1473 337 civi-

90 365 143 409 lia
169 377 300 426 atque
323 368 377 411 ad
405 367 675 426 disciplinam
698 365 798 409 vitre
821 366 1066 409 communis
1084 365 1343 424 pertinentia
1365 379 1478 423 pree-

87 445 210 496 eepta
228 458 237 494 3
263 437 560 498 supersedistis
579 451 681 481 vero
703 436 963 495 peritomen,
988 445 1031 479 et
1053 436 1259 479 sacrificia
1276 470 1286 489 ‚
1319 443 1362 479 et
1380 435 1480 478 sab-

87 506 239 551 batum
260 517 303 552 et
324 507 670 552 observationem
692 507 784 566 ejus
803 541 812 560 ‚
839 514 882 549 et
901 521 1053 563 azyma
1076 521 1084 546 :
1112 504 1221 564 quid
1239 506 1292 548 ab
1319 521 1362 547 re
1387 515 1449 548 est
1466 541 1476 557 ‚

84 580 115 622 si
134 588 177 623 et
197 594 275 623 nos
294 578 349 623 de
374 582 649 623 Testamento
666 580 789 623 Novo
812 576 900 622 sola
924 577 1186 637 accipientes
1210 590 1282 630 ea,
1315 591 1413 635 quae
1435 577 1477 620 in

86 650 297 695 honorem
317 659 360 694 et
381 649 556 695 laudem
574 649 673 693 Filii
695 648 928 709 majestatis
948 647 1017 693 vel
1035 648 1089 692 ab
1112 649 1204 707 ipso
1231 645 1345 690 dicta
1367 662 1480 691 eom-

82 721 296 780 perimus,
323 721 391 767 vel
410 723 464 766 ab
480 723 570 782 ejus
593 720 824 782 Apostolis‚
847 720 1020 781 sedjam
1042 718 1247 780 perfectis
1270 732 1321 762 ac
1339 717 1477 762 fideli-

85 794 185 847 bus,
211 792 572 838 dissimulavimus
596 802 768 849 caetera,
795 808 894 853 quae
916 801 990 837 aut
1018 791 1273 852 simpliciter
1301 800 1411 835 tunc
1434 799 1478 834 et

80 864 329 923 ignoranter
349 881 372 909 a
394 866 577 910 rudibus
599 865 729 921 dieta⁷
757 874 831 909 aut
849 864 1029 924 oblique
1051 873 1096 908 et
1112 863 1304 923 maligne
1318 863 1374 907 ab
1396 862 1473 906 ini-

78 934 198 978 micis
235 934 406 996 objecta
435 946 510 980 aut
544 935 846 996 imprudenter
884 951 906 979 a
943 934 1224 994 scriptoribus
1259 934 1470 977 affirmata

79 1015 208 1060 sunt,
234 1015 277 1050 et
294 1007 475 1065 posteris
501 1007 656 1051 tradita
680 1027 688 1051 ε
715 1005 813 1050 dico
837 1015 983 1050 autem
997 1006 1080 1049 hoe
1098 1006 1240 1064 ipsum
1256 1013 1406 1049 natum
1421 1020 1471 1047 ex·

79 1075 257 1120 foemina
280 1078 466 1135 turpiter
483 1112 493 1130 ,
532 1077 833 1120 circumcisum
852 1075 1048 1135 judaice,
1083 1076 1338 1119 sacrificasse
1367 1089 1473 1132 genm

79 1145 207 1191 tiliter
225 1182 235 1201 ,
270 1147 540 1206 'baptizatum
568 1146 818 1200 humiliter,
856 1144 1206 1189 circumductum
1235 1161 1259 1189 a
1294 1145 1471 1189 diabolo

75 1232 150 1276 per
172 1218 359 1269 deserta,
381 1227 421 1262 ct
440 1218 495 1261 ab
514 1233 565 1261 eo
580 1226 797 1261 tentatum
817 1232 949 1276 quam
964 1216 1221 1260 miserrime.
1245 1216 1320 1260 His
1338 1216 1472 1275 igitur

74 1288 284 1347 exceptis,
312 1297 355 1332 et
378 1289 412 1332 si
435 1287 543 1349 quid
563 1288 602 1331 ei
625 1287 680 1331 ab
705 1287 990 1346 scriptoribus
1012 1302 1062 1330 ex
1089 1289 1364 1331 Testamento
1382 1289 1470 1330 Ve—

74 1368 163 1403 tere
198 1358 304 1403 falsa
335 1360 416 1404 sub
446 1359 750 1403 testificatione
783 1359 991 1418 injectum
1015 1365 1101 1413 est,
1137 1357 1356 1401 credimus
1386 1373 1469 1402 cae.-

72 1439 182 1485 tera‚
205 1431 425 1489 praecipue
442 1430 579 1474 crucis
599 1430 689 1489 ejus
712 1430 938 1487 mysticam
963 1429 1185 1484 fixionem,
1211 1437 1471 1489 quanostrae

70 1501 224 1545 animae
241 1501 449 1561 passionis
468 1510 765 1546 monstrantur
781 1500 960 1545 vulnera
979 1522 989 1558 3
1010 1509 1105 1544 tum
1128 1509 1345 1559 praecepta
1359 1500 1470 1544 salum

72 1573 175 1617 taria
199 1574 290 1633 ejus
306 1608 316 1628 ‚
341 1582 438 1617 tum
458 1571 687 1633 parabolas
705 1608 715 1627 ,
745 1582 1044 1633 cunctumque
1072 1587 1316 1616 sermonem
1344 1571 1469 1615 deifi-

68 1660 186 1699 cum,
212 1644 288 1704 qui
311 1645 496 1688 maxime
513 1643 702 1688 duarum
721 1644 956 1703 praeferens
975 1652 1229 1687 naturarum
1247 1642 1466 1697 discretio-

68 1730 186 1769 nem,
211 1714 347 1774 ipsius
370 1730 461 1759 esse
484 1730 577 1759 non
598 1715 718 1759 venit
739 1714 784 1757 in
807 1713 1009 1757 dubium.
1033 1713 1150 1759 Nihil
1174 1729 1277 1772 ergo
1299 1715 1466 1773 estjam

66 1803 143 1831 cur
170 1801 239 1830 me
260 1786 404 1831 omnia
440 1786 618 1830 eredere
648 1787 864 1830 existimes
894 1785 1080 1840 debere,
1116 1801 1216 1845 quae
1239 1786 1463 1830 continent

66 1856 325 1914 Evan'gelia3
354 1870 455 1900 cum
486 1865 561 1911 tu,
594 1865 642 1900 ut
672 1872 800 1915 supra
829 1865 1050 1900 ostensum
1082 1865 1169 1911 est,
1205 1858 1464 1900 Testamenti

68 1928 229 1971 Veteris
251 1942 503 1986 supremum
526 1927 742 1987 liquorem
761 1928 831 1971 vix
853 1927 1033 1971 summis
1050 1962 1061 1982 ‚
1085 1936 1134 1970 ut
1153 1927 1302 1981 aiunt,
1335 1925 1466 1970 labris

63 1998 275 2056 attingas.
303 2016 323 2038 n

121 2070 241 2112 VIII.
268 2067 537 2127 Augustinus
571 2067 795 2128 respondit
826 2087 833 2112 z
871 2070 957 2113 Nos
1000 2069 1165 2112 Veteris
1202 2070 1465 2112 Testamenti

63 2140 304 2200 Scripturas
334 2154 507 2196 omnes,
530 2149 580 2185 ut
598 2139 779 2199 dignum
799 2152 878 2194 est,
904 2154 1023 2185 veras
1039 2139 1295 2200 divinasque
1309 2138 1464 2184 lauda-

61 2226 155 2254 mus
175 2231 182 2256 :
205 2227 280 2256 vos
295 2211 536 2270 Scripturas
546 2212 658 2257 Novi
678 2211 942 2256 Testamenti
957 2220 1167 2272 tanquam
1186 2210 1357 2255 falsatas
1373 2226 1466 2255 cor-

59 2290 298 2342 ruptasque
314 2282 508 2341 pulsatis.
536 2285 622 2329 Nos
644 2298 693 2327 ea
716 2299 815 2343 quae
839 2299 957 2328 nunc
981 2282 1036 2327 de
1053 2282 1176 2327 libris
1201 2284 1463 2327 Testamenti

59 2353 226 2396 Veteris
248 2368 338 2397 non
362 2353 642 2398 observamus
656 2389 667 2409 ,
693 2363 982 2412 congruenter
1004 2363 1151 2398 tamen
1170 2353 1247 2398 illo
1264 2363 1464 2414 tempore

61 2432 193 2484 atque
213 2422 276 2467 illi
304 2423 470 2484 populo
503 2423 634 2469 fuisse
665 2435 905 2485 praecepta,
948 2425 1165 2486 nobisque
1202 2426 1247 2469 in
1274 2426 1333 2469 eis
1364 2425 1464 2484 ipsis

73 2509 174 2554 quae
190 2509 279 2539 non
302 2495 606 2551 observamus,
629 2496 870 2555 significata
888 2511 987 2555 quae
1002 2495 1297 2554 intelligamus
1314 2504 1357 2540 et
1373 2497 1462 2554 spi-

72 2566 253 2611 ritaliter
275 2576 497 2612 teneamus
514 2602 525 2623 ,
551 2582 639 2613 non
664 2567 803 2613 solum
823 2568 1025 2624 dicimus,
1044 2567 1116 2613 sed
1137 2567 1180 2612 in
1204 2566 1461 2627 Apostolicis
