1803 3250
318 237 401 276 460
787 246 927 273 sERMO
959 243 1230 273 ARIANORUM.

312 326 390 367 est,
417 315 493 358 ubi
511 313 608 373 quis
625 322 792 373 quaerat
814 313 1068 358 veritatem?
1093 314 1176 357 Sed
1199 313 1354 357 veritas
1374 328 1454 358 nec
1469 315 1698 372 mentitur,

311 402 390 430 nec
412 385 619 440 variatur,
645 384 721 444 qui
747 385 804 429 ob
825 385 906 429 hoc
926 386 1045 430 venit
1076 393 1123 428 ut
1147 385 1371 429 veritatem
1404 384 1605 432 doceret:
1626 389 1704 448 qui

312 473 398 501 non
424 465 486 500 est
511 456 765 514 ignorantiae
788 456 957 513 doctor,
987 457 1062 501 sed
1083 456 1275 501 veritatis
1306 457 1524 515 magister,
1547 467 1597 503 ut
1619 460 1710 519 ipse

311 529 417 574 dixit
436 547 445 574 :
475 548 494 570 «
512 526 655 573 Nolite
676 528 798 572 vobis
817 544 971 573 vocare
987 528 1216 588 magistros
1234 543 1363 588 super
1386 537 1569 584 terram,
1595 547 1709 576 unus

313 619 331 641 »
354 609 417 643 est
438 599 553 643 enim
583 600 784 658 magister
801 609 940 644 vester
961 600 1205 645 Christus¹.
1232 619 1251 641 n
1281 600 1323 645 Si
1348 609 1495 644 autem
1525 602 1710 648 dixerint

310 672 411 732 quia
435 680 613 730 propter
630 672 975 717 incarnationem
994 687 1115 715 suam
1137 672 1373 716 humilians
1395 688 1439 716 se
1465 689 1595 733 super
1620 684 1708 719 ter-

308 759 397 788 ram
416 779 426 798 ,
453 752 630 803 propter
659 743 855 787 homines
878 745 971 787 haec
1002 743 1281 802 loquebatur,
1313 744 1593 789 ostendemus
1623 745 1706 791 illis

308 816 468 875 majora
493 824 535 858 et
550 815 740 858 firmiora
763 829 852 857 esse
874 813 947 857 illa
961 814 1224 869 testimonia,
1244 830 1343 875 quae
1362 814 1417 859 de
1432 815 1704 876 subjectione

309 887 406 930 Filii
429 887 472 929 in
501 885 731 945 Scripturis
759 894 861 929 sunt
891 885 1054 944 posita,
1091 884 1145 929 de
1177 884 1228 929 iis
1268 901 1367 946 quae
1394 885 1438 929 in
1472 889 1710 945 Evangelio

307 967 511 1016 aguntur.
538 957 579 1003 Si
597 958 712 1001 enim
735 966 913 1018 propter
935 957 1132 1001 homines
1159 972 1289 1017 super
1311 967 1470 1001 terram
1487 974 1531 1001 se
1548 959 1699 1004 humi-

309 1030 457 1084 liabat,
484 1039 525 1073 et
544 1046 632 1074 non
650 1039 700 1074 ut
723 1028 931 1074 obediens
953 1038 996 1073 et
1014 1029 1238 1089 subjectus
1260 1029 1375 1073 filius
1405 1044 1507 1074 cum
1530 1031 1702 1076 incom-

309 1101 489 1162 parabili
508 1100 742 1146 dilectione
759 1110 802 1145 et
824 1101 1059 1160 gratiarum
1076 1100 1246 1146 actione
1263 1101 1381 1145 Patri
1394 1116 1472 1146 suo
1491 1102 1712 1163 obseque-

310 1174 466 1230 batur,
491 1173 593 1234 quia
626 1181 843 1233 quantum
876 1171 1074 1216 sublimis
1100 1181 1164 1216 est
1189 1172 1235 1215 in
1261 1180 1494 1231 potestate,
1532 1181 1707 1218 tantum

307 1244 483 1288 humilis
506 1252 568 1288 est
597 1245 638 1287 in
667 1243 878 1304 obsequio
915 1262 924 1288 :
957 1252 1191 1304 antequam
1231 1258 1408 1287 carnem
1441 1244 1707 1303 susciperet,

308 1331 443 1376 quare
460 1317 603 1375 jussus
622 1313 849 1359 obaudivit
865 1350 876 1368 ,
898 1323 941 1357 et
968 1313 1102 1359 modo
1123 1313 1277 1358 sedens
1304 1314 1359 1358 ad
1389 1313 1613 1358 dexteram
1633 1316 1711 1359 Dei

313 1386 561 1448 interpellat
578 1403 657 1447 pro
673 1386 799 1431 nobis
812 1389 846 1441 2,
872 1395 915 1431 et
932 1386 976 1429 in
999 1401 1182 1445 corpore
1198 1386 1462 1430 constitutus
1479 1401 1609 1446 super
1625 1396 1713 1431 ter-

311 1475 402 1503 ram
423 1459 468 1502 in
489 1457 605 1502 coelo
633 1474 676 1501 se
711 1461 883 1501 Patrem
905 1466 1159 1515 rogaturum
1182 1456 1496 1516 promittebat,
1531 1458 1709 1505 dicens:

315 1550 333 1571 «
357 1533 412 1573 Et
433 1544 512 1587 ego
536 1530 701 1587 rogabo
723 1532 896 1572 Patrem
913 1543 1077 1583 meum,
1099 1537 1142 1572 et
1158 1526 1291 1573 alium
1309 1527 1571 1573 advocatum
1588 1528 1711 1575 dabit

313 1620 331 1641 »
357 1600 478 1644 vobis
493 1601 507 1626 ‘⁰'
522 1601 540 1643 Ρ
558 1618 578 1641 »
600 1601 655 1643 Et
681 1599 715 1643 si
739 1598 884 1643 adhuc
905 1599 950 1641 in
974 1599 1038 1642 his
1067 1599 1273 1643 omnibus
1300 1609 1480 1658 propter
1501 1600 1710 1645 duritiam

309 1682 353 1717 et.
374 1672 611 1715 caecitatem
633 1670 775 1715 cordis
793 1670 859 1713 sui
882 1668 1060 1714 credere
1083 1668 1321 1726 noluerint,
1344 1670 1420 1714 sed
1439 1671 1529 1715 ausi
1546 1669 1712 1716 suerint

309 1743 468 1797 dicere,
490 1742 611 1803 quod
634 1744 728 1786 haec
750 1742 895 1786 omnia
914 1740 1173 1785 humilitatis
1186 1757 1314 1786 causa
1328 1742 1443 1787 fiunt
1461 1761 1470 1788 :
1492 1752 1590 1802 post
1604 1759 1713 1789 con-

310 1815 646 1859 summationem
676 1812 841 1867 saeculi,
876 1813 955 1857 nisi
989 1827 1033 1856 se
1063 1821 1218 1857 natura
1253 1823 1296 1858 et
1329 1813 1556 1859 voluntate
1585 1816 1713 1861 sciret

311 1888 558 1947 subjectum
596 1896 639 1930 et
669 1886 951 1930 obedientem
970 1920 981 1939 ,
1011 1894 1061 1929 ut
1094 1884 1203 1945 quid
1237 1900 1282 1929 se
1311 1885 1589 1941 humiliaret,
1637 1887 1715 1932 ubi

311 1969 489 2019 propter
511 1958 710 2002 homines
728 1956 950 2002 humilitas
965 1957 1202 2001 necessaria
1217 1972 1306 2001 non
1324 1966 1402 2001 est.
1421 1957 1553 2010 Quod
1564 1968 1711 2003 autem

311 2040 354 2074 et
377 2039 473 2089 post
495 2028 918 2074 consummationem
932 2026 1089 2073 'saeculi
1107 2063 1118 2083 ,
1154 2026 1334 2087 quando
1355 2026 1418 2071 illi
1445 2030 1592 2074 omnia
1614 2028 1711 2074 fue-

312 2102 398 2145 rint
431 2100 657 2161 subjecta4
683 2118 692 2144 :
725 2099 826 2159 quia
855 2097 989 2143 modo
1019 2107 1175 2142 natura
1209 2098 1389 2158 quidem
1421 2100 1568 2144 omnia
1607 2110 1710 2146 sunt

311 2172 519 2233 subjecta,
553 2180 601 2216 ut
621 2179 819 2215 creatura
841 2169 1049 2227 creatori,
1077 2168 1305 2214 voluntate
1329 2178 1502 2225 autem,
1531 2180 1711 2232 propter

312 2243 497 2287 liberum
518 2242 763 2296 arbitrium,
785 2256 874 2285 non
895 2240 1041 2285 omnia
1055 2239 1116 2283 illi
1134 2240 1329 2300 subjecta
1349 2240 1549 2286 videmus
1569 2261 1578 2287 :
1605 2251 1713 2287 tunc

312 2328 415 2356 vero
444 2313 488 2356 in
515 2312 585 2356 die
609 2311 783 2371 judicii,
821 2309 1000 2371 quando
1023 2310 1070 2354 in
1101 2310 1279 2354 nomine
1308 2312 1412 2354 Jesu
1444 2326 1576 2355 omne
1598 2326 1713 2370 genu

312 2385 528 2438 flectetur,
559 2384 820 2438 coelestium,
845 2382 1132 2437 terrestrium,
1160 2391 1203 2427 et
1224 2381 1518 2438 infernorum,
1539 2392 1582 2427 et
1612 2399 1714 2429 om-

314 2458 379 2501 nis
402 2456 551 2516 lingua
575 2456 860 2502 confitebitur
877 2491 888 2512 ,
925 2455 1027 2516 quia
1058 2455 1270 2501 Dominus
1291 2457 1415 2500 Jesus
1449 2455 1647 2502 Christus
1667 2457 1714 2502 in

366 2568 375 2582 ¹
409 2561 529 2594 Mauh.
558 2573 659 2603 xxm,
685 2573 736 2595 ιο.
751 2579 793 2587 -ν-
809 2569 822 2585 ²
845 2564 937 2595 Rom.
957 2572 1028 2602 vm,
1064 2559 1116 2602 34.
1134 2577 1175 2584 —·
1190 2559 1203 2585 3
1226 2563 1318 2594 Joan-
1340 2571 1415 2602 xlv,
1441 2560 1491 2594 16.
1509 2561 1582 2588 —4
1604 2572 1616 2594 1
1637 2562 1711 2595 Cor.

316 2628 372 2658 xv,
398 2617 452 2650 28.
1239 2623 1243 2630 ”·
