1803 3250
391 232 554 262 comm
586 232 862 262 SECUNDINUM
894 232 1180 261 Mamcnffium.
1392 223 1475 262 329

102 316 224 357 rum,
250 301 325 346 sed
350 300 566 346 carnalem
593 302 617 343 J
624 299 788 343 udai'cae
810 299 1055 357 propaginis
1084 298 1377 343 excellentiam
1395 335 1405 355 ‚
1436 309 1478 344 et

100 388 180 434 pro
199 373 435 432 synagogis
455 380 647 430 paternae
670 369 807 428 gentis
827 369 1070 413 errantibus
1090 379 1132 414 et
1154 370 1372 415 Christum
1391 386 1477 415 non

101 444 447 502 agnoscentibUS‚
470 441 611 486 zelum
634 438 924 500 persequendi
949 440 1227 496 Christianos,
1261 458 1348 501 quo
1384 452 1481 486 tan-

99 530 232 576 quam
253 513 463 559 laudabili
480 511 812 565 accendebatur,
829 520 872 555 et
883 512 1096 571 justitiam
1114 528 1215 572 quae
1229 529 1278 556 ex
1293 513 1386 572 lege
1402 524 1480 568 est,

100 603 187 648 qua
209 589 233 631 J
239 585 372 641 udaei‚
398 600 486 629 non
503 584 561 627 ibi
580 582 798 628 intellecta
817 583 892 627 Dei
908 583 1063 641 gratia,
1092 584 1278 643 superbe
1296 584 1485 643 glorian-

100 667 197 712 tur,
223 656 382 701 damna
404 664 448 700 et
463 664 650 700 stercora
673 654 919 714 deputavit,
945 663 995 699 ut
1015 655 1238 700 Christum
1262 655 1486 700 lucriface-

101 730 189 773 ret¹
215 748 224 773 ι
249 736 415 788 quanto
438 727 571 785 magis
598 735 648 771 tu
672 726 915 786 Scripturas
936 725 1030 770 illas
1058 725 1348 770 nefandarum
1377 727 1487 771 blas-

101 799 374 860 phemiarum
388 798 671 858 plenissimas,
691 797 767 842 ubi
781 807 934 843 natura
947 797 1154 853 veritatis,
1170 807 1321 842 natura
1335 814 1379 842 su
1388 799 1489 842 mmi

102 871 208 915 boni
223 905 235 925 ‚
275 879 431 914 natura
466 869 543 913 Dei
582 870 708 914 toties
732 868 952 913 mutabilis
968 904 979 924 ‚
1026 869 1151 913 toties
1191 870 1301 913 victa
1321 904 1331 923 ‚
1366 870 1491 913 toties

101 950 327 1001 corrupta,
352 950 394 985 et
417 956 470 985 ex
491 950 613 1000 parte
634 940 995 1000 inexplicabiliter
1022 941 1248 1001 inquinata
1279 950 1408 1000 atque
1437 942 1490 984 ab

102 1012 194 1072 ipsa
214 1012 393 1056 veritate
415 1011 460 1055 in
481 1012 568 1055 fine
589 1010 838 1055 damnanda
855 1010 1130 1066 describitur,
1152 1026 1239 1055 non
1254 1011 1363 1055 sicut
1381 1021 1489 1055 ster-

102 1097 203 1126 cora
219 1116 230 1136 ,
261 1083 334 1126 sed
358 1083 470 1126 sicut
491 1096 659 1125 venena
689 1079 822 1125 debes
855 1081 1039 1141 abjicere
1060 1116 1071 1136 ,
1108 1090 1150 1125 et
1181 1082 1235 1125 ad
1258 1082 1490 1125 Ecclesiam

103 1151 378 1207 catholicam,
403 1166 503 1211 quae
521 1151 633 1196 sicut
655 1160 777 1195 tanto
793 1161 893 1196 ante
915 1153 1190 1212 prophetata,
1216 1153 1273 1198 ita
1291 1169 1368 1198 suo
1384 1163 1493 1197 tem-2

104 1238 210 1283 pore
230 1221 416 1267 revelata
434 1231 513 1277 est,
535 1222 657 1265 finita
674 1222 956 1267 contentione
978 1223 1191 1268 transire?

163 1293 294 1347 Quod
316 1292 415 1337 ideo
443 1292 524 1337 tibi
546 1292 720 1354 loquor,
746 1293 849 1353 quia
872 1308 992 1338 mens
1014 1303 1090 1338 tua
1114 1310 1194 1338 nec
1219 1303 1373 1339 natura
1392 1295 1492 1338 mali

105 1373 190 1420 est,
215 1380 315 1424 quae
338 1365 515 1409 omnino
533 1363 655 1408 nulla
674 1373 764 1423 est3
788 1380 868 1409 nec
890 1374 1046 1409 natura
1071 1367 1173 1421 Dei,
1202 1365 1394 1426 alioquin
1426 1367 1494 1408 in-

104 1436 407 1481 commutabili
437 1435 831 1496 frustra.loquerer
853 1455 862 1481 2
887 1435 962 1480 sed
996 1437 1205 1496 quoniam
1237 1446 1403 1481 mutata
1433 1446 1495 1480 est

107 1506 347 1551 deserendo
366 1509 526 1561 Deum,
551 1515 594 1550 et
611 1507 699 1563 ipsa
721 1507 906 1551 mutatio
935 1508 1027 1566 ejus
1051 1507 1213 1551 malum
1238 1517 1323 1558 est3
1351 1517 1495 1551 mute-

108 1588 180 1624 tur
201 1594 405 1624 conversa
423 1578 478 1622 ad
494 1579 853 1623 incommutabile
872 1579 1055 1635 bonum,
1070 1580 1116 1623 in
1134 1580 1350 1640 adjutorio
1365 1580 1496 1638 ipsius

108 1650 476 1695 incommutabilis
495 1650 598 1694 boni
617 1671 627 1707 3
647 1659 689 1694 et
711 1650 806 1694 talis
830 1651 920 1711 ejus
942 1651 1125 1695 mutatio
1150 1651 1230 1695 erit
1253 1668 1276 1695 a
1298 1650 1413 1695 malo
1443 1649 1496 1694 li-

108 1722 290 1767 beratio.
318 1723 440 1765 Hanc
463 1722 805 1766 admonitionem
828 1723 861 1766 si
884 1724 1048 1781 spernis
1065 1758 1075 1778 ‚
1102 1723 1207 1766 duas
1236 1723 1379 1766 adhuc
1404 1738 1496 1766 crc-

107 1792 214 1837 dens
238 1807 328 1836 esse
357 1801 533 1836 naturas
551 1827 562 1847 ,
608 1807 742 1836 unam
775 1793 1032 1836 mutabilem
1066 1793 1169 1837 boni
1192 1828 1202 1847 ‚
1240 1809 1338 1853 quae
1381 1792 1496 1837 malo

107 1864 318 1925 permixta
339 1863 482 1923 potuit
502 1863 723 1924 injustitiae
746 1864 989 1908 consentire
1007 1900 1021 1919 ,
1047 1863 1226 1909 alteram
1254 1864 1497 1909 incommu-

110 1934 285 1980 tabilem
306 1932 434 1991 mali,
457 1951 557 1996 quae
580 1950 659 1979 nec
677 1934 793 1979 bono
816 1935 947 1979 mixta
969 1935 1113 1994 potuit
1134 1936 1380 1980 consentire
1402 1937 1497 1995 jus-

110 2006 233 2061 titiae‚
247 2006 484 2065 proximam
496 2005 615 2050 illam
628 2005 876 2066 pudendam
894 2004 1085 2050 fabulam
1097 2007 1230 2066 garris
1239 2007 1499 2051 execrabiles

110 2086 347 2138 turpesque
363 2076 651 2137 blasphemias
664 2077 709 2121 in
721 2076 1007 2122 fornicatione
1021 2077 1312 2136 prurientium
1328 2078 1496 2122 aurium

111 2149 416 2205 seminantem,
441 2158 492 2194 ut
513 2149 567 2193 sis
588 2150 634 2193 in
653 2164 803 2194 eorum
825 2164 968 2208 grege,
993 2148 1047 2193 de
1065 2149 1223 2209 quibus
1239 2142 1497 2209 praedictum

112 2230 201 2276 est,
226 2221 347 2280 quod
373 2239 393 2262 «
414 2221 496 2264 erit
519 2229 715 2279 tempus,
751 2220 929 2280 quando
959 2236 1106 2266 sanam
1134 2220 1377 2265 doctrinam
1410 2237 1499 2266 non

115 2308 137 2334 »
162 2306 253 2335 non
269 2290 573 2346 sustinebunt,
594 2290 670 2335 sed
691 2291 746 2335 ad
759 2307 835 2336 sua
851 2290 1061 2335 desideria
1074 2292 1394 2337 coacervabunt
1417 2292 1499 2336 sibi

117 2382 138 2405 »
163 2363 388 2422 magistros
412 2364 649 2421 prurientes
663 2364 862 2419 auribus,
883 2373 927 2408 et
949 2380 972 2408 a
988 2365 1165 2408 veritate
1177 2363 1356 2423 quidem
1371 2363 1498 2408 audi--

117 2451 138 2475 »
164 2443 257 2478 tum
270 2448 399 2478 suum
421 2441 677 2489 avertentes,
698 2432 752 2478 ad
762 2433 932 2479 fabulas
943 2445 1086 2480 autem
1102 2437 1452 2480 conve1·tentur².
1475 2454 1494 2475 »

116 2505 158 2550 Si
171 2513 316 2549 autem
330 2504 442 2548 hanc
458 2503 797 2550 admonitionem
815 2505 1053 2566 prudenter
1069 2507 1243 2566 accipis,
1262 2521 1496 2553 conversus

198 2589 311 2634 Philip.
340 2601 391 2633 111,
413 2601 446 2633 9.
465 2607 506 2615 -
522 2597 535 2613 2
555 2599 574 2624 2
595 2590 674 2624 Tim.
691 2602 738 2633 iv,
757 2591 788 2625 3.
