1803 3250
323 171 409 212 270
746 181 779 210 s.
816 181 1046 213 Ausus-nm
1079 185 1260 213 Emscom

322 259 397 294 aut
427 248 656 303 saevirent,
691 258 766 294 aut
795 250 991 310 quolibet
1023 249 1143 295 aliud
1177 251 1269 295 sine
1300 250 1445 311 aliqua
1475 252 1705 297 societate:

322 336 574 380 quanquam
594 335 674 364 nec
696 322 776 381 ipsi
798 323 873 382 qui
894 323 977 367 hoc
1000 323 1201 380 agebant,
1227 321 1378 366 formis
1399 323 1484 366 suis
1505 321 1711 367 determi-

322 391 412 435 nati
434 400 601 447 essent,
637 392 716 436 nisi
746 392 901 438 modus
923 393 983 437 ibi
1005 402 1140 438 esset:
1167 408 1285 437 nunc
1307 408 1410 437 vero
1434 392 1533 436 talia
1556 393 1712 438 dicunt

321 475 393 505 eos
415 461 564 520 egisse,
591 471 640 507 ut
661 462 704 507 in
729 464 933 509 omnibus
957 464 1198 509 actionibus
1219 465 1306 509 suis
1329 463 1480 507 modos
1500 463 1578 507 sibi
1602 479 1710 508 con-

322 547 452 591 gruos
483 532 684 578 habuisse
714 549 872 594 negare
903 551 992 580 non
1021 535 1201 594 possint.
1231 535 1278 580 Si.
1295 543 1441 578 autem
1463 534 1626 593 species
1651 533 1712 578 ibi

321 618 411 648 non
425 602 591 658 fuisset,
613 604 733 650 nulla
750 605 810 649 ibi
828 604 1012 666 qualitas
1030 606 1237 650 naturalis
1255 605 1522 650 subsisteret.
1551 605 1594 649 Si
1611 604 1713 649 nui-

321 673 389 719 lus
411 673 519 720 01110
540 675 600 720 ibi
622 675 787 731 fuisset,
811 692 900 721 non
923 676 993 721 alii
1016 676 1364 731 dominarentur,
1385 676 1457 719 alii
1476 675 1714 720 subderen-

322 755 409 802 tur,
432 762 519 791 non
539 747 583 792 in
600 748 685 792 suis
704 748 926 792 elementis
940 757 1231 806 congruenter
1250 747 1458 801 viverent,
1479 763 1566 792 non
1585 746 1713 791 deni-

320 834 407 878 que
438 819 525 863 suis
559 818 664 864 locis
693 820 904 863 haberent
927 819 1123 863 membra
1145 818 1367 879 disposita,
1392 829 1441 864 ut
1468 818 1541 863 illa
1569 820 1714 863 omnia

320 905 421 949 quae
440 905 551 935 vana
573 889 642 933 isti
663 888 937 945 fabulantur,
960 905 1084 948 agere
1104 900 1291 949 possent.
1316 891 1392 934 Dei
1415 900 1561 935 autem
1582 900 1713 934 natu-

321 976 413 1005 ram
435 961 470 1004 si
492 976 581 1005 non
603 970 820 1006 mortuam
840 962 1009 1016 (11011111,
1030 962 1139 1022 (1111(1
1156 961 1395 1006 seeundum
1416 976 1569 1005 eorum
1591 961 1709 1006 vani-

321 1041 455 1078 tatem
471 1033 648 1078 suscitat
666 1034 889 1078 Christus?
909 1035 1056 1079 Sinon
1072 1034 1226 1079 dicunt
1240 1049 1417 1093 aegram,
1441 1033 1548 1093 quid
1566 1034 1716 1078 curat?

323 1104 366 1150 Si
384 1120 474 1149 non
494 1103 647 1149 dieunt
669 1104 868 1160 oblitam,
894 1106 1001 1166 quid
1024 1107 1364 1150 commemorat?
1389 1105 1432 1150 Si
1452 1120 1540 1148 11011
1563 1103 1716 1148 (11011111

320 1175 611 1235 insipientem,
632 1176 739 1237 quid
754 1176 908 1221 docet?
928 1177 971 1221 Si
988 1193 1076 1222 non
1095 1176 1247 1221 dieunt
1268 1176 1583 1235 perturbatam,
1605 1173 1716 1235 quid

320 1246 611 1307 redintegrat?
645 1250 687 1294 Si
720 1265 810 1293 11011
844 1249 957 1294 victa
989 1258 1031 1293 et
1064 1259 1189 1308 capta
1219 1258 1298 1304 est,
1336 1247 1443 1308 quid
1465 1247 1648 1291 liberat?
1673 1246 1715 1291 Si

321 1335 411 1364 non
429 1330 541 1378 eget,
563 1321 633 1364 eui
650 1320 881 1365 subvenit?
906 1321 949 1366 Si
967 1337 1055 1365 11011
1079 1321 1220 1365 amisit
1238 1336 1428 1374 sensum,
1454 1318 1563 1379 quid
1585 1333 1716 1377 vege·-

320 1392 409 1436 tat?
443 1391 486 1436 Si
521 1407 607 1436 non
643 1401 706 1436 cst
734 1401 971 1447 excaecata,
1003 1392 1110 1452 quid
1139 1390 1381 1435 illuminat?
1407 1390 1449 1435 Si
1473 1405 1563 1434 non
1584 1398 1648 1437 est
1670 1389 1716 1432 in

320 1460 486 1517 dolore,
504 1463 612 1522 quid
630 1465 819 1508 recreat?
837 1465 981 1508 Sinon
1004 1472 1067 1507 est
1082 1463 1248 1523 iniqua,
1273 1463 1383 1522 quid
1404 1477 1482 1520 per
1497 1469 1716 1521 praecepta

321 1533 524 1591 corrigit?
549 1534 591 1578 Si
613 1549 702 1579 11011
725 1544 788 1580 est
809 1533 1086 1589 dedecorata,
1112 1534 1220 1595 quid
1243 1533 1453 1578 mundat?
1478 1534 1519 1578 Si
1539 1548 1629 1577 non
1652 1541 1716 1576 est

319 1605 365 1649 111
385 1603 520 1661 bello,
544 1605 613 1649 cui
636 1606 850 1665 promittit
873 1608 1050 1665 pacem?
1074 1607 1116 1651 Si
1134 1622 1223 1650 non
1241 1615 1304 1650 est
1321 1603 1623 1659 immoderata,
1645 1603 1717 1648 0111

320 1674 503 1720 modum
519 1676 625 1736 legis
642 1676 854 1737 imponit?
875 1679 918 1722 Si
936 1693 1024 1723 non
1043 1687 1106 1722 est
1118 1676 1340 1732 deformis,
1357 1675 1464 1736 quid
1482 1676 1716 1721 reformat?

323 1748 366 1793 Si
391 1763 482 1792 non
504 1757 568 1793 est
588 1763 812 1808 perversa,
848 1748 955 1809 quid
990 1748 1219 1793 emendat?
1249 1749 1407 1793 Omnia
1430 1748 1547 1793 enim
1575 1748 1670 1792 11300
1692 1761 1717 1790 a

319 1819 509 1875 Christo,
530 1836 618 1865 non
640 1819 704 1864 illi
728 1820 788 1864 rei
813 1820 1004 1880 praestari
1025 1819 1195 1875 dicunt,
1221 1836 1321 1880 quae
1343 1819 1457 1864 facta
1481 1828 1545 1863 est
1563 1835 1584 1863 a
1604 1822 1712 1874 Deo,

319 1900 364 1935 et
388 1891 568 1936 arbitrio
594 1892 770 1951 proprio
792 1891 1016 1951 peccando
1039 1892 1297 1951 depravata,
1323 1890 1399 1936 sed
1420 1891 1503 1950 ipsi
1527 1899 1713 1946 naturae,

320 1961 400 2022 ipsi
422 1963 676 2008 substantiae
697 1964 790 2019 Dei,
815 1979 914 2023 quae
932 1964 1015 2007 hoe
1033 1972 1096 2007 est
1114 1961 1235 2023 quod
1259 1966 1385 2007 Deus.

382 2036 522 2079 XLII.
559 2035 676 2088 Quid
695 2035 784 2080 istis
812 2035 1091 2095 blasphemiis
1121 2035 1361 2095 comparari
1389 2036 1563 2094 potest?
1597 2034 1715 2080 Nihil

324 2106 520 2162 omnino,
540 2107 614 2151 sed
632 2107 666 2152 si
683 2107 865 2152 aliarum
887 2122 1187 2167 perversarum
1203 2116 1419 2152 sectarum
1440 2106 1716 2151 consideren-

323 2187 396 2223 tur
410 2194 600 2224 errores:
627 2180 661 2224 si
683 2188 830 2224 autem
853 2179 932 2224 iste
948 2179 1029 2223 sibi
1044 2195 1164 2224 error
1181 2195 1231 2223 ex
1249 2188 1371 2239 parte
1388 2177 1538 2233 altera,
1557 2177 1612 2222 de
1629 2193 1718 2238 qua

324 2250 523 2296 nondum
541 2251 729 2296 diximus
748 2260 1040 2311 comparetur,
1062 2251 1206 2295 adhuc
1223 2251 1353 2295 etiam
1374 2249 1515 2294 multo
1534 2250 1656 2309 pejus
1674 2257 1717 2292 et

324 2322 606 2367 execrabilius
628 2323 673 2366 in
692 2323 768 2367 Dei
789 2332 991 2367 naturam
1010 2321 1312 2381 blasphemare
1329 2320 1621 2370 convincitur.
1642 2320 1717 2364 Di·

325 2402 433 2437 cunt
453 2393 568 2437 enim
598 2393 727 2438 etiam
754 2392 988 2438 nonnullas
1018 2392 1203 2447 animas,
1230 2407 1338 2452 quas
1359 2390 1514 2436 volunt
1546 2405 1634 2435 esse
1661 2389 1717 2434 de

325 2463 566 2510 substantia
581 2465 655 2510 Dei
671 2474 714 2509 et
727 2464 921 2525 ejusdem
933 2464 1112 2509 omnino
1127 2472 1312 2519 naturae,
1333 2478 1432 2523 quae
1455 2477 1543 2507 non
1561 2470 1715 2521 sponte

327 2535 618 2595 peccaverint,
637 2535 712 2581 sed
731 2552 753 2581 a
773 2545 900 2596 gente
922 2534 1218 2590 tenebrarum,
1237 2551 1264 2595 q
1273 2548 1369 2578 uam
1391 2532 1493 2578 mali
1514 2541 1712 2578 naturam

1724 2294 1741 2301 s
