1803 3250
337 226 419 263 :360
759 233 790 258 s.
830 234 1055 260 Anaus'rmi
1094 234 1269 259 Eiusnori

337 299 575 345 seeundum
609 305 784 356 peccata
817 306 960 342 nostra
990 298 1091 341 fecit
1122 297 1271 351 nobis,
1303 312 1444 357 neque
1479 298 1719 343 secundum

336 370 584 429 iniquitates
616 377 781 412 nostras
815 369 1018 413 retribuit
1046 369 1196 425 nobis,
1233 367 1307 412 sed
1341 377 1554 428 quantum
1591 368 1720 414 distat

333 442 485 485 Oriens
504 440 559 484 ab
589 438 843 498 Occidente,
868 439 995 498 longe
1018 439 1121 484 fecit
1146 455 1166 483 a
1198 439 1321 484 nobis
1346 449 1522 499 peccata
1545 449 1722 499 nostra3

330 513 406 573 qui
424 513 535 556 sicut
557 512 785 556 miseratur
802 521 924 571 pater
946 512 1072 566 filios,
1094 512 1153 556 sic
1179 512 1404 556 miseratur
1427 512 1627 556 timentes
1647 526 1691 556 se
1709 532 1720 570 3

330 585 407 646 qui
424 583 529 628 dicit
555 603 563 629 ε
591 603 611 626 «
630 583 741 630 Nolo
763 593 949 628 mortem
964 584 1215 644 peccatoris,
1239 592 1454 644 quantum
1471 592 1519 628 ut
1532 592 1723 628 reverta-

335 677 351 698 »
378 666 450 700 tur
471 664 514 699 et
533 655 690 700 vivat¹.
711 673 731 697 »
752 657 850 701 Non
866 653 939 699 ille
956 655 1032 714 qui
1045 664 1222 714 propter
1239 653 1459 698 lucrorum
1479 654 1720 709 avaritiam,

330 729 461 773 etiam
483 742 583 771 eum
601 742 773 771 servum
795 727 872 786 qui
894 741 984 770 non
1003 723 1193 784 perdidit
1212 726 1423 770 talentum
1445 725 1566 785 quod
1598 740 1723 770 acce·

329 809 472 860 perat,
499 807 670 844 tantum
693 798 793 859 quia
814 813 902 843 non
929 796 1115 856 amplius
1138 796 1391 856 acquisivit,
1417 796 1557 855 ligatis
1581 797 1726 841 mani-

329 872 410 915 bus
431 880 473 915 et
497 870 682 929 pedibus
713 868 862 928 projici
888 867 1015 928 jussit
1045 868 1091 912 in
1129 867 1329 927 tenebras
1359 868 1615 924 exteriores,
1647 868 1724 912 ubi

330 951 439 987 esset
464 942 503 985 ei
526 942 653 984 fletus
683 949 726 984 et
748 938 907 985 stridor
930 939 1156 984 dentium²
1178 959 1187 984 :
1208 949 1252 984 et
1276 940 1352 1000 qui
1383 941 1606 984 hominem
1636 954 1726 984 non

331 1013 568 1057 habentem
592 1020 752 1056 vestem
776 1009 1020 1070 nuptialem
1043 1011 1098 1054 de
1120 1011 1320 1055 convivio
1340 1026 1419 1055 suo
1442 1010 1577 1065 tollit,
1603 1019 1647 1055 et
1668 1011 1726 1054 si-

331 1084 490 1129 militer
508 1082 735 1142 alligatum
756 1081 884 1126 simili
896 1081 1111 1141 supplicio
1127 1082 1257 1142 punit
1275 1102 1283 1127 :
1302 1084 1433 1143 etqui
1451 1083 1728 1127 venientibus

332 1155 387 1199 ad
409 1171 470 1211 se,
496 1164 538 1199 et
560 1154 851 1213 pulsantibus,
872 1162 915 1198 et
937 1153 1184 1198 dicentibus
1204 1171 1212 1194 :
1245 1172 1265 1195 «
1284 1155 1483 1208 Domine,
1511 1155 1629 1214 aperi
1649 1169 1728 1198 no-

337 1246 357 1268 »
384 1227 474 1284 bis,
500 1227 735 1286 respondet
761 1245 770 1270 ι
807 1227 904 1271 Non
927 1240 1002 1270 vos
1025 1225 1156 1271 novi3
1174 1262 1185 1281 ,
1213 1247 1230 1268 »
1264 1235 1435 1271 tantum
1458 1227 1560 1287 quia
1583 1226 1730 1271 oleum

333 1314 499 1355 secum,
525 1297 647 1359 quod
667 1296 953 1342 infunderent
974 1297 1060 1342 suis
1077 1296 1369 1357 lampadibus,
1396 1315 1485 1344 non
1502 1297 1700 1343 tulerunt
1718 1317 1727 1343 ε

335 1379 379 1414 et
400 1369 477 1429 qui
499 1378 677 1429 propter
700 1382 838 1412 unum
859 1367 1226 1413 contumeliosum
1244 1369 1427 1413 verbum
1451 1369 1583 1413 mittit
1597 1369 1641 1412 in
1660 1383 1733 1427 ge-

335 1443 529 1486 hennam
561 1460 569 1485 :
608 1449 652 1484 et
684 1440 762 1500 qui
797 1455 875 1499 pro
913 1439 1140 1498 temporali
1168 1440 1267 1484 cibo
1291 1456 1381 1485 non,
1404 1450 1605 1500 accepto,
1631 1441 1732 1500 igne

338 1513 518 1558 damnat
553 1522 732 1556 aeterno.
778 1514 881 1556 Haec
915 1520 1047 1571 atque
1084 1511 1334 1572 hujusmodi
1369 1513 1402 1556 si
1439 1513 1536 1573 quis
1574 1528 1733 1558 vesana

338 1594 484 1629 mente
502 1583 751 1643 sacrilegus,
773 1583 874 1627 inde
897 1582 1012 1627 lenia
1028 1619 1039 1639 ,
1067 1583 1170 1628 hinc
1195 1599 1343 1644 aspera
1365 1584 1566 1643 colligat,
1598 1600 1647 1630 ac
1675 1584 1735 1629 sic

340 1656 539 1700 homines
564 1663 850 1714 utrarumque
871 1653 1117 1698 litterarum
1138 1655 1362 1713 imperitos
1384 1672 1407 1699 a
1434 1655 1607 1701 Christo
1639 1665 1736 1699 tan-

340 1742 473 1787 quam
496 1741 610 1770 saevo
627 1735 670 1769 et
691 1723 857 1770 crudeli
879 1735 1064 1770 conetur
1087 1735 1302 1782 avertere,
1329 1736 1372 1771 et
1391 1726 1443 1770 ad
1466 1730 1603 1771 Deum
1627 1730 1735 1771 Pro-

340 1799 574 1859 phetarum
596 1796 920 1842 misericordem
947 1798 1187 1858 mitemque
1215 1808 1494 1857 convertere3
1525 1814 1673 1845 nonne
1694 1807 1738 1843 et

341 1871 444 1915 huic
470 1871 550 1930 ipsi
579 1870 655 1930 qui
676 1870 761 1914 hoc
785 1868 888 1914 facit
915 1870 1061 1913 Veteri
1086 1872 1384 1926 Testamento,
1416 1870 1538 1932 quod
1565 1871 1620 1915 ab
1654 1872 1737 1915 ho-

344 1944 460 1987 mine
482 1942 679 1987 similiter
702 1940 910 2000 sacrilego
932 1951 1077 2001 posset
1100 1943 1191 1986 lieri
1212 1958 1352 1999 novo,
1384 1943 1582 2002 impurus
1606 1952 1739 2002 atque

342 2015 501 2074 impius
519 2014 776 2074 apparebit?
793 2013 876 2068 Qui
890 2022 1036 2057 autem
1050 2022 1165 2058 recte
1179 2013 1282 2058 colit
1303 2017 1456 2069 Deum,
1480 2024 1523 2059 et
1541 2013 1739 2074 profecto

346 2086 572 2145 utriusque
608 2085 871 2129 Testamenti
902 2085 1068 2129 invenit
1107 2100 1244 2129 unum
1279 2087 1441 2140 Deum,
1473 2094 1517 2130 et
1544 2083 1740 2145 ejusdem

347 2157 476 2202 unius
500 2157 576 2200 Dei
596 2156 643 2200 in
666 2165 855 2216 utroque
870 2155 1013 2215 diligit
1029 2156 1288 2211 bonitatem,
1313 2158 1358 2200 in
1377 2166 1567 2217 utroque
1585 2150 1742 2201 metuit

347 2228 617 2272 severitatem
645 2245 655 2272 2
679 2227 725 2270 in
756 2225 832 2271 illo
860 2225 1103 2284 intelligens
1136 2228 1395 2286 promissum
1424 2228 1673 2284 Christum,
1694 2227 1740 2271 in

352 2300 431 2343 isto
454 2298 668 2358 accipiens
692 2297 912 2342 redditum
935 2298 1172 2343 Christum.

411 2372 595 2414 XXXV.
620 2372 775 2415 Nonne
798 2370 915 2429 prius
938 2369 1082 2413 inillis
1104 2370 1322 2414 veteribus
1338 2369 1459 2413 libris
1479 2368 1641 2414 lectum
1660 2378 1740 2425 est,

355 2458 444 2486 non
468 2441 741 2487 reddendum
766 2441 928 2486 malum
952 2457 1030 2501 pro
1054 2442 1192 2496 malo,
1221 2442 1296 2485 ubi
1329 2442 1580 2501 praecipitur
1596 2477 1606 2497 ‚
1639 2449 1687 2485 ut
1711 2442 1744 2485 si

352 2513 601 2572 jumentum
623 2513 786 2557 inimici
815 2513 881 2557 sui
909 2528 1049 2556 errare
1082 2514 1267 2574 quisque
1295 2513 1534 2567 invenerit,
1574 2521 1745 2557 revocet

411 2607 422 2622 1
443 2599 733 2640 Ezecli.xv1n,23‚
753 2605 786 2631 et
800 2611 899 2640 xxxii,
922 2611 1029 2632 11.——
1047 2606 1059 2624 ³
1078 2599 1193 2632 Matth.
1214 2610 1291 2640 xxii,
1314 2599 1362 2631 13.
1377 2598 1438 2625 -3
1458 2598 1504 2630 ld.
1525 2609 1601 2639 xxv,
1626 2607 1676 2630 ¹2.
