1803 3250
426 194 587 223 comm
620 196 834 232 nmmum,
869 196 951 222 LlB.
988 195 1114 222 xxiii.
1385 190 1458 223 tls)

79 260 181 305 velit
203 260 347 320 putari
368 261 582 320 scripsisse
604 260 658 303 dc
680 259 874 314 Christo,
900 262 1021 318 quod
1043 276 1132 304 non
1147 261 1242 305 vult
1264 264 1455 317 credere,

76 339 119 375 et
140 329 261 390 quod
282 329 547 376 calumniosa
568 328 756 379 versutia
773 326 963 373 refutare
981 340 1180 376 conatur.

135 403 236 446 VII.
264 401 333 448 Sic
354 417 456 461 ergo
485 400 540 445 de
561 398 676 444 coelo
690 399 856 443 dictum
872 408 937 443 est
957 415 1087 458 super
1115 417 1273 461 aquam
1297 402 1457 448 Jorda-

74 472 162 528 nis,
186 489 207 515 «
234 473 316 518 Hic
337 481 401 518 est
419 470 556 517 Filius
578 486 700 516 meus
722 469 934 526 dilectus,
958 471 1006 515 in
1026 488 1115 532 quo
1137 473 1244 517 mihi
1265 476 1459 534 compla-

75 562 96 586 »
131 545 230 590 cui1
258 564 268 591 ε
296 542 317 587 ἱ»
340 544 715 605 quemadmodum
732 542 900 588 dictum
917 552 981 588 est
998 552 1041 588 et
1057 544 1103 588 in
1121 554 1285 589 monte.
1306 549 1458 607 Neque

72 616 188 661 enim
208 616 312 677 quia
332 625 377 661 et
391 616 455 661 ibi
481 615 537 661 de
558 614 672 660 coelo
693 630 778 661 vox
799 617 890 674 ipsa
906 615 1075 674 sonuit,
1105 616 1240 661 Filius
1263 618 1340 661 Dei
1358 628 1458 664 ante

71 702 162 731 non
197 685 282 732 fuit
314 706 322 732 ε
356 685 714 748 quandoquidem
744 701 795 731 ex
828 695 955 731 utero
983 687 1156 745 virginis
1182 687 1256 732 ille
1293 690 1460 748 accepit

71 757 260 803 formam
278 759 410 814 servi,
439 777 460 800 «
482 759 568 812 Qui
595 758 763 803 cumin
784 757 925 803 forma
948 758 1026 803 Dei
1060 768 1196 815 esset,
1223 775 1313 804 non
1341 761 1460 819 rapi-

74 845 96 871 »
130 844 233 874 nam
253 829 485 874 arbitratus
506 838 591 885 est,
620 845 708 873 esse
725 828 904 890 aequalis
928 832 1017 874 Deo
1029 833 1060 872 2.
1086 849 1105 871 »
1128 831 1326 891 Denique
1344 831 1460 876 idem

71 901 162 960 ipse
183 900 404 960 apostolus
422 901 583 946 Paulus
605 900 689 945 alio
712 900 810 945 loco
839 901 1103 960 apertissime
1131 902 1236 946 dicit
1262 922 1271 947 :
1301 921 1320 944 «
1346 905 1459 948 Cum

75 988 96 1012 »
112 981 261 1016 autem
274 972 394 1018 venit
406 971 635 1032 plenitudo
645 972 868 1032 temporis,
882 973 996 1017 misit
1008 975 1122 1017 Deus
1134 973 1295 1018 Filium
1310 990 1457 1030 suum,

72 1060 92 1084 »
116 1042 285 1087 factum
307 1059 359 1088 ex
377 1043 575 1097 muliere,
596 1042 764 1088 factum
789 1044 871 1088 sub
896 1043 993 1101 lege
1008 1044 1023 1070 ³
1051 1060 1059 1084 :
1087 1062 1105 1085 »
1132 1044 1359 1089 mulierem
1378 1048 1461 1090 sci-

69 1113 173 1158 licet
197 1128 320 1158 more
339 1112 573 1158 locutionis
591 1113 810 1157 hebraicae
832 1112 1060 1158 foeminam
1095 1114 1333 1174 appellans.
1362 1119 1459 1175 Ipse

71 1199 172 1243 ergo
209 1193 274 1229 est
307 1183 444 1229 Filius
466 1185 566 1240 Dei,
598 1184 673 1245 qui
709 1193 752 1229 et
794 1185 1004 1229 Dominus
1041 1186 1180 1230 David
1217 1186 1460 1231 secundum

71 1256 371 1313 divinitatem3
395 1264 439 1300 et
471 1254 589 1300 idem
610 1254 702 1315 ipse
730 1255 843 1300 filius
867 1256 1026 1312 David,
1061 1272 1111 1300 ex
1138 1258 1301 1301 semine
1324 1258 1462 1303 David

71 1327 312 1372 secundum
333 1342 524 1372 carnem.
550 1325 681 1381 Quod
699 1327 735 1370 si
752 1326 879 1371 nobis
901 1327 1077 1372 credere
1099 1344 1189 1373 non
1212 1328 1460 1388 prodesset,

71 1413 162 1443 non
183 1399 267 1444 hoc
287 1406 376 1448 tam
398 1406 564 1443 attente
586 1396 703 1442 idem
727 1397 962 1458 Apostolus
983 1398 1212 1444 Timotheo
1235 1415 1462 1444 commen-

70 1469 210 1525 daret,
225 1470 374 1515 dicens
397 1489 406 1515 :
427 1473 632 1515 «Memor
655 1479 746 1514 esto
764 1471 985 1516 Christum
1009 1473 1157 1515 Jesum
1180 1473 1462 1518 resurrexisse

73 1559 94 1582 »
129 1557 153 1585 a
173 1542 358 1585 mortuis
376 1576 386 1596 ‚
425 1556 475 1585 ex
503 1542 667 1584 semine
691 1541 827 1586 David
845 1577 856 1596 ‚
897 1541 1139 1586 secundum
1175 1544 1461 1602 Evangelium

73 1629 94 1654 »
128 1612 319 1656 meum4.
348 1629 368 1654 »
389 1613 552 1658 Contra
574 1612 695 1672 quod
712 1613 1002 1672 Evangelium
1025 1614 1222 1674 quisquis
1243 1614 1363 1660 aliud
1384 1631 1464 1660 an-

69 1683 336 1729 nuntiaverit
378 1693 428 1728 ut
459 1683 689 1728 anathema
718 1683 798 1728 sit⁵
820 1718 831 1739 ‚
870 1699 1027 1743 magna
1054 1701 1158 1730 cura
1195 1685 1346 1732 fideles
1379 1685 1461 1731 ad-

72 1755 260 1800 monuit.

114 1829 239 1872 VIII.
265 1825 383 1880 Quid
399 1839 503 1884 ergo
513 1825 604 1884 jam
619 1834 767 1869 movet
780 1825 917 1869 sancti
939 1826 1162 1886 Evangelii
1185 1836 1459 1884 sectatorem,

67 1897 190 1958 quod
221 1898 312 1942 sine
345 1896 586 1942 concubitu
607 1896 772 1955 Joseph
794 1896 991 1942 Christus
1025 1906 1152 1942 natus
1175 1914 1226 1943 ex
1262 1899 1430 1958 virgine
1448 1934 1460 1954 ,

66 1969 182 2014 filius
199 1978 347 2014 tamen
368 1967 507 2014 David
527 1967 773 2028 appellatur
789 2003 800 2022 ,
825 1983 927 2012 cum
946 1970 1277 2028 generationum
1306 1971 1460 2015 seriem

66 2055 156 2085 non
184 2054 325 2100 usque
351 2038 407 2083 ad
439 2038 646 2094 Mariam,
671 2039 748 2084 sed
770 2054 909 2099 usque
943 2039 997 2084 ad
1034 2041 1196 2100 Joseph
1224 2041 1459 2087 Matthaeus

67 2109 329 2170 evangelista
360 2108 599 2170 perducat?
627 2108 797 2165 Primo,
839 2110 941 2169 quia
974 2111 1117 2155 mariti
1149 2112 1240 2171 ejus
1281 2111 1455 2166 fuerat,

64 2190 244 2242 propter
263 2180 434 2227 virilem
449 2195 600 2225 sexum
611 2215 622 2237 ‚
640 2181 785 2240 potius
803 2181 1060 2226 honoranda
1076 2197 1260 2242 persona
1280 2201 1290 2229 :
1311 2197 1454 2244 neque

66 2251 183 2297 enim
203 2251 307 2313 quia
328 2251 567 2296 concubitu
589 2265 680 2296 non
708 2251 947 2311 permixtus
963 2286 974 2308 ‚
1000 2251 1100 2297 ideo
1126 2269 1216 2298 non
1247 2257 1452 2314 maritus,

65 2323 278 2383 cumipse
294 2322 529 2368 Matthaeus
555 2331 702 2367 narret
722 2322 778 2367 ab
810 2322 981 2382 Angelo
1009 2323 1192 2369 Mariam
1221 2328 1453 2387 conjugem

65 2393 198 2454 ipsius
210 2392 474 2455 appellatam
492 2427 505 2451 ‚
529 2393 608 2454 qui
623 2402 770 2439 narrat
784 2392 906 2455 quod
922 2409 1013 2440 non
1034 2395 1169 2455 ipsius
1187 2399 1427 2445 concubitu
1437 2434 1448 2455 ‚

66 2548 84 2575 5
115 2503 124 2521 ¹
146 2496 262 2585 piatth.
283 2505 332 2540 ιιι,
354 2507 407 2540 17.
437 2513 477 2521 ·-
496 2503 510 2522 ²
536 2496 651 2540 Philip.
672 2507 706 2532 n.
733 2497 768 2531 6.
790 2514 832 2523 --
853 2497 922 2533 Gal.
950 2509 997 2537 iv,
1016 2497 1050 2542 4.
1069 2498 1142 2530 -4
1159 2510 1179 2534 2
1195 2501 1277 2535 Tim.
1304 2512 1340 2545 n,
1360 2502 1392 2535 8.
1410 2518 1452 2526 -

99 2552 146 2586 Ga
161 2574 170 2586 .
193 2563 220 2593 1,
243 2562 276 2595 9.

1219 2610 1258 2651 8.
