1803 3250
364 252 527 281 CONTRA
559 253 792 280 smffloivssM
826 251 1095 282 AmANORUM.
1341 241 1425 283 495

41 315 188 362 volens
209 317 368 361 Filium
383 319 534 375 genuit
557 338 564 363 :
590 318 724 362 Filius
741 319 831 362 sine
847 318 996 364 labore
1009 329 1051 363 et
1068 319 1320 377 fatigatione
1337 319 1428 364 sola

39 388 199 430 virtute
221 403 296 431 sua
323 388 532 447 Spiritum
557 387 673 432 fecit.
695 406 713 429 »ι
741 388 777 430 O
801 390 1064 447 praecipuam
1081 388 1257 432 laudem
1272 389 1370 433 Filii
1384 398 1428 434 et

40 457 223 517 Spiritus
245 460 380 503 sancti
406 459 414 501 Ξ
443 459 569 511 Quasi
598 473 676 502 nos
699 460 826 501 Pater
859 459 1078 503 mobiliter
1106 468 1149 503 et
1171 459 1429 518 passibiliter

38 527 200 573 invitus
222 529 444 587 genuerit,
471 529 547 589 qui
568 543 645 572 nos
671 528 917 572 voluntarie
938 530 1089 588 genuit
1109 529 1243 574 verbo
1266 531 1427 574 verita-

37 597 118 641 tis¹
140 617 150 642 :
175 607 252 641 aut
271 598 408 642 Filius
429 612 528 642 cum
552 598 700 641 labore
730 597 986 655 fatigatione
1014 598 1179 643 coelum
1202 608 1245 642 et
1268 608 1426 644 terram

38 668 277 712 creaverit?
298 670 548 728 AEquentur
569 682 670 725 ergo
692 668 771 711 ista
794 683 925 727 opera
943 669 1184 713 secundum
1208 670 1310 714 istos
1324 705 1335 725 ,
1361 668 1429 714 vel

38 737 150 782 Filio
173 737 244 782 vel
269 738 447 797 Spiritui
475 748 624 782 sancto
653 758 662 782 ε
688 747 763 782 aut
794 739 828 782 si
861 737 984 783 nullo
1008 740 1141 783 modo
1163 750 1395 799 aequantur
1416 775 1427 795 ,

38 806 147 867 quid
166 807 331 867 profuit
352 809 435 853 hoc
459 809 618 863 dicere,
636 808 754 852 unde
769 808 890 852 nulla
908 809 957 852 fit
975 808 1159 868 quaestio
1176 810 1194 852 P
1211 809 1332 868 quod
1347 809 1431 852 sci·

36 876 140 921 licet
159 877 250 921 sine
271 877 362 928 ulio
383 878 532 922 labore
563 887 605 922 et
635 878 890 936 fatigatione
913 877 980 922 vel
1007 878 1156 937 gignat
1179 881 1306 922 Pater
1323 913 1334 934 ‚
1360 877 1429 922 vel

38 947 169 992 faciat
190 948 325 992 Filius
342 951 361 993 P
382 948 569 992 Videant
589 964 691 992 sane
713 949 938 1007 quomodo
955 948 1101 992 dicant
1119 983 1129 1002 ‚
1157 947 1279 1008 quod
1299 967 1319 990 «
1339 948 1430 993 sola

44 1036 64 1059 »
83 1018 246 1063 virtute
267 1034 343 1063 sua
365 1018 502 1063 Filius
519 1018 669 1063 fecerit
690 1019 899 1077 Spiritum
923 1028 1135 1063 sanctum.
1157 1037 1176 1059 υ
1203 1021 1291 1063 Isto
1314 1020 1430 1062 enim

39 1087 170 1132 modo
190 1098 409 1147 coguntur
436 1087 582 1143 fateri,
619 1088 784 1147 aliquid
815 1088 967 1132 fecisse
991 1089 1173 1142 Filium,
1198 1087 1320 1148 quod
1342 1103 1431 1133 non

39 1158 196 1203 viderit
211 1162 381 1203 Patrem
397 1158 645 1203 facientem.
665 1162 733 1202 An
752 1158 894 1217 placet
913 1158 972 1202 eis
985 1157 1146 1212 dicere,
1167 1158 1286 1217 quod
1301 1159 1430 1202 etiam

41 1231 167 1272 Pater
189 1227 342 1272 fecerit
364 1229 573 1287 Spiritum
596 1229 826 1271 sanctum?
849 1230 947 1273 Non
977 1243 1080 1286 ergo
1103 1243 1204 1271 eum
1232 1227 1322 1272 sola
1344 1228 1430 1272 vir-

39 1306 134 1341 tute
159 1313 235 1341 sua
261 1297 411 1342 fecerit
435 1297 588 1340 Filius.
610 1300 678 1340 An
703 1296 888 1340 alterum
912 1295 1015 1340 fecit
1039 1297 1157 1356 prior
1190 1301 1317 1341 Pater
1333 1331 1343 1351 ‚
1382 1305 1432 1340 ut

36 1377 181 1426 posset
202 1366 340 1411 Filius
364 1366 505 1411 facere
526 1381 657 1426 quem
677 1366 801 1420 fecit,
827 1366 904 1424 qui
927 1374 1019 1425 non¹
1034 1375 1176 1424 potest
1192 1365 1333 1410 facere
1352 1366 1432 1410 nisi

39 1436 159 1497 quod
180 1437 336 1482 viderit
360 1441 531 1481 Patrem
565 1436 828 1480 facientem?
859 1438 916 1479 Et
938 1433 1048 1494 quid
1072 1444 1157 1490 est,
1191 1435 1311 1495 quod
1342 1451 1433 1479 non

38 1507 120 1551 alia
140 1506 310 1562 similia,
327 1506 404 1550 sed
417 1520 708 1565 quaecumque
726 1508 852 1548 Pater
869 1503 997 1559 facit,
1017 1505 1110 1548 haec
1129 1505 1280 1548 eadem
1298 1504 1429 1548 Filius

38 1577 368 1622 iacitsimiliter?
380 1577 423 1621 Si
432 1576 525 1620 haec
533 1576 721 1634 cogitare
730 1582 961 1628 conentur,
976 1573 1127 1632 procul
1136 1573 1273 1618 dubio
1283 1574 1433 1618 turba-

40 1647 208 1691 buntur
221 1648 280 1690 eis
297 1646 458 1700 omnia,
479 1661 579 1705 quae
594 1644 676 1688 sibi
689 1642 851 1688 carnali
861 1643 1121 1701 cogitatione
1134 1652 1426 1703 componunt.

97 1719 283 1761 XXVII.
319 1718 482 1759 Verum
501 1724 564 1758 est
582 1723 745 1767 autem,
766 1713 888 1773 quod
915 1717 1079 1758 «Pater
1101 1714 1306 1758 omnibus
1329 1729 1431 1774 quae

47 1807 67 1831 »
88 1797 207 1842 sunt,
232 1787 354 1831 dedit
378 1795 426 1830 ut
447 1794 613 1842 essent3
637 1793 679 1828 et
699 1785 789 1843 ipse
811 1785 932 1844 quod
955 1793 1018 1828 est
1035 1820 1046 1838 ,
1073 1801 1097 1828 a
1114 1785 1286 1828 nemine
1301 1800 1428 1829 acce-

45 1877 65 1901 »
84 1859 174 1918 pit:
196 1877 214 1900 »
240 1857 317 1902 sed
338 1857 631 1917 aequalitatem
655 1870 775 1898 suam
804 1854 915 1898 nulli
942 1853 1088 1909 dedit,
1120 1856 1199 1899 nisi
1222 1855 1332 1900 Filio
1354 1857 1431 1915 qui

43 1939 170 1973 natus
191 1936 255 1972 est
275 1927 331 1971 de
351 1926 444 1982 illo,
470 1936 514 1970 et
540 1926 717 1985 Spiritui
752 1934 900 1969 sancto
934 1926 1011 1984 qui
1035 1925 1232 1984 procedit
1256 1925 1311 1970 de
1335 1925 1426 1970 illo.

42 2002 151 2052 Quae
173 2014 273 2042 cum
296 1998 355 2042 ita
377 1997 478 2051 sint,
509 2012 598 2040 non
626 2005 689 2039 est
716 1996 811 2050 ista,
837 2011 969 2055 quam
993 1995 1147 2039 volunt
1180 1995 1275 2050 isti,
1301 1994 1432 2039 diffe-

41 2067 180 2113 rentia
203 2067 422 2112 Trinitatis
443 2085 452 2111 2
476 2067 578 2125 quia
600 2064 854 2109 indifferens
871 2066 917 2108 in
942 2066 1151 2108 Trinitate
1169 2074 1340 2119 natura,
1361 2066 1432 2109 in-

42 2138 249 2183 differens
271 2137 318 2181 in
340 2136 550 2180 Trinitate
567 2135 760 2194 potentia
781 2144 843 2178 est
863 2153 872 2178 :
898 2142 947 2177 ut
971 2149 1120 2178 omncs
1141 2134 1433 2178 honorificent

44 2209 205 2253 Filium
222 2208 333 2252 sicut
357 2206 649 2250 honorificant
672 2209 844 2248 Patrem
857 2208 890 2259 ²,
924 2204 1046 2263 quod
1064 2205 1154 2263 ipse
1177 2204 1236 2248 ait
1259 2223 1267 2248 :
1293 2205 1432 2264 etqui

43 2278 200 2324 volunt
222 2278 291 2336 pie
316 2277 477 2331 vivere,
504 2275 737 2320 Dominum
763 2278 900 2318 Deum
917 2290 1045 2318 suum
1069 2275 1268 2329 adorent,
1298 2283 1343 2323 et
1363 2273 1429 2318 illi

45 2348 125 2394 soli
147 2349 336 2393 serviant
349 2349 381 2401 ³,
406 2345 528 2406 quod
549 2354 593 2389 et
610 2346 795 2405 antiquis
812 2345 1007 2404 patribus
1024 2345 1101 2388 Dei
1122 2344 1216 2402 lege
1238 2359 1434 2404 praecep-

45 2429 140 2465 tum
162 2428 240 2474 est,
261 2433 341 2463 nec
357 2416 447 2461 ullo
471 2415 604 2460 modo
627 2415 750 2460 aliter
766 2416 858 2458 fieri
881 2423 1039 2474 potest,
1066 2424 1114 2458 ut
1142 2414 1223 2458 soli
1244 2415 1433 2459 Domino

45 2493 136 2535 Deo
152 2499 302 2534 nostro
323 2503 373 2533 ea
394 2502 494 2547 quae
514 2489 606 2531 Deo
621 2486 806 2530 debetur
828 2485 1033 2529 servitute
1054 2484 1307 2530 serviamus.
1335 2488 1434 2544 Ipsa

95 2579 104 2597 ¹
129 2571 240 2606 Jacob.
258 2583 286 2613 1,
314 2571 366 2605 18.
385 2586 426 2594 —
439 2577 453 2593 2
469 2572 560 2603 Joan.
579 2579 615 2610 v,
634 2569 688 2601 23.
704 2585 746 2592 —
761 2567 774 2596 ³
791 2571 886 2602 Deut.
906 2578 949 2609 vx,
971 2568 1024 2607 13,
1041 2570 1075 2601 et
1090 2566 1205 2601 Matth.
1223 2578 1271 2610 iv,
1291 2578 1342 2602 πο.

88 2721 109 2748 ὁ
