1803 3250
358 252 522 282 conci-n
554 250 856 282 AnvnnsAan
888 252 1023 291 LEGIS,
1058 253 1142 281 ΜΒ.
1182 253 1213 279 1.
1397 241 1479 280 377

101 336 212 376 cam,
237 321 314 365 ubi
337 320 549 366 Dominus
581 319 714 365 dicit:
744 337 761 358 «
787 319 830 363 Si
852 334 927 363 vos
951 335 1050 363 cum
1083 319 1172 364 sitis
1196 317 1325 374 mali,
1350 319 1482 363 nostis

102 411 123 433 »
152 392 267 437 bona
289 390 387 436 data
411 392 514 435 dare
534 391 631 434 filiis
651 389 819 443 vestris,
846 399 1012 448 quanto
1039 391 1173 449 magis
1197 393 1323 434 Pater
1344 398 1484 434 vester

99 462 235 521 quiin
248 461 367 506 coelis
376 472 454 516 est,
467 460 587 504 dabit
599 461 712 504 bona
727 459 972 518 petentibus
985 475 1028 503 se
1040 462 1050 484 ¹
1067 462 1112 504 P»
1132 461 1251 504 Dicat
1269 460 1483 520 quemad-

99 532 279 576 modum
303 533 356 575 sit
384 533 525 576 bonus
551 534 663 574 Deus
690 529 905 574 malorum
930 539 1052 588 pater
1073 550 1082 575 :
1107 539 1344 590 utrumque
1368 531 1484 575 enim

99 602 264 645 Veritas
287 601 407 645 dixit.
430 604 498 645 An
516 616 605 645 non
625 609 749 644 erant
765 599 867 643 mali
886 600 1045 659 quibus
1067 601 1124 644 ait
1142 620 1150 645 :
1181 620 1201 642 ι(
1224 601 1265 645 Si
1289 616 1392 660 ergo
1409 617 1485 646 vos

101 691 120 713 »
147 688 246 717 eum
279 671 368 716 sitis
390 670 522 715 mali?
545 690 564 712 »
589 675 659 716 An
680 686 769 715 non
797 670 1020 714 habebant
1044 674 1182 714 Deum
1214 671 1380 715 bonum
1403 688 1484 731 pa-

96 753 206 788 trem
237 743 396 803 quibus
422 743 507 786 ait:
542 745 754 796 «Quanto
789 742 924 800 magis
954 745 1081 786 Pater
1100 750 1241 786 vester
1263 742 1339 801 qui
1364 742 1485 786 coelis

99 833 120 856 »
145 823 234 868 est,
259 814 382 858 dabit
419 814 532 858 bona
555 813 805 872 petentibus
833 814 907 856 se?
933 831 952 853 »
985 815 1119 856 Porro
1148 812 1180 856 si
1209 811 1310 856 mali
1333 813 1485 872 appel-

95 885 172 929 lati
194 893 296 928 sunt
319 894 497 944 propter
518 893 711 943 peccata,
732 884 823 928 sine
839 883 999 942 quibus
1017 898 1106 927 non
1123 892 1186 927 est
1204 883 1250 926 in
1264 883 1344 926 hac
1362 884 1484 927 infir-

97 956 245 999 mitate
260 955 507 1000 mortalium
521 954 819 1015 quorumlibet
833 956 959 998 etiam
972 955 1059 998 vita
1069 956 1304 1014 justorum3
1319 964 1485 1015 quanto

96 1027 421 1070 convenientius
435 1042 583 1070 semen
600 1028 828 1085 pessimum
849 1025 1084 1083 diceretur,
1104 1025 1224 1086 quod
1239 1035 1485 1070 nasceretur

95 1098 227 1156 impia
264 1097 490 1142 voluntate
511 1133 521 1152 ‚
568 1107 610 1141 et
645 1098 840 1141 moribus
879 1096 1193 1141 execrabilibus
1216 1097 1485 1156 pullularet?

153 1171 335 1212 XLVII.
376 1188 395 1209 «
420 1170 503 1213 Sed
525 1170 668 1222 hunc,
693 1169 860 1228 inquit,
889 1171 1025 1211 Deum
1050 1168 1260 1212 Dominus
1288 1168 1486 1212 Christus

95 1239 329 1299 appellavit
347 1240 545 1283 arborem
563 1238 720 1283 malam
740 1239 969 1283 facientem
991 1238 1160 1283 fruetus
1182 1238 1331 1283 malos.
1352 1258 1371 1279 »
1391 1242 1485 1284 Imo

98 1325 199 1354 vero
222 1310 350 1370 hujus
367 1309 468 1353 talia
491 1310 714 1354 sentientis
732 1320 941 1370 tanquam
956 1310 1083 1354 malae
1105 1310 1284 1365 arboris,
1304 1310 1382 1354 iste
1396 1312 1485 1370 ipse

97 1396 237 1425 sermo
260 1380 553 1439 blasphemus,
574 1379 742 1425 fruetus
765 1391 827 1424 est
848 1380 1001 1425 malus.
1029 1383 1138 1425 Nam
1155 1380 1377 1424 hominem
1394 1397 1486 1425 ma·-

96 1450 189 1495 lum
212 1451 367 1494 dixisse
391 1452 624 1495 Dominum
648 1451 846 1495 arborem
866 1450 1040 1506 malam,
1058 1452 1180 1511 cujus
1199 1450 1367 1495 fruetus
1382 1451 1485 1495 mali

97 1532 238 1565 essent
261 1536 390 1580 opera
414 1521 553 1578 mala;
578 1531 618 1565 et
644 1522 864 1565 hominem
889 1522 1055 1566 bonum
1077 1522 1277 1566 arborem
1297 1523 1482 1578 bonam,

97 1593 219 1651 cujus
242 1591 411 1635 fructus
434 1592 537 1635 boni
565 1601 706 1636 essent
739 1608 869 1651 opera
888 1592 1060 1650 bona23
1085 1592 1129 1636 id
1152 1602 1242 1647 est,
1276 1594 1387 1652 ipsas
1408 1594 1485 1637 ho-

96 1663 263 1707 minum
287 1663 556 1718 voluntates,
583 1662 652 1707 vel
673 1663 849 1718 malam,
874 1663 977 1707 mali
999 1664 1203 1718 hominis,
1228 1664 1299 1708 vel
1320 1664 1484 1709 bonam

97 1735 435 1789 bonihominis,
468 1733 656 1779 diversas
689 1751 778 1779 esse
802 1735 976 1779 arbores
1004 1736 1193 1780 diversos
1222 1735 1389 1780 fructus
1417 1736 1485 1780 fe-

95 1815 255 1859 rentes,
276 1805 375 1849 satis
398 1804 623 1849 evidenter
643 1807 732 1864 ipse
748 1815 931 1851 testatur
946 1807 1093 1851 dicens
1111 1826 1120 1851 ε
1151 1810 1331 1851 «Bonus
1352 1808 1485 1852 homo

99 1876 199 1921 »de
232 1877 348 1920 bono
382 1876 585 1920 thesauro
620 1876 760 1921 cordis
796 1881 861 1922 sui
895 1876 1059 1937 profert
1087 1878 1203 1922 bona
1225 1914 1235 1933 ,
1272 1888 1315 1923 et
1346 1878 1484 1924 malus

96 1966 117 1988 n
143 1948 276 1992 horno
298 1946 353 1991 de
374 1946 488 1991 malo
513 1949 715 1992 thesauro
739 1949 880 1993 cordis
903 1950 968 1993 sui
992 1948 1157 2009 profert
1172 1950 1300 1994 mala.
1317 1969 1337 1991 »
1360 1953 1482 2004 Quo-

96 2017 226 2063 modo
259 2027 403 2062 autem
432 2018 594 2063 diceret
623 2038 632 2063 z
672 2024 801 2064 «Aut
826 2019 954 2064 facite
984 2021 1183 2065 arborem
1217 2021 1379 2065 bonam
1399 2057 1409 2077 ,
1441 2031 1485 2066 et

96 2107 117 2130 »
143 2087 337 2133 fruetum'
368 2089 459 2148 ejus
486 2089 684 2148 bonum3
710 2099 781 2134 aut
822 2090 952 2135 facite
990 2092 1189 2136 arborem
1212 2092 1372 2136 malam
1394 2128 1405 2147 ‚
1441 2102 1485 2137 et

95 2178 116 2202 »
142 2159 334 2204 fructum
358 2160 448 2219 ejus
466 2159 653 2204 malum3
674 2181 682 2205 :
704 2180 724 2202 »
750 2161 830 2205 nisi
854 2163 987 2207 homo
1006 2172 1148 2222 posset
1170 2179 1287 2208 nunc
1310 2163 1353 2206 in
1378 2164 1479 2219 hoe,

93 2246 212 2274 nunc
232 2231 276 2274 in
297 2228 409 2273 illud
431 2240 597 2275 mutata
618 2231 848 2276 voluntate
868 2233 1097 2277 converti?

150 2302 354 2344 XLVIII.
383 2299 466 2345 Sed
486 2301 575 2361 ipse
598 2305 711 2346 Deus
729 2338 739 2358 ,
763 2303 932 2362 inquit,
960 2319 1035 2362 per
1056 2303 1260 2348 eumdem
1283 2306 1480 2365 Prophe-

92 2380 183 2416 tam
207 2369 394 2424 fatetur,
420 2380 464 2414 et
484 2370 621 2417 dicit:
653 2375 784 2432 «Ego
821 2389 916 2417 sum
952 2377 1065 2418 Deus
1096 2374 1256 2419 faciens
1291 2375 1407 2420 bona
1439 2385 1483 2420 et

95 2460 115 2482 »
143 2456 292 2486 creans
313 2441 468 2485 1nala⁴.
490 2461 508 2484 n
535 2445 600 2487 Ita
622 2442 750 2502 plane
771 2463 780 2487 2
806 2445 895 2503 ipse
917 2454 981 2488 est
1002 2445 1116 2488 enim
1142 2448 1280 2500 Deus,
1312 2446 1367 2490 de
1392 2462 1481 2507 quo

93 2512 198 2556 dicit
225 2510 492 2571 Apostolus:
521 2512 690 2559 «Vides
723 2529 826 2574 ergo
858 2515 1098 2560 bonitatem
1133 2524 1177 2560 et
1208 2517 1478 2562 severitatem

144 2620 153 2636 ¹
176 2603 252 2646 Lue.
272 2623 318 2656 xi,
345 2614 396 2647 13.
413 2631 455 2638 —
472 2622 484 2638 ²
505 2616 612 2649 Matth
629 2627 683 2659 vu,
707 2621 750 2650 27
769 2622 803 2650 et
818 2628 908 2661 seqq,
923 2635 965 2642 -
985 2616 999 2642 3
1024 2619 1072 2651 Id.
1091 2628 1148 2660 xu,
1168 2618 1224 2661 33,
1244 2618 1296 2653 35.
1311 2618 1383 2649 -4
1404 2620 1474 2652 lsai.

91 2680 166 2711 nv,
186 2680 219 2711 7.
