1803 3250
305 179 389 216 230
739 184 772 212 S.
811 184 1039 213 Aecus‘ruvi
1077 187 1254 214 EPISCOPI

305 256 346 298 Si
377 263 522 296 autem
553 265 709 294 nocere
732 251 769 293 ei
793 259 978 310 poterat,
1017 266 1103 295 non
1137 254 1272 295 Deum
1309 252 1687 311 incorruptibilem

300 323 460 376 colitis,
486 319 541 364 de
563 335 652 380 quo
674 320 907 380 Apostolus
929 320 1060 366 dicit:
1087 340 1106 363 «
1129 322 1237 380 Regi
1259 331 1404 366 autem
1427 323 1687 369 saeculorum

302 412 322 436 »
358 390 614 447 immortali,
639 391 868 446 invisibili,
895 392 1238 452 incorruptibili,
1270 391 1349 437 soli
1374 397 1462 438 Deo
1483 394 1624 438 honor
1644 404 1689 440 et

301 483 322 506 »
357 463 492 522 gloria
529 463 574 506 in
609 461 766 508 saecula
794 463 1097 508 saeculorum1.
1126 482 1145 505 »
1173 464 1369 525 Denique
1403 464 1518 509 idem
1549 465 1684 511 dicit:

299 554 321 577 «
355 536 469 578 Deus
484 533 653 578 habitat
667 532 812 578 lucem
829 533 1208 579 inaccessibilem2.
1225 552 1245 576 ι»
1258 533 1483 595 Numquid
1497 534 1552 579 ad
1570 535 1686 580 illam

294 606 438 650 lucem
461 621 549 650 non
571 605 786 650 accedunt
805 606 967 660 Sancti,
988 605 1043 650 de
1060 606 1221 666 quibus
1239 607 1450 665 scriptum
1471 616 1555 652 est:
1572 609 1689 652 «Ac-

295 695 318 719 »
353 678 494 721 cedite
516 676 573 721 ad
594 691 718 732 eum,
749 686 792 721 et
815 675 1175 721 illuminamini—2?
1196 695 1216 718 »
1236 678 1463 737 Numquid
1486 677 1540 722 ad
1567 676 1689 723 illam

292 748 437 793 lucem
470 763 558 792 non
590 746 805 792 accedunt
837 748 892 790 de
926 747 1087 806 quibus
1121 747 1310 792 dicitur:
1336 748 1496 792 «Beati
1521 748 1689 794 mundo

295 837 316 860 »
351 818 504 874 corde,
529 818 737 878 quoniam
763 817 842 876 ipsi
868 820 1006 860 Deum
1029 815 1302 862 videbunt⁴P
1321 836 1339 859 »
1368 818 1451 863 Sed
1475 819 1575 879 quia
1598 835 1687 864 non

291 888 347 934 ad
369 905 464 933 eam
493 897 634 948 potest
655 885 882 942 accedere,
923 887 1003 932 nisi
1029 887 1099 932 cui
1124 890 1238 932 Deus
1265 888 1355 947 ipse
1382 889 1610 934 donaverit
1637 899 1688 936 ut

291 960 491 1014 accedat,
522 958 621 1004 ideo
648 973 725 1018 per
745 972 790 1002 se
812 957 949 1017 ipsam
979 958 1284 1002 inaccessibilis
1305 969 1383 1003 est.
1409 961 1548 1005 Nemo
1570 961 1688 1005 enim

288 1039 433 1089 potest
452 1029 507 1074 ad
530 1045 625 1074 eam
646 1028 873 1084 accedere,
899 1043 1032 1089 quem
1055 1032 1170 1073 Deus
1193 1028 1383 1074 noluerit
1405 1039 1454 1074 ut
1477 1030 1653 1076 accedat
1675 1050 1685 1078 ι

289 1101 360 1147 cui
383 1110 532 1147 autem
553 1100 799 1156 donaverit,
824 1101 915 1160 ipse
933 1099 1125 1145 accedet.
1145 1100 1378 1154 Quomodo
1395 1117 1499 1161 ergo
1518 1112 1689 1162 poterat

290 1173 364 1218 illa
394 1189 499 1233 gens
528 1172 809 1218 tenebrarum
837 1172 1043 1217 accedere
1069 1171 1123 1217 ad
1146 1173 1460 1217 habitationem
1485 1174 1584 1229 Dei,
1609 1174 1688 1218 ubi

291 1253 355 1289 est
375 1243 680 1290 inaccessibilis
701 1242 792 1298 lux,
817 1259 906 1303 quo
929 1259 1018 1287 non
1036 1243 1202 1288 accedit
1226 1244 1306 1288 nisi
1329 1245 1399 1288 cui
1423 1247 1536 1288 Deus
1554 1244 1688 1290 dona-

292 1314 430 1360 verit?
453 1318 544 1360 Aut
561 1315 597 1360 si
619 1312 786 1359 donum
806 1324 1032 1374 acceperat
1054 1330 1077 1358 a
1100 1317 1190 1359 Deo
1212 1323 1262 1358 ut
1287 1314 1511 1359 accederet
1533 1315 1590 1360 ad
1611 1331 1688 1359 ex-

291 1388 582 1448 pugnandum
613 1402 797 1446 regnum
830 1387 906 1432 Dei
925 1406 935 1433 2
959 1402 1049 1431 non
1072 1386 1217 1441 daret,
1240 1395 1283 1430 et
1305 1402 1395 1431 non
1415 1387 1602 1431 timeret.
1643 1387 1689 1433 Si

293 1467 440 1503 autem
462 1459 629 1503 donum
651 1457 737 1502 tale
758 1473 849 1502 non
871 1456 1052 1501 dederat
1070 1466 1120 1500 ut
1142 1466 1284 1516 posset
1306 1456 1535 1515 accedere,
1561 1473 1689 1502 secu-

292 1545 366 1574 rus
382 1530 428 1573 in
445 1545 523 1574 suo
540 1545 674 1589 regno
691 1537 798 1585 erat,
817 1528 1020 1573 habitans
1038 1527 1375 1573 inaccessibilem
1394 1528 1559 1574 lucem:
1581 1527 1688 1590 quid

294 1609 466 1661 poterat
485 1600 541 1645 de
562 1600 844 1645 tenebrarum
862 1600 986 1659 genie
1007 1609 1218 1655 metuere,
1244 1609 1293 1644 ut
1315 1601 1354 1644 ei
1376 1601 1571 1645 misceret
1590 1616 1689 1660 par-

291 1680 380 1716 tem
409 1687 554 1728 suam,
587 1671 878 1716 substantiam
899 1686 1044 1726 suam,
1069 1672 1154 1716 hoc
1174 1670 1295 1732 quod
1317 1671 1408 1730 ipse
1431 1680 1517 1725 est,
1540 1670 1687 1731 ligan-

295 1742 414 1798 dam,
439 1743 740 1803 premendam,
765 1741 1169 1798 contaminandam,
1196 1743 1274 1787 ubi
1294 1759 1383 1787 non
1405 1741 1548 1787 solum
1568 1744 1689 1788 mise-

293 1813 489 1859 rabiliter
507 1824 744 1870 teneretur,
764 1814 839 1859 sed
857 1814 986 1858 etiam
1005 1814 1192 1873 turpiter
1208 1823 1482 1874 purgaretur.
1501 1817 1558 1858 Ut
1573 1814 1689 1858 enim

294 1895 508 1945 purgetur
539 1885 667 1941 inde,
709 1885 851 1930 dicitis
871 1884 992 1946 quod
1018 1885 1168 1929 audire
1189 1884 1310 1929 nefas
1333 1894 1420 1939 est,
1446 1886 1521 1929 sed
1541 1885 1596 1929 ad
1613 1900 1690 1930 vos

294 1955 631 2002 confundendos
649 1966 692 2001 et
709 1954 821 2001 forte
837 1955 1082 2011 salvandos,
1100 1964 1242 2000 tacere
1260 1971 1350 2000 non
1367 1970 1620 2015 possumus:
1639 1965 1691 2002 ut

295 2036 508 2087 purgetur
527 2025 629 2071 inde
653 2042 749 2086 pars
769 2027 864 2082 Dei,
890 2026 1032 2071 dicitis
1054 2027 1098 2070 in
1122 2041 1231 2071 nave
1252 2025 1378 2081 lucis,
1399 2041 1531 2087 quam
1553 2025 1690 2071 solem

296 2090 539 2158 appellatis,
573 2098 780 2143 facientes
815 2098 1018 2158 injuriam
1055 2097 1251 2142 Creatori
1285 2097 1401 2152 solis,
1436 2106 1479 2141 et
1508 2097 1589 2156 ipsi
1611 2096 1690 2142 soli

295 2184 426 2230 quem
457 2169 516 2214 sic
540 2168 682 2214 dicitis
705 2168 895 2224 factum,
919 2168 995 2212 ubi
1019 2177 1139 2212 tanta
1162 2166 1392 2227 turpitudo
1411 2165 1685 2212 celebretur:

298 2240 438 2284 dicitis
462 2241 577 2284 enim
600 2240 688 2285 illic
711 2240 901 2300 positum
925 2242 1061 2283 Deum
1078 2274 1090 2297 ,
1112 2239 1295 2283 virtutes
1318 2253 1415 2282 suas
1436 2247 1690 2284 convertere

296 2311 342 2355 in
377 2312 614 2368 masculos,
649 2312 705 2357 ad
738 2310 998 2355 irritandum
1029 2309 1403 2369 concupiscentias
1436 2308 1690 2354 daemonum

294 2380 577 2427 foeminarum
598 2404 610 2442 ·,
635 2391 678 2427 et
697 2381 872 2427 eosdem
892 2397 1038 2426 rursus
1055 2390 1308 2426 convertere
1330 2381 1374 2425 in
1395 2380 1610 2437 foeminas,
1633 2379 1690 2425 ad

294 2452 556 2499 irritandum
588 2453 961 2514 concupiscentias
996 2451 1250 2497 daemonum
1283 2451 1607 2510 masculorum,
1639 2460 1691 2496 ut

347 2544 356 2559 ¹
380 2547 392 2569 1
413 2539 494 2571 Tim.
514 2550 538 2581 1,
560 2549 612 2581 17.-
627 2546 691 2563 —2
706 2539 754 2572 ld.
776 2549 823 2581 vi,
845 2537 898 2572 16.
916 2553 958 2562 --
973 2535 987 2561 ³
1005 2535 1087 2573 Psal.
1110 2546 1223 2576 xxxin,
1241 2535 1275 2569 6.
1289 2534 1363 2568 -4
1379 2535 1496 2570 Matth.
1518 2546 1551 2578 v,
1565 2535 1598 2570 8.
