1803 3250
282 215 333 255 44
714 220 748 250 s.
784 220 1013 250 Auons'rnvr
1047 220 1228 250 Errscom

281 309 378 338 rum
401 291 639 336 intenti0ne
662 289 715 332 ab
735 289 782 332 iis
802 304 901 348 quae
919 298 1033 333 retro
1055 297 1157 332 sunt
1174 288 1359 349 eriperet
1386 307 1395 334 :
1425 307 1444 331 (ι
1465 290 1664 334 Memen-

284 385 303 406 »
331 374 434 416 tote,
460 362 617 421 inquit,
644 361 783 405 uxoris
807 361 963 405 Loth¹.
987 378 1007 401 »

337 437 475 480 XLII.
515 433 583 477 Sic
615 432 741 476 etiam
767 432 927 491 inipso
951 432 1062 476 Loth
1081 466 1092 487 ‚
1127 431 1305 491 quando
1341 447 1443 477 cum
1478 447 1529 477 eo
1561 432 1663 477 filiae

278 505 639 559 concubuerunt,
677 519 766 548 non
801 502 911 548 illud
938 503 1058 564 quod
1090 518 1191 548 cum
1221 519 1244 548 a
1274 504 1471 549 Sodomis
1503 503 1666 549 libera-

281 588 347 621 tus
369 586 459 631 est,
484 574 559 620 sed
588 574 706 618 aliud
735 573 901 635 aliquid
935 575 1170 633 figuratum
1194 583 1256 619 est
1267 578 1299 618 2.
1323 576 1432 620 Nam
1466 583 1572 620 tune
1595 574 1668 619 ille

278 650 368 708 ipse
392 648 504 692 Loth
527 646 688 691 futurae
710 646 834 705 Legis
858 644 1030 692 videtur
1049 655 1234 706 gestasse
1257 661 1513 706 personam,
1533 661 1667 706 quam

278 718 458 780 quidam
481 733 532 762 ex
556 718 625 762 illa
648 719 860 778 procreati
891 727 933 763 et
960 718 1043 763 sub
1075 722 1189 777 Lege
1216 717 1345 777 positi
1366 715 1478 762 male
1504 716 1668 761 intelli-

279 790 422 850 gendo
440 789 633 850 quodam
646 789 776 834 modo
790 789 1023 844 inebriant,
1038 804 1177 849 eaque
1192 804 1281 834 non
1295 788 1490 848 legitime
1504 788 1670 833 utendo

281 861 545 906 infidelitatis
569 877 698 921 opera
720 862 910 921 pariunt.
936 881 956 903 «
976 865 1096 906 Bona
1113 871 1176 907 est
1193 862 1309 906 enirn
1327 864 1430 918 Lex,
1451 862 1511 907 ait
1530 864 1671 921 Apos-

282 952 302 975 »
331 933 468 985 tolus,
490 933 522 975 si
540 934 635 993 quis
657 948 704 976 ea
727 932 916 990 legitime
931 934 1121 978 utaturss.
1140 952 1160 974 »

338 1008 425 1050 Nee
446 1005 544 1049 ideo
568 1013 712 1049 tamen
733 1005 816 1049 hoe
836 1004 1000 1050 factum
1022 1005 1092 1049 vel
1115 1006 1247 1065 ipsius
1271 1005 1385 1049 Loth
1410 1004 1480 1049 vel
1507 1005 1598 1064 ejus
1619 1004 1673 1047 fi-

280 1078 434 1122 liarum
454 1076 744 1137 justificamus
761 1112 772 1132 ,
797 1077 899 1136 quia
921 1077 1177 1134 significavit
1209 1075 1375 1136 aliquid
1403 1074 1524 1136 quod
1552 1073 1676 1120 futu-

282 1165 373 1194 ram
397 1148 691 1209 quorumdam
716 1148 1038 1207 perversitatem
1061 1148 1389 1207 praenuntiaret.
1412 1145 1544 1191 Aliud
1558 1147 1675 1190 enim

287 1221 369 1264 illae
393 1229 441 1264 ut
466 1221 547 1265 hoe
570 1220 764 1264 facerent
784 1219 1095 1274 intenderunt,
1115 1218 1233 1263 aliud
1259 1222 1371 1263 Deus
1389 1217 1465 1278 qui
1482 1219 1565 1262 hoe
1584 1218 1675 1261 fieri

282 1292 501 1352 permisit,
540 1300 587 1334 ut
617 1291 746 1334 etiam
775 1289 877 1334 inde
900 1289 1069 1350 aliquid
1100 1289 1437 1344 demonstraret,
1471 1298 1678 1333 manente

283 1372 401 1407 recto
417 1362 585 1422 judicio
607 1377 686 1406 suo
709 1376 839 1420 super
862 1371 1089 1420 peceatum
1112 1361 1341 1405 hominum
1360 1369 1466 1405 tunc
1482 1375 1676 1420 praesen-

284 1435 391 1479 tium
409 1470 420 1489 ,
446 1443 489 1477 et
510 1433 714 1492 vigilante
726 1432 1000 1493 providentia
1018 1449 1093 1477 sua
1111 1448 1190 1493 pro
1213 1432 1529 1492 significatione
1551 1431 1676 1476 futu-

283 1521 449 1551 rorum.
473 1504 659 1550 Proinde
682 1504 794 1548 illud
809 1505 975 1549 laetum
995 1520 1095 1549 eum
1112 1505 1158 1549 in
1173 1513 1320 1549 saneta
1340 1504 1560 1564 Scriptura
1577 1519 1678 1548 nar-

286 1587 421 1631 ratur,
438 1576 665 1636 prophetia
680 1584 743 1620 est
759 1595 766 1620 :
787 1591 885 1620 eum
901 1591 1003 1621 vero
1014 1576 1059 1619 in
1073 1575 1248 1620 illorum
1263 1575 1351 1621 vita
1365 1575 1441 1635 qui
1457 1576 1541 1620 hoc
1554 1590 1677 1619 eom—

286 1649 495 1692 miserunt
512 1648 826 1702 consideratur,
854 1646 1067 1706 flagitium
1086 1656 1164 1691 est.

344 1722 507 1764 XLIII.
550 1722 639 1765 Nec
673 1734 820 1763 rursus
861 1726 980 1763 tanta
1015 1717 1350 1778 reprehensione
1382 1727 1514 1778 atque
1547 1733 1680 1763 aecu-

286 1792 451 1837 satione
485 1806 550 1835 res
582 1790 713 1849 digna
744 1799 832 1846 est,
859 1799 1068 1850 quantam
1108 1790 1155 1833 in
1188 1805 1283 1833 eam
1313 1791 1500 1834 Faustus
1534 1790 1680 1834 inimi-

286 1880 360 1909 cus
383 1873 426 1908 et
448 1878 588 1908 caeeus
610 1863 820 1906 evomuit.
853 1861 1107 1907 Consulitur
1129 1862 1244 1905 enim
1273 1870 1436 1906 aeterna
1477 1865 1565 1906 Lex
1607 1861 1680 1907 illa

287 1934 485 1981 ordinem
507 1933 752 1978 naturalem
769 1933 1014 1978 conservari
1032 1933 1214 1993 jubens,
1241 1933 1486 1993 perturbari
1503 1942 1674 1989 vetans,

289 2018 331 2053 et
351 2007 511 2051 nonita
532 2005 586 2050 de
608 2007 690 2051 hoc
707 2004 821 2050 facto
835 2004 1019 2066 judicat,
1038 2020 1086 2049 ae
1104 2005 1137 2048 si
1154 2003 1226 2049 ille
1247 2004 1294 2048 in
1312 2004 1420 2049 filias
1442 2003 1605 2050 nefaria
1620 2005 1673 2050 li-

292 2080 438 2123 bidine
460 2078 680 2132 exarserit,
698 2086 747 2122 ut
760 2092 909 2121 earum
927 2077 1133 2121 incestato
1152 2091 1333 2135 corpore
1350 2075 1584 2132 frueretur,
1603 2087 1680 2122 aut

291 2167 360 2196 eas
382 2151 561 2194 haberet
585 2165 738 2194 uxores
760 2168 768 2193 :
793 2150 868 2194 sed
890 2163 970 2193 nec
994 2148 1047 2192 de
1069 2148 1149 2192 illis
1169 2146 1357 2192 foeminis
1373 2183 1384 2203 ,
1414 2164 1463 2193 ae
1491 2148 1524 2192 si
1548 2149 1591 2193 in
1613 2150 1680 2192 sui

292 2222 424 2283 patris
446 2236 621 2265 earnem
644 2220 874 2264 execrabili
895 2235 1040 2264 amore
1063 2219 1313 2278 flagrassent
1332 2238 1342 2264 ε
1369 2220 1496 2264 Ratio
1517 2220 1682 2280 quippe

287 2293 465 2354 justitiae
489 2308 578 2337 non
609 2301 779 2337 tantum
804 2291 911 2352 quid
932 2290 1097 2336 factum
1120 2292 1200 2348 sit,
1234 2292 1520 2345 verumetiam
1547 2307 1682 2352 quare

294 2366 459 2409 factum
476 2364 529 2408 sit
548 2364 758 2419 intuetur,
782 2372 832 2408 ut
849 2378 899 2407 ex
916 2363 1054 2408 causis
1067 2364 1153 2408 suis
1170 2362 1282 2409 faeta
1300 2364 1535 2424 pendentia
1548 2363 1684 2408 libra-

294 2445 444 2480 mento
463 2435 678 2496 aequitatis
700 2435 929 2480 examinet.
963 2437 1074 2479 Cum
1103 2436 1233 2494 igitur
1262 2435 1348 2479 illae
1372 2435 1427 2480 ad
1454 2450 1684 2480 conserva-

297 2508 459 2553 tionem
491 2508 657 2566 generis
679 2506 846 2566 prolem
867 2516 1142 2567 quaererent,
1168 2508 1244 2567 qui
1269 2508 1422 2568 utique
1444 2507 1489 2552 in
1516 2507 1575 2551 eis
1594 2507 1682 2552 hu-

343 2596 354 2614 ¹
374 2595 451 2627 Luc.
473 2604 549 2635 xvn,
570 2593 623 2626 32.
638 2610 679 2616 —-
695 2599 707 2616 ²
725 2595 804 2627 Gen,
826 2603 891 2635 xix,
909 2592 949 2625 33
966 2592 1066 2626 [¹135.
1083 2610 1124 2617 —-
1141 2591 1153 2616 3
1178 2605 1188 2625 ι
1211 2593 1291 2626 Tim.
1312 2604 1337 2635 1,
1355 2593 1387 2626 8.
