1803 3250
278 165 361 207 248
709 178 742 204 s.
779 174 1007 204 Auousnm
1040 175 1220 202 zmscom

277 256 339 290 est
366 259 417 288 ex
443 246 530 286 Deo
554 251 761 301 tanquam
783 257 880 302 pars
902 243 1013 302 ejus,
1039 241 1106 285 vel
1136 250 1342 300 tanquam
1372 240 1514 299 proles
1542 242 1658 300 ejus3

276 315 348 361 sed
373 331 422 359 cx
444 317 531 357 Deo
553 312 622 357 vel
648 330 671 357 a
695 316 782 358 Deo
806 311 918 358 lacta
941 322 1024 362 est„
1051 322 1259 371 tanquam
1283 326 1391 369 opus
1411 312 1501 371 ejus
1523 330 1532 355 :
1556 311 1663 370 quid

274 385 443 430 intersit
465 384 577 428 inter
599 393 789 428 nostram
815 382 946 428 fidem
970 392 1013 427 et
1038 392 1224 427 vestram
1250 381 1492 441 perfidiam,
1517 383 1661 426 omni-

276 458 356 501 bus
384 454 661 499 manifestum
697 464 775 499 est.
814 458 965 515 Itaque
1001 454 1242 499 secundum
1265 453 1398 498 verba
1429 462 1505 498 tua
1533 468 1664 513 supe-

274 529 386 572 riora
403 561 414 581 ‚
439 526 541 586 quia
562 526 809 571 concessisti
827 525 1198 571 anathemandum
1223 540 1321 569 eum
1345 524 1421 585 qui
1441 523 1547 568 dicit
1568 539 1664 569 cor-

275 597 527 658 ruptibilem
565 608 766 642 naturam
811 598 886 641 Dei
907 632 917 651 ‚
959 596 1079 655 quod
1112 606 1156 640 et
1191 595 1486 641 Manichaeum
1520 594 1665 639 dicere

273 669 555 715 manifestum
578 678 664 724 est,
690 669 792 728 quia
816 667 993 712 noluisti
1016 675 1064 711 ut
1087 676 1196 711 esset
1222 682 1246 711 a
1268 676 1310 711 te
1333 667 1661 722 anathematus,

271 741 353 786 eris
376 755 476 784 cum
499 739 574 784 illo
599 740 917 784 anathematus.

330 813 473 857 XXII.
511 814 613 855 Post
635 811 729 854 haec
751 824 852 854 cum
870 807 1019 852 multis
1041 808 1185 853 verbis
1207 809 1320 852 inter
1341 823 1385 853 se
1408 818 1613 868 agerent:

331 886 436 927 Fm„
462 881 570 926 dixit
590 900 600 926 ι
623 900 643 923 «
662 881 739 925 Dic
761 881 848 940 jam
866 889 932 935 tu,
958 879 1067 940 quid
1088 880 1151 924 vis
1173 878 1362 924 faciam?

331 956 443 997 Aue.
482 951 589 995 dixit
621 970 630 996 :
668 953 725 996 Ut
763 951 1014 996 anathemes
1046 951 1340 996 Manichaeum
1361 986 1372 1007 ‚
1412 952 1536 1010 cujus
1564 961 1667 996 sunt

273 1031 404 1067 tantae
425 1022 518 1066 istae
542 1021 838 1081 blasphemiae.
869 1020 953 1066 Sed
974 1021 1008 1066 si
1038 1036 1089 1066 ex
1112 1021 1256 1066 animo
1277 1020 1381 1066 facis
1399 1057 1410 1077 ,
1436 1031 1544 1067 tunc
1567 1020 1635 1066 fac
1657 1043 1669 1079 3

273 1108 402 1138 nemo
424 1093 541 1137 enim
558 1102 601 1137 te
621 1092 739 1152 cogit
761 1092 964 1137 invitum.

333 1167 363 1207 F
370 1182 436 1208 EL.
466 1162 572 1207 dixit
595 1183 603 1208 :
639 1166 792 1207 «Deus
823 1163 943 1208 videt
965 1163 997 1206 si
1020 1177 1071 1207 ex
1092 1163 1237 1208 animo
1259 1161 1400 1221 faci03
1426 1179 1516 1208 non
1549 1163 1666 1208 enim

272 1236 405 1280 homo
426 1244 568 1295 potest
586 1233 735 1280 videre
759 1254 768 1279 ε
794 1233 868 1279 sed
891 1234 974 1279 hoc
990 1243 1108 1294 peto,
1131 1242 1181 1278 ut
1201 1235 1430 1279 confirmes
1452 1249 1536 1279 me.
1554 1252 1574 1275 »

333 1310 445 1351 Aue„
471 1306 580 1350 dixit
602 1325 611 1350 :
638 1307 691 1350 In
710 1321 800 1366 quo
817 1305 879 1349 vis
901 1314 951 1350 ut
965 1314 1008 1349 te
1025 1306 1314 1350 confirmem?

336 1380 439 1421 FEL.
466 1377 573 1421 dixit
595 1396 603 1421 :
633 1377 792 1421 «Prior
813 1385 863 1420 tu
885 1376 1137 1430 anathema,
1162 1385 1213 1420 ut
1233 1384 1277 1419 et
1297 1390 1379 1434 ego
1398 1384 1547 1434 postea
1566 1392 1667 1421 ana-

275 1450 483 1494 themem.

335 1524 448 1564 Aue..
475 1518 610 1563 dixit:
637 1520 751 1563 Ecce
778 1519 909 1563 etiam
944 1532 1078 1563 manu
1110 1532 1206 1562 mea
1227 1517 1400 1575 scribo3
1430 1517 1531 1563 volo
1553 1518 1669 1562 enim

277 1601 326 1635 ut
344 1600 386 1635 et
404 1599 452 1634 tu
469 1605 604 1634 manu
625 1599 701 1634 tua
721 1590 896 1635 scribas.

338 1666 368 1707 F
376 1681 442 1707 EL.
468 1662 575 1706 dixit
593 1682 601 1707 :
632 1682 653 1705 «
672 1661 757 1708 Sed
774 1662 834 1707 sic
855 1662 1087 1706 anathema
1101 1696 1112 1717 ,
1137 1670 1188 1706 ut
1209 1661 1410 1720 spiritum
1428 1662 1571 1721 ipsum
1594 1662 1670 1722 qui

280 1736 324 1778 in
356 1733 600 1778 Manichaeo
635 1731 720 1777 fuit
739 1769 750 1788 ,
793 1742 837 1777 et
866 1747 945 1792 per
981 1747 1084 1777 eum
1110 1733 1189 1777 ista
1224 1731 1397 1778 locutus
1432 1741 1496 1777 est
1512 1768 1524 1788 ,
1566 1749 1672 1777 ana-

280 1805 461 1849 themes.
484 1822 504 1845 »

339 1878 454 1920 Aue.
486 1883 663 1934 accepta
692 1875 842 1919 charta
875 1874 1044 1933 scripsit
1072 1875 1167 1919 haec
1196 1875 1331 1920 verba
1365 1893 1374 1919 ε
1406 1875 1674 1933 Augustinus

281 1946 508 2006 episcopus
525 1944 728 1990 Ecclesiae
745 1943 969 1990 catholicae
978 1946 1069 2005 jam
1087 1945 1362 1990 anathemavi
1380 1945 1672 1991 Manichaeum

281 2026 325 2061 ct
339 2016 582 2061 doctrinam
598 2017 702 2076 ejus,
724 2025 767 2060 et
787 2015 985 2076 spiritum
1000 2016 1074 2075 qui
1089 2031 1164 2075 per
1182 2031 1283 2059 eum
1305 2025 1390 2059 tam
1409 2017 1674 2061 execrabiles

285 2086 573 2147 blasphemias
590 2086 763 2132 locutus
787 2096 874 2143 est,
895 2087 998 2148 quia
1019 2087 1195 2147 spiritus
1217 2087 1421 2132 seductor
1443 2097 1557 2144 erat,
1583 2104 1673 2133 non

286 2159 498 2214 veritatis,
530 2159 606 2203 sed
634 2158 815 2205 nefandi
840 2159 1017 2217 erroris3
1048 2168 1090 2203 et
1120 2174 1240 2204 nunc
1268 2159 1501 2204 anathemo
1522 2175 1678 2219 supra-

287 2229 453 2276 dictum
470 2231 765 2276 Manichaeum
782 2239 825 2275 et
839 2230 1038 2290 spiritum
1057 2231 1212 2275 erroris
1229 2231 1377 2291 ipsius.

348 2305 403 2346 Et
433 2318 534 2346 cum
569 2301 769 2347 eamdem
805 2302 1000 2347 chartam
1028 2301 1163 2346 Felici
1191 2301 1404 2357 dedisset,
1438 2301 1569 2345 etiam
1604 2300 1676 2346 ille

289 2388 424 2417 manu
445 2389 520 2417 sua
542 2374 635 2418 haec
657 2374 788 2418 verba
805 2373 974 2433 scripsit
994 2392 1003 2418 :
1033 2392 1052 2415 «
1073 2376 1167 2432 Ego
1192 2372 1312 2417 Felix
1334 2373 1411 2433 qui
1432 2373 1676 2418 Manichaeo

290 2443 555 2488 credideram
570 2480 581 2499 ‚
606 2460 724 2490 nunc
747 2446 978 2490 anathemo
1000 2459 1118 2500 eum,
1139 2454 1182 2489 et
1200 2444 1443 2489 doctrinam
1463 2444 1612 2504 ipsius,
1633 2453 1676 2489 et

292 2515 491 2573 spiritum
513 2516 786 2561 seductorem
809 2517 885 2575 qui
908 2516 953 2560 in
970 2514 1045 2560 illo
1064 2514 1147 2560 fuit
1162 2551 1173 2567 ,
1198 2516 1275 2575 qui
1296 2515 1403 2560 dixit
1422 2518 1558 2560 Deum
1578 2531 1676 2575 par-
