1803 3250
433 206 598 234 CONTRA
628 205 842 241 ΕΑυδΤυΜ,
879 207 960 232 Lus.
999 207 1101 232 xxv.
1377 194 1457 231 127

81 386 1282 405 mmmmmmmmmmmmmmmmm
1288 387 1460 403 {mmm

553 554 766 608 LIBER
807 552 984 608 XXV,

143 763 174 804 I.
211 762 406 804 Fiusws
418 758 527 804 dixit
548 778 556 804 :
581 777 602 801 «
619 762 734 804 Deus
747 759 879 803 finem
895 759 1045 813 habet,
1067 767 1143 803 aut
1159 758 1356 804 infinitus
1377 764 1469 804 cst?

81 831 125 876 Si
146 830 285 875 oratio
305 839 446 874 vestra
469 845 558 874 non
586 829 699 874 fallit
715 865 727 884 ,
759 846 858 890 quae
882 829 989 874 dicit
1011 848 1022 875 ι
1051 833 1201 874 «Deus
1229 831 1467 884 Abraham,

83 921 101 943 »
126 910 170 945 et
191 904 305 946 Deus
324 904 458 956 Isaac,
483 909 526 944 et
543 903 657 945 Deus
676 901 812 945 Jacob
826 901 860 955 ²,
881 919 901 942 »
926 900 1061 945 habet
1076 901 1208 945 finem
1230 904 1367 945 Deus:
1391 902 1470 946 nisi

25 1007 30 1012 .
79 970 192 1016 forte
214 971 322 1016 alter
342 980 406 1016 est
425 971 495 1016 hic
516 971 572 1015 de
589 987 677 1031 quo
699 986 917 1030 perrogas,
942 981 985 1016 et
1014 972 1120 1017 alter
1147 987 1280 1032 quem
1304 973 1434 1017 oratis
1456 992 1465 1017 :

78 1041 273 1102 alioquin
293 1041 629 1086 circumcisionis
647 1042 876 1097 terminus,
897 1044 973 1102 qui
988 1044 1208 1087 Abraham
1231 1052 1274 1087 et
1296 1046 1414 1087 Isaac
1427 1052 1471 1087 et

78 1112 216 1158 Jacob
248 1128 272 1156 a
304 1112 500 1171 gentium
533 1121 789 1156 caeterarum
822 1112 1026 1156 societate
1053 1112 1306 1171 dissignatss,
1342 1114 1471 1157 etiam

79 1184 158 1228 Dei
177 1183 310 1242 ipsius
332 1183 446 1227 circa
467 1198 539 1227 eos
558 1183 762 1226 terminat
793 1192 1067 1242 potestatem.
1099 1185 1232 1244 Cujus
1257 1192 1403 1228 autern
1424 1184 1470 1228 fi-

81 1255 172 1299 nita
192 1262 382 1313 potestas
402 1262 488 1307 est,
514 1262 558 1298 et
578 1253 670 1313 ipse
690 1268 780 1298 non
804 1262 921 1298 caret
939 1254 1040 1297 fine.
1070 1255 1268 1314 Denique
1282 1270 1337 1298 ne
1359 1255 1472 1299 anti-

81 1340 271 1385 quorum
293 1325 472 1385 quidem
489 1325 570 1369 hac
588 1324 784 1369 oratione
806 1325 1073 1368 mentionem
1094 1324 1234 1369 facitis
1249 1361 1260 1380 ,
1281 1326 1357 1386 qui
1373 1336 1472 1370 ante

80 1396 304 1440 Abraham
324 1394 532 1453 fuerunt3
557 1395 711 1440 Enoch
728 1394 827 1440 dico
844 1430 854 1450 ‚
881 1404 924 1439 et
945 1397 1053 1450 Noe,
1079 1404 1122 1439 et
1147 1397 1264 1451 Sem,
1289 1411 1338 1439 ac
1368 1396 1472 1440 reli-

80 1482 191 1528 quos
214 1483 366 1512 eorum
386 1467 587 1521 similes¹‚
610 1482 720 1527 quos
735 1466 867 1511 fuisse
884 1466 1062 1527 quidem
1073 1468 1212 1528 justos
1235 1469 1279 1512 in
1304 1484 1471 1528 praepu-

82 1538 143 1583 tio
170 1554 260 1583 non
291 1540 456 1596 negatis
476 1573 487 1593 ‚
524 1538 600 1583 sed
641 1540 743 1599 quia
772 1537 904 1583 iidem
940 1538 1279 1584 circumcisionis
1312 1540 1472 1598 insigni

81 1609 311 1663 carebant,
336 1625 392 1653 ne
419 1610 613 1668 ipsorum
635 1608 815 1669 quidem
839 1610 970 1654 vultis
992 1625 1082 1654 esse
1106 1614 1244 1655 Deum
1262 1645 1273 1665 ‚
1298 1610 1374 1655 sed
1401 1626 1472 1655 so-

80 1679 164 1724 lius
182 1680 371 1724 Abrahae
390 1689 433 1724 et
449 1679 622 1724 seminis
645 1681 752 1740 ejus.
780 1680 918 1738 Igitur
939 1681 972 1724 si
996 1690 1060 1724 est
1073 1696 1186 1724 unus
1209 1689 1253 1725 et
1273 1680 1471 1725 infinitus

82 1753 194 1794 Deus
210 1784 222 1805 ‚
245 1749 354 1810 quid
371 1749 453 1794 sibi
468 1750 565 1795 vult
582 1750 675 1794 haec
697 1750 982 1795 invocationis
1000 1760 1152 1795 vestrae
1172 1760 1260 1796 tam
1278 1750 1470 1810 diligens

81 1830 126 1866 et
146 1820 329 1866 sollicita
349 1821 517 1876 cautio,
543 1829 593 1865 ut
614 1836 704 1866 non
720 1821 916 1865 contenti
934 1821 1178 1866 nominasse
1197 1825 1336 1866 Deum
1353 1857 1364 1876 ‚
1390 1821 1471 1866 ad-

74 1891 232 1952 jiciatis
255 1901 301 1937 et
315 1893 455 1951 cujus,
481 1891 702 1936 Abraham
723 1891 902 1947 scilicet⁷
928 1900 971 1936 et
990 1894 1107 1936 Isaac
1129 1900 1172 1936 et
1191 1892 1330 1937 Jacob
1351 1911 1359 1936 :
1381 1901 1472 1936 tan-

81 1977 215 2023 quam
243 1962 290 2006 in
321 1962 452 2007 turba
480 1960 627 2023 aliqua
653 1962 837 2007 deorum
867 1972 1060 2007 erratura
1093 1972 1170 2008 aut
1192 1963 1472 2022 naufragium

80 2048 257 2093 passura
276 2042 416 2079 vestra
438 2034 650 2089 oratione,
670 2034 753 2078 nisi
777 2033 833 2078 ad
862 2035 1036 2093 signum
1058 2035 1231 2094 naviget
1249 2034 1472 2079 Abrahae?

84 2107 141 2148 Et
162 2103 280 2148 hunc
295 2103 474 2164 quidem
495 2113 612 2149 certa
628 2103 684 2148 de
700 2120 826 2149 causa
848 2107 872 2149 J
876 2106 1024 2150 udaeos
1045 2121 1168 2150 orare
1184 2105 1305 2150 haud
1320 2106 1475 2150 absur-

83 2175 191 2220 dum
213 2185 303 2231 est,
328 2185 481 2236 utpote
502 2177 804 2236 circumcis0s3
834 2178 894 2222 sic
919 2178 1034 2222 enim
1067 2178 1407 2223 circumcisionis
1429 2193 1473 2222 se

82 2247 285 2291 invocare
312 2247 541 2306 designant
574 2250 734 2304 Deum,
770 2258 945 2309 propter
979 2248 1083 2293 deos
1116 2249 1320 2308 praeputii
1356 2268 1366 2294 :
1399 2263 1476 2293 vos

85 2331 190 2362 vero
210 2331 290 2361 cur
310 2317 394 2362 hoc
420 2317 562 2376 ipsum
590 2317 782 2374 faciatis,
814 2334 968 2379 parum
996 2318 1221 2378 intelligo3
1258 2334 1360 2364 cum
1390 2319 1476 2362 mi-

87 2387 205 2430 nime
228 2386 384 2445 geratis
409 2386 583 2446 signum
605 2388 726 2448 quod
751 2389 956 2435 habuerit
978 2389 1221 2445 Abraham,
1254 2391 1377 2450 cujus
1399 2404 1475 2434 vos

86 2457 294 2503 invocatis
316 2460 471 2502 Deum.
497 2459 609 2503 Vere
629 2459 764 2515 enim,
789 2460 910 2520 quod
937 2459 1118 2520 intelligi
1140 2458 1297 2517 datur,
1322 2460 1473 2520 cogni-

139 2561 149 2578 ¹
180 2552 280 2588 Exod.
298 2565 344 2597 iu,
365 2555 418 2588 15.
432 2561 501 2580 -2
518 2556 596 2589 Gen.
614 2566 693 2599 xvn,
715 2555 769 2589 31.
786 2572 827 2581 --
845 2555 858 2581 3
879 2557 925 2590 Id.
950 2568 984 2601 v,
1007 2565 1063 2598 21,
1085 2565 1129 2601 29
1146 2561 1182 2591 et
1196 2556 1250 2591 31.
