1803 3250
348 213 426 252 104
781 221 814 250 s.
853 222 1080 251 umus-nm
1115 224 1294 253 nmscom

348 298 432 332 tate
451 323 461 341 ,
482 296 631 330 contra
654 301 782 346 quam
810 286 1046 346 praefocato
1069 289 1220 346 spiritu
1241 286 1350 348 quid
1368 290 1596 335 mussitent
1610 325 1621 347 ,
1642 307 1730 337 non

344 358 572 403 inveniunt
594 376 602 402 :
621 366 664 401 et
685 357 856 403 malunt
878 359 1018 403 miseri
1038 359 1388 405 manifestatione
1411 362 1502 420 ejus
1521 377 1619 407 suas
1639 361 1732 408 fau-

341 445 410 475 ces
446 429 663 485 obturari,
701 445 834 490 quam
872 432 1082 476 suavitate
1105 442 1256 490 pectus
1291 431 1478 490 impleri.
1511 433 1733 478 Christum

343 500 474 559 igitur
494 510 651 544 sonant
672 501 766 545 haec
791 501 964 554 omnia;
1001 511 1133 561 caput
1155 501 1265 546 illud
1288 503 1409 562 quod
1424 504 1514 563 jam
1537 505 1735 549 ascendit

341 573 383 615 in
405 570 565 615 coelum
578 606 588 625 ,
608 580 651 615 et
669 572 751 616 hoc
766 587 922 632 corpus
937 573 1028 632 ejus
1047 572 1169 632 quod
1190 587 1329 633 usque
1350 574 1395 617 in
1413 574 1546 618 finem
1564 572 1736 620 laborat

339 645 383 687 in
404 652 514 688 terra
527 678 538 698 ,
564 643 846 688 scribentium
860 645 1041 690 Litteras
1064 660 1164 690 vere
1183 660 1322 690 sacras
1345 647 1486 690 omnis
1506 647 1736 705 parturivit

338 715 523 759 intentio
544 734 552 759 :
572 730 653 760 nec
668 730 757 759 esse
774 715 1014 776 quidquam
1031 716 1301 760 credendum
1320 725 1384 761 est
1401 716 1616 762 librorum
1634 733 1737 777 pro-

337 786 613 845 pheticorum
650 786 928 830 contextione
960 795 1211 838 narratum,
1248 786 1370 847 quod
1405 802 1496 832 non
1521 788 1737 847 significet

334 856 501 917 aliquid
521 858 802 914 futurorum,
835 857 917 900 nisi
940 873 1039 916 quae
1061 858 1160 902 ideo
1192 859 1331 917 posita
1365 867 1467 903 sunt
1484 894 1495 914 ,
1522 867 1572 903 ut
1595 875 1647 903 ex
1676 860 1735 904 eis

335 928 529 988 quodam
552 928 684 972 modo
703 928 942 986 religentur
963 942 1012 971 ea
1029 961 1040 981 ,
1065 943 1166 986 quae
1182 927 1308 973 illum
1325 944 1469 988 regem
1494 930 1736 989 populum-

336 1015 422 1059 que
437 1000 528 1058 ejus
541 1034 551 1054 ,
572 999 660 1043 sive
680 999 887 1058 propriis,
911 998 999 1043 sive
1016 998 1213 1056 figuratis
1231 999 1528 1044 locutionibus
1549 1001 1736 1047 rebusve

334 1072 647 1130 praenuntient.
678 1071 798 1116 Sicut
821 1071 935 1115 enim
960 1071 1005 1114 in
1031 1070 1206 1114 citharis
1231 1079 1273 1114 et
1293 1071 1597 1130 hujuscemodi
1618 1088 1736 1132 orga-

335 1144 401 1186 nis
422 1142 598 1186 musicis
616 1177 627 1197 ‚
653 1158 740 1186 non
762 1141 942 1202 quidem
963 1142 1109 1185 omnia
1127 1156 1227 1200 quae
1246 1150 1504 1199 tanguntur,
1523 1158 1733 1188 canorum

334 1212 503 1271 aliquid
526 1222 755 1267 resonant,
787 1212 862 1256 sed
895 1221 1066 1256 tantum
1099 1210 1298 1270 chordae3
1329 1221 1484 1257 caetera
1519 1223 1666 1258 tamen
1688 1216 1733 1259 in

335 1292 427 1328 toto
449 1283 627 1327 citharae
646 1298 828 1342 corpore
846 1282 946 1326 ideo
969 1281 1175 1326 fabricata
1200 1292 1317 1337 sunt,
1345 1293 1395 1327 ut
1413 1293 1523 1328 esset
1538 1285 1616 1328 ubi
1635 1286 1734 1330 vin-

333 1355 547 1408 cirentur,
564 1352 683 1397 unde
702 1362 743 1397 et
758 1368 847 1413 quo
866 1351 1155 1397 tenderentur
1178 1352 1280 1409 illae,
1302 1370 1409 1414 quas
1428 1354 1481 1398 ad
1505 1355 1736 1400 cantilenae

332 1424 592 1469 suavitatem
615 1422 925 1467 modulaturus
947 1432 991 1466 et
1014 1438 1296 1482 percussurus
1321 1433 1383 1468 est
1401 1424 1555 1469 artifex
1581 1445 1590 1471 ε
1614 1427 1672 1470 ita
1689 1427 1734 1470 in

332 1496 397 1540 his
416 1494 681 1553 propheticis
704 1493 1049 1548 narrationibus,
1081 1509 1181 1553 quae
1205 1492 1260 1537 de
1284 1495 1414 1538 rebus
1437 1497 1563 1553 gestis
1588 1497 1733 1541 homi-

334 1580 441 1609 num
464 1565 722 1624 prophetico
745 1565 899 1623 spiritu
931 1563 1187 1623 deliguntur
1204 1599 1215 1620 ,
1242 1574 1317 1609 aut
1350 1565 1515 1625 aliquid
1547 1568 1638 1626 jam
1660 1583 1733 1612 so-

332 1646 442 1681 nant
463 1635 777 1694 significatione
801 1634 1070 1690 futurorum,
1087 1644 1164 1679 aut
1181 1636 1214 1679 si
1236 1636 1346 1680 nihil
1363 1636 1446 1681 tale
1463 1637 1728 1696 significant,

333 1706 388 1750 ad
411 1707 495 1750 hoc
528 1707 894 1765 interponuntur,
919 1693 971 1749 ut
991 1705 1047 1749 sit
1067 1704 1186 1750 unde
1218 1705 1290 1750 illa
1319 1707 1609 1766 significantia
1631 1718 1731 1754 tan-

332 1792 466 1838 quam
493 1777 692 1821 sonantia
707 1785 1043 1821 connectantur.

393 1850 527 1893 XCV.
556 1850 642 1892 Has
665 1857 812 1892 autem
829 1863 975 1892 rerum
995 1856 1215 1906 gestarum
1238 1848 1489 1907 allegoricas
1512 1852 1729 1896 narratio-

334 1934 431 1973 nes,
459 1918 493 1961 si
515 1917 675 1962 nolunt
696 1918 889 1962 haeretici
907 1953 917 1972 ,
953 1919 1064 1962 sicut
1087 1934 1111 1962 a
1128 1918 1253 1962 nobis
1282 1929 1587 1979 exponuntur,
1613 1923 1728 1966 acci-

330 2004 457 2049 pere,
495 1988 563 2033 vel
600 1989 726 2033 etiam
769 1988 879 2032 nihil
916 2004 987 2033 eas
1005 2023 1016 2042 ,
1053 1988 1135 2032 nisi
1172 1988 1294 2049 quod
1339 1991 1512 2050 proprie
1543 2003 1725 2049 sonant,

332 2061 574 2119 significare
597 2059 872 2104 contendunt
891 2081 902 2118 3
927 2075 1016 2104 non
1039 2068 1104 2104 est
1126 2059 1384 2104 luctandum
1409 2077 1510 2106 cum
1536 2064 1727 2108 homini-

333 2135 443 2188 bus,
476 2132 552 2192 qui
586 2131 740 2176 dicunt
772 2151 781 2177 ;
810 2134 909 2177 Non
943 2132 1053 2191 sapit
1085 2130 1230 2191 palato
1260 2147 1381 2188 meo,
1418 2133 1540 2193 quod
1577 2151 1727 2195 sapere

333 2204 441 2248 dicis
463 2211 539 2246 tuo
569 2222 576 2246 :
602 2201 707 2245 dum
730 2212 875 2246 tamen
895 2217 944 2247 ea
962 2218 1061 2261 quae.
1078 2202 1286 2247 divinitus
1304 2204 1635 2262 praecipiuntur,
1651 2216 1728 2252 aut

334 2288 474 2318 mores
497 2273 794 2332 pietatemque
818 2271 1007 2317 formare
1024 2307 1034 2327 ,
1061 2281 1137 2316 aut
1158 2272 1324 2332 aliquid
1349 2273 1529 2331 figurate
1559 2277 1724 2334 signifi-

331 2360 428 2388 care
449 2343 519 2388 vel
541 2343 775 2388 credantur
797 2343 868 2388 vel
884 2342 1205 2401 intelligantur,
1228 2352 1303 2388 aut
1320 2353 1558 2405 utrumque
1578 2349 1723 2406 potius

332 2430 464 2475 quam
498 2424 703 2458 neutrum
733 2435 741 2459 2
762 2415 868 2458 dum
895 2423 1038 2458 tamen
1061 2423 1104 2458 et
1138 2415 1224 2473 ipsa
1241 2449 1252 2469 ,
1279 2431 1378 2474 quae
1400 2417 1582 2474 figurate
1606 2418 1720 2464 dicta

328 2487 395 2531 vo!
422 2485 531 2530 facta
555 2486 862 2545 intelliguntur
877 2521 888 2542 ,
914 2486 969 2529 ad
991 2485 1165 2530 eosdem
1190 2501 1330 2531 mores
1348 2487 1486 2532 bonos
1499 2489 1720 2547 pietatem-

330 2571 416 2615 que
440 2557 696 2602 referantur.
727 2562 786 2602 Ac
811 2573 886 2616 per
907 2557 989 2602 hoc
1012 2557 1138 2601 ctiam
1164 2558 1196 2601 si
1220 2559 1495 2615 Manichaeis,
1522 2560 1588 2605 vel
1616 2562 1716 2621 qui-
