<?xml version="1.0" encoding="UTF-8"?>
<!DOCTYPE html PUBLIC "-//W3C//DTD XHTML 1.0 Transitional//EN"
    "http://www.w3.org/TR/xhtml1/DTD/xhtml1-transitional.dtd">
<html xmlns="http://www.w3.org/1999/xhtml" xml:lang="en" lang="en">
 <head>
  <title>
</title>
<meta http-equiv="Content-Type" content="text/html;charset=utf-8" />
  <meta name='ocr-system' content='tesseract 3.04.00' />
  <meta name='ocr-capabilities' content='ocr_page ocr_carea ocr_par ocr_line ocrx_word'/>
</head>
<body>
  <div class='ocr_page' id='page_1' title='image "./operaomniaaccura29auguuoft/operaomniaaccura29auguuoft_0117.png"; bbox 0 0 1803 3250; ppageno 0'>
   <div class='ocr_carea' id='block_1_1' title="bbox 460 217 1485 265">
    <p class='ocr_par' dir='ltr' id='par_1_1' title="bbox 460 217 1485 265">
     <span class='ocr_line' id='line_1_1' title="bbox 460 217 1485 265; baseline -0.003 -8"><span class='ocrx_word' id='word_1_1' title='bbox 460 226 622 258; x_wconf 65' lang='lat' dir='ltr'>com-M</span> <span class='ocrx_word' id='word_1_2' title='bbox 655 224 871 265; x_wconf 77' lang='lat' dir='ltr'>FAUSTUM,</span> <span class='ocrx_word' id='word_1_3' title='bbox 906 227 989 256; x_wconf 76' lang='lat' dir='ltr'>Lm.</span> <span class='ocrx_word' id='word_1_4' title='bbox 1026 229 1137 256; x_wconf 82' lang='lat' dir='ltr'>xxu.</span> <span class='ocrx_word' id='word_1_5' title='bbox 1402 217 1485 257; x_wconf 87' lang='lat'>107</span> 
     </span>
    </p>
   </div>
   <div class='ocr_carea' id='block_1_2' title="bbox 93 290 1492 2553">
    <p class='ocr_par' dir='ltr' id='par_1_2' title="bbox 93 290 1492 2461">
     <span class='ocr_line' id='line_1_2' title="bbox 103 290 1490 353; baseline -0.001 -16"><span class='ocrx_word' id='word_1_6' title='bbox 103 307 235 353; x_wconf 91' lang='lat' dir='ltr'>quam</span> <span class='ocrx_word' id='word_1_7' title='bbox 250 327 261 348; x_wconf 85' lang='lat'>‚</span> <span class='ocrx_word' id='word_1_8' title='bbox 286 293 362 353; x_wconf 89' lang='lat' dir='ltr'>qui</span> <span class='ocrx_word' id='word_1_9' title='bbox 379 294 573 337; x_wconf 88' lang='lat' dir='ltr'>membra</span> <span class='ocrx_word' id='word_1_10' title='bbox 595 307 669 337; x_wconf 86' lang='lat' dir='ltr'>sua</span> <span class='ocrx_word' id='word_1_11' title='bbox 693 290 890 335; x_wconf 86' lang='lat' dir='ltr'>omnium</span> <span class='ocrx_word' id='word_1_12' title='bbox 913 291 1064 336; x_wconf 87' lang='lat' dir='ltr'>talium</span> <span class='ocrx_word' id='word_1_13' title='bbox 1087 293 1372 352; x_wconf 84' lang='lat' dir='ltr'>pejorumque</span> <span class='ocrx_word' id='word_1_14' title='bbox 1393 300 1490 337; x_wconf 90' lang='lat' dir='ltr'>tur-</span> 
     </span>
     <span class='ocr_line' id='line_1_3' title="bbox 102 361 1490 422; baseline 0 -15"><span class='ocrx_word' id='word_1_15' title='bbox 102 362 347 422; x_wconf 88' lang='lat' dir='ltr'>pitudinem</span> <span class='ocrx_word' id='word_1_16' title='bbox 369 363 623 407; x_wconf 88' lang='lat' dir='ltr'>libidinibus</span> <span class='ocrx_word' id='word_1_17' title='bbox 646 361 825 405; x_wconf 79' lang='lat' dir='ltr'>miscet?</span> <span class='ocrx_word' id='word_1_18' title='bbox 849 361 966 413; x_wconf 86' lang='lat' dir='ltr'>Quid</span> <span class='ocrx_word' id='word_1_19' title='bbox 983 362 1097 405; x_wconf 90' lang='lat' dir='ltr'>enim</span> <span class='ocrx_word' id='word_1_20' title='bbox 1120 362 1206 406; x_wconf 88' lang='lat' dir='ltr'>tale</span> <span class='ocrx_word' id='word_1_21' title='bbox 1228 362 1282 406; x_wconf 82' lang='lat' dir='ltr'>ab</span> <span class='ocrx_word' id='word_1_22' title='bbox 1296 362 1490 408; x_wconf 88' lang='lat' dir='ltr'>immun-</span> 
     </span>
     <span class='ocr_line' id='line_1_4' title="bbox 102 431 1489 494; baseline 0.002 -17"><span class='ocrx_word' id='word_1_23' title='bbox 102 433 165 478; x_wconf 89' lang='lat' dir='ltr'>dis</span> <span class='ocrx_word' id='word_1_24' title='bbox 188 434 494 494; x_wconf 78' lang='lat' dir='ltr'>flagitiosisque</span> <span class='ocrx_word' id='word_1_25' title='bbox 518 433 824 487; x_wconf 82' lang='lat' dir='ltr'>committitur,</span> <span class='ocrx_word' id='word_1_26' title='bbox 850 431 928 476; x_wconf 86' lang='lat' dir='ltr'>ubi</span> <span class='ocrx_word' id='word_1_27' title='bbox 956 448 1045 477; x_wconf 91' lang='lat' dir='ltr'>non</span> <span class='ocrx_word' id='word_1_28' title='bbox 1068 433 1174 477; x_wconf 88' lang='lat' dir='ltr'>deus</span> <span class='ocrx_word' id='word_1_29' title='bbox 1208 443 1370 491; x_wconf 86' lang='lat' dir='ltr'>vester,</span> <span class='ocrx_word' id='word_1_30' title='bbox 1391 437 1489 480; x_wconf 88' lang='lat' dir='ltr'>Ma-</span> 
     </span>
     <span class='ocr_line' id='line_1_5' title="bbox 101 502 1491 564; baseline 0.001 -16"><span class='ocrx_word' id='word_1_31' title='bbox 101 505 257 549; x_wconf 83' lang='lat' dir='ltr'>nichaei</span> <span class='ocrx_word' id='word_1_32' title='bbox 277 541 288 560; x_wconf 89' lang='lat'><strong>‚</strong></span> <span class='ocrx_word' id='word_1_33' title='bbox 324 504 669 564; x_wconf 86' lang='lat' dir='ltr'>turpitudinibus</span> <span class='ocrx_word' id='word_1_34' title='bbox 701 503 906 548; x_wconf 90' lang='lat' dir='ltr'>omnibus</span> <span class='ocrx_word' id='word_1_35' title='bbox 939 502 1192 562; x_wconf 80' lang='lat' dir='ltr'>polluatur?</span> <span class='ocrx_word' id='word_1_36' title='bbox 1227 507 1421 564; x_wconf 88' lang='lat' dir='ltr'>Denique</span> <span class='ocrx_word' id='word_1_37' title='bbox 1456 507 1491 550; x_wconf 89' lang='lat' dir='ltr'>si</span> 
     </span>
     <span class='ocr_line' id='line_1_6' title="bbox 99 575 1488 635; baseline 0.001 -15"><span class='ocrx_word' id='word_1_38' title='bbox 99 591 200 620; x_wconf 87' lang='lat' dir='ltr'>vere</span> <span class='ocrx_word' id='word_1_39' title='bbox 233 576 392 631; x_wconf 85' lang='lat' dir='ltr'>Jacob,</span> <span class='ocrx_word' id='word_1_40' title='bbox 422 585 472 620; x_wconf 91' lang='lat' dir='ltr'>ut</span> <span class='ocrx_word' id='word_1_41' title='bbox 506 577 565 620; x_wconf 87' lang='lat' dir='ltr'>ait</span> <span class='ocrx_word' id='word_1_42' title='bbox 593 578 802 630; x_wconf 79' lang='lat' dir='ltr'>Faustus,</span> <span class='ocrx_word' id='word_1_43' title='bbox 823 575 938 618; x_wconf 84' lang='lat' dir='ltr'>inter</span> <span class='ocrx_word' id='word_1_44' title='bbox 971 584 1161 635; x_wconf 87' lang='lat' dir='ltr'>quatuor</span> <span class='ocrx_word' id='word_1_45' title='bbox 1182 590 1337 619; x_wconf 84' lang='lat' dir='ltr'>uxores</span> <span class='ocrx_word' id='word_1_46' title='bbox 1369 576 1488 621; x_wconf 82' lang='lat' dir='ltr'>foeda</span> 
     </span>
     <span class='ocr_line' id='line_1_7' title="bbox 99 644 1490 706; baseline 0.001 -16"><span class='ocrx_word' id='word_1_47' title='bbox 99 647 448 706; x_wconf 88' lang='lat' dir='ltr'>concupiscentia</span> <span class='ocrx_word' id='word_1_48' title='bbox 467 655 672 706; x_wconf 84' lang='lat' dir='ltr'>tanquam</span> <span class='ocrx_word' id='word_1_49' title='bbox 692 646 836 690; x_wconf 88' lang='lat' dir='ltr'>hircus</span> <span class='ocrx_word' id='word_1_50' title='bbox 850 654 1034 701; x_wconf 89' lang='lat' dir='ltr'>erraret,</span> <span class='ocrx_word' id='word_1_51' title='bbox 1053 644 1221 689; x_wconf 90' lang='lat' dir='ltr'>nullam</span> <span class='ocrx_word' id='word_1_52' title='bbox 1238 647 1490 705; x_wconf 86' lang='lat' dir='ltr'>propaginis</span> 
     </span>
     <span class='ocr_line' id='line_1_8' title="bbox 100 716 1491 778; baseline 0 -16"><span class='ocrx_word' id='word_1_53' title='bbox 100 733 251 762; x_wconf 88' lang='lat' dir='ltr'>curam</span> <span class='ocrx_word' id='word_1_54' title='bbox 276 733 428 778; x_wconf 85' lang='lat' dir='ltr'>gerens</span> <span class='ocrx_word' id='word_1_55' title='bbox 439 753 450 774; x_wconf 91' lang='lat'>‚</span> <span class='ocrx_word' id='word_1_56' title='bbox 471 718 546 762; x_wconf 89' lang='lat' dir='ltr'>sed</span> <span class='ocrx_word' id='word_1_57' title='bbox 560 717 729 762; x_wconf 86' lang='lat' dir='ltr'>lascivae</span> <span class='ocrx_word' id='word_1_58' title='bbox 743 716 874 763; x_wconf 92' lang='lat' dir='ltr'>solius</span> <span class='ocrx_word' id='word_1_59' title='bbox 888 716 1125 776; x_wconf 89' lang='lat' dir='ltr'>voluptatis</span> <span class='ocrx_word' id='word_1_60' title='bbox 1136 751 1147 771; x_wconf 91' lang='lat'>,</span> <span class='ocrx_word' id='word_1_61' title='bbox 1167 726 1334 778; x_wconf 84' lang='lat' dir='ltr'>quanto</span> <span class='ocrx_word' id='word_1_62' title='bbox 1349 718 1491 762; x_wconf 91' lang='lat' dir='ltr'>minus</span> 
     </span>
     <span class='ocr_line' id='line_1_9' title="bbox 100 788 1492 850; baseline 0.001 -18"><span class='ocrx_word' id='word_1_63' title='bbox 100 789 230 833; x_wconf 87' lang='lat' dir='ltr'>miser</span> <span class='ocrx_word' id='word_1_64' title='bbox 252 799 362 834; x_wconf 87' lang='lat' dir='ltr'>esset</span> <span class='ocrx_word' id='word_1_65' title='bbox 395 789 478 834; x_wconf 92' lang='lat' dir='ltr'>deo</span> <span class='ocrx_word' id='word_1_66' title='bbox 501 798 643 834; x_wconf 91' lang='lat' dir='ltr'>vestro</span> <span class='ocrx_word' id='word_1_67' title='bbox 660 825 671 845; x_wconf 94' lang='lat'>,</span> <span class='ocrx_word' id='word_1_68' title='bbox 697 789 775 850; x_wconf 91' lang='lat' dir='ltr'>qui</span> <span class='ocrx_word' id='word_1_69' title='bbox 797 803 887 833; x_wconf 91' lang='lat' dir='ltr'>non</span> <span class='ocrx_word' id='word_1_70' title='bbox 913 788 1052 832; x_wconf 89' lang='lat' dir='ltr'>solum</span> <span class='ocrx_word' id='word_1_71' title='bbox 1076 788 1121 831; x_wconf 91' lang='lat' dir='ltr'>in</span> <span class='ocrx_word' id='word_1_72' title='bbox 1147 789 1242 848; x_wconf 89' lang='lat' dir='ltr'>ipso</span> <span class='ocrx_word' id='word_1_73' title='bbox 1263 797 1308 832; x_wconf 88' lang='lat' dir='ltr'>et</span> <span class='ocrx_word' id='word_1_74' title='bbox 1333 788 1379 832; x_wconf 92' lang='lat' dir='ltr'>in</span> <span class='ocrx_word' id='word_1_75' title='bbox 1400 790 1492 850; x_wconf 87' lang='lat' dir='ltr'>ejus</span> 
     </span>
     <span class='ocr_line' id='line_1_10' title="bbox 99 858 1488 919; baseline 0 -15"><span class='ocrx_word' id='word_1_76' title='bbox 99 869 288 919; x_wconf 88' lang='lat' dir='ltr'>quatuor</span> <span class='ocrx_word' id='word_1_77' title='bbox 312 861 521 905; x_wconf 83' lang='lat' dir='ltr'>uxoribus</span> <span class='ocrx_word' id='word_1_78' title='bbox 543 875 674 904; x_wconf 88' lang='lat' dir='ltr'>omne</span> <span class='ocrx_word' id='word_1_79' title='bbox 691 859 802 904; x_wconf 89' lang='lat' dir='ltr'>illud</span> <span class='ocrx_word' id='word_1_80' title='bbox 825 858 1016 903; x_wconf 81' lang='lat' dir='ltr'>dedecus</span> <span class='ocrx_word' id='word_1_81' title='bbox 1042 858 1224 903; x_wconf 81' lang='lat' dir='ltr'>luxuriae</span> <span class='ocrx_word' id='word_1_82' title='bbox 1241 869 1462 919; x_wconf 87' lang='lat' dir='ltr'>pateretur</span> <span class='ocrx_word' id='word_1_83' title='bbox 1476 895 1488 916; x_wconf 92' lang='lat'>,</span> 
     </span>
     <span class='ocr_line' id='line_1_11' title="bbox 100 930 1491 991; baseline 0.001 -17"><span class='ocrx_word' id='word_1_84' title='bbox 100 931 306 975; x_wconf 88' lang='lat' dir='ltr'>omnibus</span> <span class='ocrx_word' id='word_1_85' title='bbox 324 946 475 976; x_wconf 91' lang='lat' dir='ltr'>eorum</span> <span class='ocrx_word' id='word_1_86' title='bbox 499 931 756 991; x_wconf 86' lang='lat' dir='ltr'>corporibus</span> <span class='ocrx_word' id='word_1_87' title='bbox 777 930 1056 991; x_wconf 81' lang='lat' dir='ltr'>motibusque</span> <span class='ocrx_word' id='word_1_88' title='bbox 1075 939 1303 975; x_wconf 92' lang='lat' dir='ltr'>concretus</span> <span class='ocrx_word' id='word_1_89' title='bbox 1319 965 1330 986; x_wconf 94' lang='lat'>,</span> <span class='ocrx_word' id='word_1_90' title='bbox 1351 931 1426 976; x_wconf 86' lang='lat' dir='ltr'>sed</span> <span class='ocrx_word' id='word_1_91' title='bbox 1445 933 1491 977; x_wconf 93' lang='lat' dir='ltr'>in</span> 
     </span>
     <span class='ocr_line' id='line_1_12' title="bbox 99 1000 1491 1062; baseline 0.002 -18"><span class='ocrx_word' id='word_1_92' title='bbox 99 1001 193 1060; x_wconf 89' lang='lat' dir='ltr'>ipso</span> <span class='ocrx_word' id='word_1_93' title='bbox 212 1002 358 1057; x_wconf 88' lang='lat' dir='ltr'>hirco,</span> <span class='ocrx_word' id='word_1_94' title='bbox 391 1017 523 1062; x_wconf 88' lang='lat' dir='ltr'>quem</span> <span class='ocrx_word' id='word_1_95' title='bbox 549 1002 641 1046; x_wconf 87' lang='lat' dir='ltr'>viro</span> <span class='ocrx_word' id='word_1_96' title='bbox 671 1000 735 1044; x_wconf 92' lang='lat' dir='ltr'>illi</span> <span class='ocrx_word' id='word_1_97' title='bbox 766 1000 965 1044; x_wconf 87' lang='lat' dir='ltr'>sordidus</span> <span class='ocrx_word' id='word_1_98' title='bbox 998 1001 1289 1060; x_wconf 88' lang='lat' dir='ltr'>comparavit,</span> <span class='ocrx_word' id='word_1_99' title='bbox 1314 1017 1491 1047; x_wconf 88' lang='lat' dir='ltr'>omnem</span> 
     </span>
     <span class='ocr_line' id='line_1_13' title="bbox 98 1070 1492 1133; baseline 0.001 -18"><span class='ocrx_word' id='word_1_100' title='bbox 98 1070 223 1115; x_wconf 86' lang='lat' dir='ltr'>illum</span> <span class='ocrx_word' id='word_1_101' title='bbox 243 1072 473 1129; x_wconf 84' lang='lat' dir='ltr'>genitalem</span> <span class='ocrx_word' id='word_1_102' title='bbox 496 1080 665 1115; x_wconf 89' lang='lat' dir='ltr'>motum</span> <span class='ocrx_word' id='word_1_103' title='bbox 684 1070 960 1131; x_wconf 88' lang='lat' dir='ltr'>caloremque</span> <span class='ocrx_word' id='word_1_104' title='bbox 979 1074 1241 1131; x_wconf 89' lang='lat' dir='ltr'>perpetitur,</span> <span class='ocrx_word' id='word_1_105' title='bbox 1261 1082 1305 1116; x_wconf 87' lang='lat' dir='ltr'>et</span> <span class='ocrx_word' id='word_1_106' title='bbox 1324 1073 1492 1133; x_wconf 89' lang='lat' dir='ltr'>ubique</span> 
     </span>
     <span class='ocr_line' id='line_1_14' title="bbox 98 1140 1487 1202; baseline 0.002 -16"><span class='ocrx_word' id='word_1_107' title='bbox 98 1143 219 1202; x_wconf 82' lang='lat' dir='ltr'>turpi</span> <span class='ocrx_word' id='word_1_108' title='bbox 251 1140 503 1187; x_wconf 88' lang='lat' dir='ltr'>conditione</span> <span class='ocrx_word' id='word_1_109' title='bbox 537 1142 797 1201; x_wconf 87' lang='lat' dir='ltr'>permixtus,</span> <span class='ocrx_word' id='word_1_110' title='bbox 838 1142 881 1185; x_wconf 93' lang='lat' dir='ltr'>in</span> <span class='ocrx_word' id='word_1_111' title='bbox 922 1158 1055 1202; x_wconf 88' lang='lat' dir='ltr'>capro</span> <span class='ocrx_word' id='word_1_112' title='bbox 1089 1143 1408 1199; x_wconf 84' lang='lat' dir='ltr'>inflammatur,</span> <span class='ocrx_word' id='word_1_113' title='bbox 1442 1145 1487 1189; x_wconf 91' lang='lat' dir='ltr'>in</span> 
     </span>
     <span class='ocr_line' id='line_1_15' title="bbox 98 1213 1491 1274; baseline 0.001 -16"><span class='ocrx_word' id='word_1_114' title='bbox 98 1229 228 1274; x_wconf 88' lang='lat' dir='ltr'>capra</span> <span class='ocrx_word' id='word_1_115' title='bbox 263 1214 522 1269; x_wconf 84' lang='lat' dir='ltr'>seminatur,</span> <span class='ocrx_word' id='word_1_116' title='bbox 556 1213 601 1258; x_wconf 94' lang='lat' dir='ltr'>in</span> <span class='ocrx_word' id='word_1_117' title='bbox 636 1213 774 1258; x_wconf 88' lang='lat' dir='ltr'>hoedo</span> <span class='ocrx_word' id='word_1_118' title='bbox 797 1215 1062 1273; x_wconf 83' lang='lat' dir='ltr'>generatur?</span> <span class='ocrx_word' id='word_1_119' title='bbox 1089 1217 1151 1259; x_wconf 83' lang='lat' dir='ltr'>Ac</span> <span class='ocrx_word' id='word_1_120' title='bbox 1181 1230 1258 1273; x_wconf 88' lang='lat' dir='ltr'>per</span> <span class='ocrx_word' id='word_1_121' title='bbox 1273 1216 1358 1260; x_wconf 94' lang='lat' dir='ltr'>hoc</span> <span class='ocrx_word' id='word_1_122' title='bbox 1385 1225 1429 1259; x_wconf 92' lang='lat' dir='ltr'>et</span> <span class='ocrx_word' id='word_1_123' title='bbox 1456 1217 1491 1260; x_wconf 88' lang='lat' dir='ltr'>si</span> 
     </span>
     <span class='ocr_line' id='line_1_16' title="bbox 97 1284 1489 1340; baseline 0.001 -11"><span class='ocrx_word' id='word_1_124' title='bbox 97 1285 233 1330; x_wconf 83' lang='lat' dir='ltr'>Judas</span> <span class='ocrx_word' id='word_1_125' title='bbox 249 1301 339 1330; x_wconf 93' lang='lat' dir='ltr'>non</span> <span class='ocrx_word' id='word_1_126' title='bbox 362 1295 534 1330; x_wconf 87' lang='lat' dir='ltr'>tantum</span> <span class='ocrx_word' id='word_1_127' title='bbox 558 1284 797 1330; x_wconf 87' lang='lat' dir='ltr'>fornicator</span> <span class='ocrx_word' id='word_1_128' title='bbox 813 1320 824 1340; x_wconf 96' lang='lat'>,</span> <span class='ocrx_word' id='word_1_129' title='bbox 847 1284 923 1329; x_wconf 84' lang='lat' dir='ltr'>sed</span> <span class='ocrx_word' id='word_1_130' title='bbox 939 1285 1068 1329; x_wconf 87' lang='lat' dir='ltr'>etiam</span> <span class='ocrx_word' id='word_1_131' title='bbox 1088 1286 1225 1330; x_wconf 90' lang='lat' dir='ltr'>sciens</span> <span class='ocrx_word' id='word_1_132' title='bbox 1246 1302 1382 1331; x_wconf 88' lang='lat' dir='ltr'>nurus</span> <span class='ocrx_word' id='word_1_133' title='bbox 1400 1302 1489 1331; x_wconf 86' lang='lat' dir='ltr'>suae</span> 
     </span>
     <span class='ocr_line' id='line_1_17' title="bbox 97 1355 1489 1417; baseline 0.001 -16"><span class='ocrx_word' id='word_1_134' title='bbox 97 1355 289 1402; x_wconf 86' lang='lat' dir='ltr'>nefarius</span> <span class='ocrx_word' id='word_1_135' title='bbox 311 1357 547 1402; x_wconf 88' lang='lat' dir='ltr'>incestator</span> <span class='ocrx_word' id='word_1_136' title='bbox 568 1357 795 1412; x_wconf 89' lang='lat' dir='ltr'>existeret,</span> <span class='ocrx_word' id='word_1_137' title='bbox 819 1356 862 1399; x_wconf 92' lang='lat' dir='ltr'>in</span> <span class='ocrx_word' id='word_1_138' title='bbox 885 1355 1001 1401; x_wconf 91' lang='lat' dir='ltr'>illius</span> <span class='ocrx_word' id='word_1_139' title='bbox 1022 1371 1201 1417; x_wconf 89' lang='lat' dir='ltr'>quoque</span> <span class='ocrx_word' id='word_1_140' title='bbox 1220 1357 1367 1402; x_wconf 79' lang='lat' dir='ltr'>incesti</span> <span class='ocrx_word' id='word_1_141' title='bbox 1386 1358 1489 1402; x_wconf 81' lang='lat' dir='ltr'>libi·-</span> 
     </span>
     <span class='ocr_line' id='line_1_18' title="bbox 98 1425 1489 1482; baseline 0.002 -12"><span class='ocrx_word' id='word_1_142' title='bbox 98 1426 201 1471; x_wconf 90' lang='lat' dir='ltr'>dine</span> <span class='ocrx_word' id='word_1_143' title='bbox 223 1426 330 1471; x_wconf 89' lang='lat' dir='ltr'>deus</span> <span class='ocrx_word' id='word_1_144' title='bbox 347 1436 489 1472; x_wconf 87' lang='lat' dir='ltr'>vester</span> <span class='ocrx_word' id='word_1_145' title='bbox 511 1428 718 1481; x_wconf 83' lang='lat' dir='ltr'>haereret,</span> <span class='ocrx_word' id='word_1_146' title='bbox 740 1425 958 1482; x_wconf 82' lang='lat' dir='ltr'>sorderet,</span> <span class='ocrx_word' id='word_1_147' title='bbox 983 1427 1169 1472; x_wconf 87' lang='lat' dir='ltr'>arderet.</span> <span class='ocrx_word' id='word_1_148' title='bbox 1187 1428 1325 1472; x_wconf 88' lang='lat' dir='ltr'>David</span> <span class='ocrx_word' id='word_1_149' title='bbox 1343 1438 1489 1473; x_wconf 88' lang='lat' dir='ltr'>autem</span> 
     </span>
     <span class='ocr_line' id='line_1_19' title="bbox 96 1497 1488 1561; baseline 0.002 -21"><span class='ocrx_word' id='word_1_150' title='bbox 96 1497 338 1561; x_wconf 82' lang='lat' dir='ltr'>iniquitatis</span> <span class='ocrx_word' id='word_1_151' title='bbox 359 1497 597 1557; x_wconf 84' lang='lat' dir='ltr'>poenituit,</span> <span class='ocrx_word' id='word_1_152' title='bbox 624 1497 745 1558; x_wconf 90' lang='lat' dir='ltr'>quod</span> <span class='ocrx_word' id='word_1_153' title='bbox 768 1512 946 1542; x_wconf 88' lang='lat' dir='ltr'>uxorem</span> <span class='ocrx_word' id='word_1_154' title='bbox 970 1499 1235 1542; x_wconf 84' lang='lat' dir='ltr'>adamaverit</span> <span class='ocrx_word' id='word_1_155' title='bbox 1258 1498 1488 1555; x_wconf 84' lang='lat' dir='ltr'>alienam¹,</span> 
     </span>
     <span class='ocr_line' id='line_1_20' title="bbox 96 1567 1491 1628; baseline 0.002 -17"><span class='ocrx_word' id='word_1_156' title='bbox 96 1568 328 1628; x_wconf 86' lang='lat' dir='ltr'>virumque</span> <span class='ocrx_word' id='word_1_157' title='bbox 361 1569 452 1628; x_wconf 88' lang='lat' dir='ltr'>ejus</span> <span class='ocrx_word' id='word_1_158' title='bbox 477 1568 696 1614; x_wconf 87' lang='lat' dir='ltr'>mandarit</span> <span class='ocrx_word' id='word_1_159' title='bbox 728 1567 869 1613; x_wconf 88' lang='lat' dir='ltr'>occidi</span> <span class='ocrx_word' id='word_1_160' title='bbox 896 1587 905 1613; x_wconf 93' lang='lat'>:</span> <span class='ocrx_word' id='word_1_161' title='bbox 931 1578 974 1612; x_wconf 89' lang='lat' dir='ltr'>at</span> <span class='ocrx_word' id='word_1_162' title='bbox 1003 1583 1105 1613; x_wconf 89' lang='lat' dir='ltr'>vero</span> <span class='ocrx_word' id='word_1_163' title='bbox 1136 1569 1268 1613; x_wconf 87' lang='lat' dir='ltr'>deum</span> <span class='ocrx_word' id='word_1_164' title='bbox 1298 1578 1491 1614; x_wconf 87' lang='lat' dir='ltr'>vestrum</span> 
     </span>
     <span class='ocr_line' id='line_1_21' title="bbox 96 1636 1491 1699; baseline 0.002 -17"><span class='ocrx_word' id='word_1_165' title='bbox 96 1636 277 1698; x_wconf 86' lang='lat' dir='ltr'>quando</span> <span class='ocrx_word' id='word_1_166' title='bbox 295 1638 553 1697; x_wconf 88' lang='lat' dir='ltr'>poenitebit,</span> <span class='ocrx_word' id='word_1_167' title='bbox 575 1637 695 1699; x_wconf 90' lang='lat' dir='ltr'>quod</span> <span class='ocrx_word' id='word_1_168' title='bbox 718 1653 740 1682; x_wconf 93' lang='lat' dir='ltr'>a</span> <span class='ocrx_word' id='word_1_169' title='bbox 771 1646 958 1682; x_wconf 83' lang='lat' dir='ltr'>tartareo</span> <span class='ocrx_word' id='word_1_170' title='bbox 982 1654 1139 1697; x_wconf 87' lang='lat' dir='ltr'>genere</span> <span class='ocrx_word' id='word_1_171' title='bbox 1167 1640 1410 1685; x_wconf 88' lang='lat' dir='ltr'>masculino</span> <span class='ocrx_word' id='word_1_172' title='bbox 1442 1656 1491 1686; x_wconf 91' lang='lat' dir='ltr'>ac</span> 
     </span>
     <span class='ocr_line' id='line_1_22' title="bbox 97 1708 1489 1768; baseline 0.001 -15"><span class='ocrx_word' id='word_1_173' title='bbox 97 1708 330 1753; x_wconf 86' lang='lat' dir='ltr'>foeminino</span> <span class='ocrx_word' id='word_1_174' title='bbox 341 1709 591 1768; x_wconf 88' lang='lat' dir='ltr'>principum</span> <span class='ocrx_word' id='word_1_175' title='bbox 607 1710 887 1753; x_wconf 86' lang='lat' dir='ltr'>tenebrarum</span> <span class='ocrx_word' id='word_1_176' title='bbox 901 1710 1141 1764; x_wconf 83' lang='lat' dir='ltr'>adamatus,</span> <span class='ocrx_word' id='word_1_177' title='bbox 1157 1710 1489 1756; x_wconf 88' lang='lat' dir='ltr'>eorumlibidini</span> 
     </span>
     <span class='ocr_line' id='line_1_23' title="bbox 97 1780 1490 1843; baseline 0.001 -18"><span class='ocrx_word' id='word_1_178' title='bbox 97 1795 174 1825; x_wconf 88' lang='lat' dir='ltr'>sua</span> <span class='ocrx_word' id='word_1_179' title='bbox 212 1780 409 1824; x_wconf 90' lang='lat' dir='ltr'>membra</span> <span class='ocrx_word' id='word_1_180' title='bbox 446 1780 683 1838; x_wconf 78' lang='lat' dir='ltr'>concessit3</span> <span class='ocrx_word' id='word_1_181' title='bbox 719 1795 799 1825; x_wconf 88' lang='lat' dir='ltr'>nec</span> <span class='ocrx_word' id='word_1_182' title='bbox 831 1781 1036 1824; x_wconf 89' lang='lat' dir='ltr'>maritum</span> <span class='ocrx_word' id='word_1_183' title='bbox 1053 1816 1063 1834; x_wconf 86' lang='lat'>‚</span> <span class='ocrx_word' id='word_1_184' title='bbox 1098 1782 1222 1842; x_wconf 82' lang='lat' dir='ltr'>cujus</span> <span class='ocrx_word' id='word_1_185' title='bbox 1260 1784 1490 1843; x_wconf 86' lang='lat' dir='ltr'>conjugem</span> 
     </span>
     <span class='ocr_line' id='line_1_24' title="bbox 98 1850 1491 1914; baseline 0.002 -19"><span class='ocrx_word' id='word_1_186' title='bbox 98 1850 397 1906; x_wconf 82' lang='lat' dir='ltr'>adamaverat,</span> <span class='ocrx_word' id='word_1_187' title='bbox 416 1850 490 1895; x_wconf 88' lang='lat' dir='ltr'>sed</span> <span class='ocrx_word' id='word_1_188' title='bbox 509 1866 608 1895; x_wconf 89' lang='lat' dir='ltr'>suos</span> <span class='ocrx_word' id='word_1_189' title='bbox 624 1850 735 1895; x_wconf 85' lang='lat' dir='ltr'>filios</span> <span class='ocrx_word' id='word_1_190' title='bbox 756 1851 800 1894; x_wconf 92' lang='lat' dir='ltr'>in</span> <span class='ocrx_word' id='word_1_191' title='bbox 823 1851 1029 1895; x_wconf 85' lang='lat' dir='ltr'>membris</span> <span class='ocrx_word' id='word_1_192' title='bbox 1050 1851 1304 1896; x_wconf 81' lang='lat' dir='ltr'>daemonum</span> <span class='ocrx_word' id='word_1_193' title='bbox 1318 1888 1329 1908; x_wconf 88' lang='lat'>,</span> <span class='ocrx_word' id='word_1_194' title='bbox 1354 1869 1376 1897; x_wconf 85' lang='lat' dir='ltr'>a</span> <span class='ocrx_word' id='word_1_195' title='bbox 1392 1855 1491 1914; x_wconf 89' lang='lat' dir='ltr'>qui—-</span> 
     </span>
     <span class='ocr_line' id='line_1_25' title="bbox 98 1921 1488 1983; baseline 0.003 -17"><span class='ocrx_word' id='word_1_196' title='bbox 98 1924 180 1967; x_wconf 88' lang='lat' dir='ltr'>bus</span> <span class='ocrx_word' id='word_1_197' title='bbox 205 1921 478 1967; x_wconf 85' lang='lat' dir='ltr'>daemonibus</span> <span class='ocrx_word' id='word_1_198' title='bbox 509 1923 600 1983; x_wconf 85' lang='lat' dir='ltr'>ipse</span> <span class='ocrx_word' id='word_1_199' title='bbox 623 1922 765 1967; x_wconf 88' lang='lat' dir='ltr'>fuerat</span> <span class='ocrx_word' id='word_1_200' title='bbox 797 1921 1050 1977; x_wconf 83' lang='lat' dir='ltr'>adamatus,</span> <span class='ocrx_word' id='word_1_201' title='bbox 1080 1924 1270 1968; x_wconf 78' lang='lat' dir='ltr'>occidit?</span> <span class='ocrx_word' id='word_1_202' title='bbox 1300 1925 1384 1970; x_wconf 87' lang='lat' dir='ltr'>Sed</span> <span class='ocrx_word' id='word_1_203' title='bbox 1412 1926 1488 1970; x_wconf 85' lang='lat' dir='ltr'>etsi</span> 
     </span>
     <span class='ocr_line' id='line_1_26' title="bbox 98 1993 1483 2053; baseline 0.003 -16"><span class='ocrx_word' id='word_1_204' title='bbox 98 2009 188 2038; x_wconf 91' lang='lat' dir='ltr'>non</span> <span class='ocrx_word' id='word_1_205' title='bbox 211 1994 486 2053; x_wconf 87' lang='lat' dir='ltr'>poenituisset</span> <span class='ocrx_word' id='word_1_206' title='bbox 506 1993 668 2049; x_wconf 91' lang='lat' dir='ltr'>David,</span> <span class='ocrx_word' id='word_1_207' title='bbox 692 2009 773 2038; x_wconf 91' lang='lat' dir='ltr'>nec</span> <span class='ocrx_word' id='word_1_208' title='bbox 790 1993 969 2053; x_wconf 80' lang='lat' dir='ltr'>justitiae</span> <span class='ocrx_word' id='word_1_209' title='bbox 994 1994 1220 2039; x_wconf 87' lang='lat' dir='ltr'>sanitatem</span> <span class='ocrx_word' id='word_1_210' title='bbox 1242 1995 1317 2039; x_wconf 83' lang='lat' dir='ltr'>tali</span> <span class='ocrx_word' id='word_1_211' title='bbox 1346 1997 1483 2041; x_wconf 85' lang='lat' dir='ltr'>medi—</span> 
     </span>
     <span class='ocr_line' id='line_1_27' title="bbox 96 2064 1488 2124; baseline 0.002 -15"><span class='ocrx_word' id='word_1_212' title='bbox 96 2065 194 2109; x_wconf 88' lang='lat' dir='ltr'>cina</span> <span class='ocrx_word' id='word_1_213' title='bbox 216 2064 474 2124; x_wconf 88' lang='lat' dir='ltr'>recepisset,</span> <span class='ocrx_word' id='word_1_214' title='bbox 501 2066 630 2109; x_wconf 81' lang='lat' dir='ltr'>etiam</span> <span class='ocrx_word' id='word_1_215' title='bbox 669 2065 728 2108; x_wconf 91' lang='lat' dir='ltr'>sic</span> <span class='ocrx_word' id='word_1_216' title='bbox 748 2065 831 2109; x_wconf 88' lang='lat' dir='ltr'>isto</span> <span class='ocrx_word' id='word_1_217' title='bbox 852 2065 935 2109; x_wconf 85' lang='lat' dir='ltr'>deo</span> <span class='ocrx_word' id='word_1_218' title='bbox 962 2065 1306 2110; x_wconf 85' lang='lat' dir='ltr'>Manichaeorum</span> <span class='ocrx_word' id='word_1_219' title='bbox 1334 2067 1488 2113; x_wconf 88' lang='lat' dir='ltr'>melior</span> 
     </span>
     <span class='ocr_line' id='line_1_28' title="bbox 96 2135 1488 2197; baseline 0.003 -17"><span class='ocrx_word' id='word_1_220' title='bbox 96 2135 319 2180; x_wconf 84' lang='lat' dir='ltr'>extitisset.</span> <span class='ocrx_word' id='word_1_221' title='bbox 347 2139 432 2180; x_wconf 87' lang='lat' dir='ltr'>Iste</span> <span class='ocrx_word' id='word_1_222' title='bbox 463 2137 626 2197; x_wconf 89' lang='lat' dir='ltr'>quippe</span> <span class='ocrx_word' id='word_1_223' title='bbox 655 2152 745 2181; x_wconf 90' lang='lat' dir='ltr'>uno</span> <span class='ocrx_word' id='word_1_224' title='bbox 776 2136 869 2196; x_wconf 89' lang='lat' dir='ltr'>ipso</span> <span class='ocrx_word' id='word_1_225' title='bbox 898 2136 1014 2181; x_wconf 86' lang='lat' dir='ltr'>facto</span> <span class='ocrx_word' id='word_1_226' title='bbox 1053 2145 1282 2196; x_wconf 89' lang='lat' dir='ltr'>putemus,</span> <span class='ocrx_word' id='word_1_227' title='bbox 1316 2148 1359 2184; x_wconf 90' lang='lat' dir='ltr'>et</span> <span class='ocrx_word' id='word_1_228' title='bbox 1397 2139 1488 2184; x_wconf 90' lang='lat' dir='ltr'>aliis</span> 
     </span>
     <span class='ocr_line' id='line_1_29' title="bbox 95 2205 1486 2269; baseline 0.004 -20"><span class='ocrx_word' id='word_1_229' title='bbox 95 2205 256 2249; x_wconf 87' lang='lat' dir='ltr'>talibus</span> <span class='ocrx_word' id='word_1_230' title='bbox 291 2206 647 2266; x_wconf 85' lang='lat' dir='ltr'>quotquotlibet,</span> <span class='ocrx_word' id='word_1_231' title='bbox 692 2222 824 2266; x_wconf 88' lang='lat' dir='ltr'>quam</span> <span class='ocrx_word' id='word_1_232' title='bbox 857 2206 996 2251; x_wconf 86' lang='lat' dir='ltr'>multa</span> <span class='ocrx_word' id='word_1_233' title='bbox 1034 2223 1147 2252; x_wconf 91' lang='lat' dir='ltr'>unus</span> <span class='ocrx_word' id='word_1_234' title='bbox 1179 2209 1312 2253; x_wconf 88' lang='lat' dir='ltr'>homo</span> <span class='ocrx_word' id='word_1_235' title='bbox 1345 2220 1486 2269; x_wconf 81' lang='lat' dir='ltr'>posset</span> 
     </span>
     <span class='ocr_line' id='line_1_30' title="bbox 95 2275 1484 2334; baseline 0.004 -14"><span class='ocrx_word' id='word_1_236' title='bbox 95 2275 352 2334; x_wconf 62' lang='lat' dir='ltr'>admittere,</span> <span class='ocrx_word' id='word_1_237' title='bbox 377 2275 449 2319; x_wconf 89' lang='lat' dir='ltr'>ille</span> <span class='ocrx_word' id='word_1_238' title='bbox 476 2285 621 2320; x_wconf 89' lang='lat' dir='ltr'>autem</span> <span class='ocrx_word' id='word_1_239' title='bbox 654 2277 700 2320; x_wconf 90' lang='lat' dir='ltr'>in</span> <span class='ocrx_word' id='word_1_240' title='bbox 730 2277 932 2321; x_wconf 86' lang='lat' dir='ltr'>omnibus</span> <span class='ocrx_word' id='word_1_241' title='bbox 958 2278 1153 2322; x_wconf 90' lang='lat' dir='ltr'>omnium</span> <span class='ocrx_word' id='word_1_242' title='bbox 1176 2278 1336 2324; x_wconf 87' lang='lat' dir='ltr'>talibus</span> <span class='ocrx_word' id='word_1_243' title='bbox 1362 2279 1484 2326; x_wconf 86' lang='lat' dir='ltr'>factis</span> 
     </span>
     <span class='ocr_line' id='line_1_31' title="bbox 93 2346 1484 2412; baseline 0.005 -22"><span class='ocrx_word' id='word_1_244' title='bbox 93 2347 401 2399; x_wconf 88' lang='lat' dir='ltr'>commixtione</span> <span class='ocrx_word' id='word_1_245' title='bbox 423 2346 496 2391; x_wconf 85' lang='lat' dir='ltr'>illa</span> <span class='ocrx_word' id='word_1_246' title='bbox 526 2347 824 2392; x_wconf 88' lang='lat' dir='ltr'>membrorum</span> <span class='ocrx_word' id='word_1_247' title='bbox 855 2364 1033 2393; x_wconf 88' lang='lat' dir='ltr'>suorum</span> <span class='ocrx_word' id='word_1_248' title='bbox 1059 2350 1227 2409; x_wconf 88' lang='lat' dir='ltr'>turpari</span> <span class='ocrx_word' id='word_1_249' title='bbox 1257 2350 1484 2412; x_wconf 85' lang='lat' dir='ltr'>polluique</span> 
     </span>
     <span class='ocr_line' id='line_1_32' title="bbox 94 2426 383 2461; baseline -0.003 -1"><span class='ocrx_word' id='word_1_250' title='bbox 94 2426 383 2461; x_wconf 80' lang='lat' dir='ltr'>convincltur.</span> 
     </span>
    </p>

    <p class='ocr_par' dir='ltr' id='par_1_3' title="bbox 157 2488 1481 2553">
     <span class='ocr_line' id='line_1_33' title="bbox 157 2488 1481 2553; baseline 0.005 -22"><span class='ocrx_word' id='word_1_251' title='bbox 157 2490 215 2531; x_wconf 88' lang='lat' dir='ltr'>Et</span> <span class='ocrx_word' id='word_1_252' title='bbox 244 2488 354 2532; x_wconf 84' lang='lat' dir='ltr'>Osce</span> <span class='ocrx_word' id='word_1_253' title='bbox 384 2488 593 2548; x_wconf 85' lang='lat' dir='ltr'>propheta</span> <span class='ocrx_word' id='word_1_254' title='bbox 617 2489 634 2513; x_wconf 81' lang='lat'>²</span> <span class='ocrx_word' id='word_1_255' title='bbox 659 2498 888 2534; x_wconf 86' lang='lat' dir='ltr'>accusatur</span> <span class='ocrx_word' id='word_1_256' title='bbox 907 2505 930 2534; x_wconf 89' lang='lat' dir='ltr'>a</span> <span class='ocrx_word' id='word_1_257' title='bbox 960 2493 1123 2537; x_wconf 86' lang='lat' dir='ltr'>Fausto</span> <span class='ocrx_word' id='word_1_258' title='bbox 1151 2511 1161 2537; x_wconf 76' lang='lat' dir='ltr'><em>z</em></span> <span class='ocrx_word' id='word_1_259' title='bbox 1184 2492 1261 2553; x_wconf 93' lang='lat' dir='ltr'>qui</span> <span class='ocrx_word' id='word_1_260' title='bbox 1283 2492 1316 2537; x_wconf 93' lang='lat' dir='ltr'>si</span> <span class='ocrx_word' id='word_1_261' title='bbox 1339 2507 1481 2537; x_wconf 87' lang='lat' dir='ltr'>mere—</span> 
     </span>
    </p>
   </div>
   <div class='ocr_carea' id='block_1_3' title="bbox 145 2576 745 2617">
    <p class='ocr_par' dir='ltr' id='par_1_4' title="bbox 145 2576 745 2617">
     <span class='ocr_line' id='line_1_34' title="bbox 145 2576 745 2617; baseline 0 -10"><span class='ocrx_word' id='word_1_262' title='bbox 145 2581 155 2598; x_wconf 91' lang='lat'>¹</span> <span class='ocrx_word' id='word_1_263' title='bbox 175 2584 194 2607; x_wconf 83' lang='lat'>2</span> <span class='ocrx_word' id='word_1_264' title='bbox 213 2577 369 2617; x_wconf 81' lang='lat' dir='ltr'>Reg.x11.</span> <span class='ocrx_word' id='word_1_265' title='bbox 394 2576 443 2608; x_wconf 82' lang='lat'>13.</span> <span class='ocrx_word' id='word_1_266' title='bbox 462 2593 504 2599; x_wconf 92' lang='lat'><strong>—</strong></span> <span class='ocrx_word' id='word_1_267' title='bbox 524 2581 536 2597; x_wconf 88' lang='lat'>²</span> <span class='ocrx_word' id='word_1_268' title='bbox 559 2576 654 2617; x_wconf 85' lang='lat' dir='ltr'>Osee,</span> <span class='ocrx_word' id='word_1_269' title='bbox 670 2587 695 2615; x_wconf 86' lang='lat'>1,</span> <span class='ocrx_word' id='word_1_270' title='bbox 714 2584 745 2608; x_wconf 85' lang='lat'>2.</span> 
     </span>
    </p>
   </div>
  </div>
 </body>
</html>
