1803 3250
349 263 511 291 CONTRA
546 263 851 293 AnvssnsAmnM
885 267 1020 303 mers,
1057 268 1138 293 Lm.
1176 267 1222 292 11.
1406 253 1482 293 421

107 329 237 374 ficare
266 338 449 374 testatur
481 329 635 374 doctor
668 329 921 385 Gentium¹,
956 331 1152 391 quamvis
1174 331 1343 375 narium
1368 347 1495 391 rugas

104 410 147 445 et
173 400 329 446 frontis
361 401 552 446 obducat
568 436 578 456 ,
624 410 667 444 et
703 401 889 459 crispato
924 402 1050 446 vultu
1085 403 1199 446 hanc
1238 403 1490 462 parabolam

102 473 331 518 exhorreat
343 473 496 518 doctor
508 473 830 532 pestilentium,
856 482 898 516 et
917 473 1056 518 multo
1075 475 1260 533 amplius
1282 485 1325 518 et
1345 491 1491 534 asper-

102 543 287 589 nabilius
301 580 312 600 ,
336 543 514 605 quando
536 543 658 588 audit
673 544 876 587 eumdem
893 545 1097 588 Gentium
1115 546 1354 601 doctorem,
1373 548 1492 605 quod

101 615 310 675 scriptum
327 624 391 660 est
405 615 460 659 de
482 613 673 659 masculo
696 623 739 658 et
762 612 942 658 foemina
967 634 975 659 :
1006 634 1024 655 «
1044 618 1185 659 Erunt
1201 616 1346 660 duoin
1364 633 1492 662 carne

110 705 128 728 »
154 701 244 730 una
263 707 274 744 3
296 704 316 727 »
339 684 499 730 addere
523 694 566 729 et
588 685 732 729 dicere
757 704 766 729 :
796 703 815 726 «
835 686 1159 729 Sacramentum
1184 687 1267 731 hoc
1288 703 1495 746 magnum

104 777 123 799 »
150 767 239 814 est,
265 773 346 818 ego
369 767 515 802 autern
538 757 635 802 dico
656 757 702 800 in
724 756 896 802 Christo
914 767 957 801 et
979 757 1023 801 in
1044 757 1274 802 Ecclesia?
1300 778 1317 798 »
1346 762 1494 804 Ita-ne

99 844 201 874 vero
222 829 298 874 ubi
326 839 468 874 essent
489 827 791 887 cognoscenda
811 838 943 873 tantae
961 829 1021 872 rei
1039 839 1323 883 sacramenta,
1348 830 1391 874 id
1407 840 1486 886 est,

97 916 216 945 sacra
237 900 373 959 signa,
399 910 442 945 et
463 901 508 943 in
532 916 577 943 re
599 898 822 960 pudenda,
849 910 979 960 atque
1006 901 1051 944 in
1081 901 1140 944 eis
1164 901 1306 945 verbis
1329 902 1490 961 quibus

37 984 43 989 ¹
96 971 357 1016 verecundia
372 970 573 1026 debetur,
592 972 794 1030 cognosci
816 987 904 1014 non
923 971 1122 1014 debuisse
1142 987 1221 1015 nec
1237 971 1338 1027 dici,
1354 973 1486 1017 homo

94 1042 174 1087 iste
186 1042 348 1087 sciebat
367 1078 377 1097 ,
402 1052 445 1086 et
468 1042 619 1086 beatus
643 1041 874 1101 Apostolus
890 1042 1144 1086 nesciebat?
1166 1045 1248 1086 Eat
1264 1043 1392 1101 plane
1407 1044 1485 1088 iste

98 1122 212 1157 retro
229 1127 329 1157 cum
347 1114 433 1157 suis
455 1112 667 1157 similibus
684 1112 806 1156 sociis
825 1148 834 1167 ,
858 1114 933 1172 qui
957 1111 1162 1156 dixerunt
1185 1133 1192 1157 :
1224 1132 1242 1154 «
1268 1117 1409 1158 Durus
1427 1124 1490 1159 est

99 1202 119 1226 »
145 1185 216 1228 hic
244 1199 385 1228 sermo
402 1219 413 1238 ,
445 1175 541 1244 quis
569 1199 669 1227 eum
698 1193 839 1243 potest
862 1183 1070 1227 audire3?
1088 1203 1107 1225 »
1130 1186 1216 1229 Nos
1240 1195 1384 1228 autem
1409 1201 1489 1229 au-

95 1254 286 1309 diamus,
319 1264 362 1298 et
392 1253 683 1312 intelligamus
705 1255 793 1298 duo
819 1257 1094 1299 Testamenta
1116 1256 1161 1298 in
1194 1256 1368 1300 duobus
1391 1256 1488 1302 filiis

94 1326 298 1380 Abrahae,
319 1323 580 1384 duabusque
594 1323 850 1368 mulieribus
865 1326 957 1384 ejus
975 1326 1283 1369 commixtione
1302 1324 1483 1372 foetatis:

93 1397 204 1441 sicut
225 1395 335 1440 duos
357 1395 403 1438 in
425 1410 553 1439 carne
576 1410 680 1450 una,
704 1395 926 1440 Christum
947 1405 989 1438 et
1012 1395 1266 1450 Ecclesiam,
1292 1397 1382 1440 istis
1405 1413 1487 1441 no-

94 1467 301 1521 lentibus,
323 1468 414 1510 sine
433 1466 521 1510 ulla
538 1466 827 1510 obscoenitate
847 1467 1149 1525 cognoscimus
1170 1487 1179 1512 :
1200 1468 1311 1512 sicut
1325 1468 1489 1513 media-

93 1547 233 1582 torem
258 1538 335 1582 Dei
363 1547 407 1582 et
427 1538 657 1582 hominum
681 1537 905 1581 hominem
928 1538 1148 1582 Christum
1180 1541 1371 1593 Jesum4,
1398 1556 1486 1584 catu

92 1625 192 1655 nem
221 1626 343 1655 suam
362 1610 488 1655 nobis
510 1609 859 1654 manducandam
880 1609 1211 1670 bibendumque
1231 1613 1484 1669 sanguinem

91 1681 288 1738 dantem,
312 1681 432 1726 fideli
453 1681 584 1726 corde
607 1691 739 1741 atque
761 1697 834 1725 orc
857 1682 1139 1739 suscipimus,
1165 1683 1363 1742 quamvis
1379 1684 1483 1727 hor-

92 1753 259 1797 ribilius
278 1753 475 1797 videatur
493 1753 731 1797 humanam
753 1768 927 1796 carnem
950 1753 1214 1796 manducare
1243 1769 1374 1813 quam
1405 1770 1483 1813 pe-

92 1824 271 1879 rimere,
294 1833 337 1868 et
363 1824 608 1867 humanum
641 1825 894 1881 sanguinem
932 1832 1083 1883 potare
1115 1840 1246 1883 quam
1270 1824 1481 1871 fundere:

91 1903 222 1954 atque
243 1895 287 1938 in
312 1894 516 1938 omnibus
538 1894 696 1938 sanctis
718 1894 968 1952 Scripturis,
987 1895 1227 1939 secundum
1248 1911 1362 1939 sanae
1380 1896 1482 1940 fidei

90 1963 284 2023 regulam
307 1965 493 2024 figurate
514 1964 681 2008 dictum
703 1963 773 2007 vel
792 1962 954 2008 factum
976 1965 1010 2008 si
1028 1965 1132 2026 quid
1157 1967 1405 2025 exponitur,
1428 1969 1483 2010 de

89 2036 360 2098 quibuslibet
382 2036 512 2080 rebus
535 2045 577 2080 et
599 2037 739 2080 verbis
764 2052 864 2096 quae
897 2037 1025 2081 sacris
1054 2038 1221 2096 paginis
1250 2039 1478 2082 continen-

90 2118 182 2164 tur,
209 2108 420 2168 expositio
443 2106 515 2152 illa
537 2108 723 2152 ducatur
740 2144 751 2162 ,
776 2123 865 2152 non
889 2118 1191 2167 aspernanter,
1217 2109 1293 2152 sed
1314 2110 1480 2168 sapien-

90 2190 154 2225 ter
177 2180 434 2238 audiamus,
469 2188 512 2223 et
535 2179 833 2239 relinquamus
866 2179 994 2223 istum
1024 2180 1167 2223 inania
1192 2180 1448 2238 garrientem
1467 2217 1478 2233 ,

88 2260 133 2296 et
154 2251 389 2296 nesciendo
411 2251 519 2311 quid
540 2250 762 2310 loquatur,
783 2250 989 2311 quadam,
1011 2251 1044 2295 si
1066 2251 1151 2296 dici
1170 2261 1326 2310 potest,
1348 2253 1479 2311 impe-

88 2323 169 2367 rita
193 2322 346 2382 peritia
373 2320 428 2366 de
459 2322 699 2380 figurarum
728 2322 938 2383 qualitate
969 2331 1245 2367 tractantem.
1273 2324 1358 2376 Qui
1380 2338 1480 2367 cum

88 2395 193 2440 dicit
213 2394 342 2438 rebus
363 2394 566 2453 congruis
588 2410 676 2439 non
696 2395 919 2439 contrariis
943 2393 1108 2455 aliquid
1126 2410 1216 2440 esse
1235 2395 1476 2454 significan-

87 2467 212 2521 dum,
244 2474 386 2526 potest
418 2481 557 2511 vanus
585 2465 742 2522 dicere,
784 2482 952 2526 semper
993 2469 1135 2511 Deum
1171 2465 1319 2511 lucido
1341 2482 1475 2519 auro,

87 2552 315 2598 nunquam
326 2537 451 2597 nigro
465 2546 706 2582 atramento
719 2537 847 2582 scribi
861 2546 1062 2597 oportere
1080 2557 1089 2582 ε
1105 2538 1313 2596 quoniam
1330 2556 1349 2578 «
1363 2540 1475 2580 Deus

135 2629 145 2645 ¹
167 2622 235 2656 Gal.
255 2633 301 2665 iv,
320 2622 375 2655 26.
390 2639 431 2647 ·-
446 2629 459 2645 ²
476 2622 590 2665 Ephes.
610 2634 642 2664 V,
664 2623 716 2655 31.
736 2641 774 2647 --
793 2622 805 2646 3
823 2625 915 2656 Joan.
934 2633 980 2664 Vl,
1000 2619 1130 2653 61.—4
1148 2632 1161 2653 1
1178 2621 1257 2654 Tim.
1278 2633 1312 2662 11,
1329 2621 1358 2652 5.
