1803 3250
458 200 620 230 CONTRA
654 199 869 236 FAUsTUM‚
906 201 986 226 Lus.
1024 200 1133 227 xxn.
1430 188 1483 225 83

103 276 227 313 cetur
248 266 448 311 audacia:
474 267 576 326 quia
600 279 687 309 non
707 273 756 307 ut
772 265 917 323 jussus
950 264 1090 308 fuerat
1118 263 1283 307 lerrum
1304 261 1456 306 tollere
1471 296 1483 316 ,

104 339 164 383 ita
180 339 323 399 jussus
345 337 487 382 fuerat
508 346 552 380 et
574 335 716 380 ferire.
744 334 925 379 Latebat
945 344 1060 379 certe
1083 334 1254 379 Domini
1264 332 1483 389 voluntas,

105 425 184 454 cur
218 424 336 453 arma
365 408 525 468 portari
555 406 856 466 praecepisset,
887 405 1046 465 quibus
1075 421 1146 450 eos
1167 406 1230 448 uti
1261 405 1485 450 noluisset.

108 474 418 525 Verumtamen
444 478 500 523 ad
527 477 653 522 illum
690 493 791 522 cum
820 477 986 521 ratione
1015 477 1271 535 praecipere,
1303 476 1357 521 ad
1388 476 1491 521 istos

107 560 253 596 autem
274 552 365 595 sine
381 549 686 595 retractatione
703 557 919 609 praecepta
936 547 1077 592 facere
1092 547 1353 607 pertinebat.

168 624 410 668 LXXVIII.
445 621 723 667 Calumniosa
754 635 857 679 ergo
887 619 1103 679 imperitia
1138 622 1309 676 Moyses
1344 634 1493 678 repre-

109 694 318 738 henditur
327 692 450 754 quod
463 692 577 738 bella
591 693 780 752 gesserit,
801 693 877 754 qui
895 692 1036 736 minus
1049 690 1309 751 reprehendi
1322 689 1491 746 debuit,

111 763 146 809 si
156 779 233 809 sua
248 773 403 823 sponte
414 773 596 823 gereret,
613 779 746 824 quam
758 763 792 808 si
810 767 899 808 Deo
915 763 1100 823 jubente
1112 777 1201 806 non
1217 770 1384 820 gereret
1401 780 1409 805 :
1431 762 1496 819 ip-

113 850 209 879 sum
226 850 328 880 vero
340 838 496 890 Deum,
521 834 643 895 quod
660 835 759 879 talia
772 836 961 895 jusserit,
984 834 1145 878 audere
1163 832 1497 892 reprehendere,

113 903 185 949 vel
201 907 340 949 Deum
354 906 523 965 justum
541 914 584 949 et
601 905 767 950 bonum
793 905 894 950 talia
911 906 1066 965 jubere
1089 904 1279 964 potuisse
1298 919 1387 948 non
1403 918 1501 947 cre-

115 976 239 1031 dere,
256 977 443 1021 hominis
460 985 546 1031 est,
572 986 622 1020 ut
645 978 789 1021 mitius
808 977 980 1037 loquar,
1002 977 1191 1034 cogitare
1208 991 1298 1020 non
1319 974 1502 1019 valentis

114 1045 272 1090 divinae
292 1046 578 1106 providentiae
594 1062 669 1105 per
686 1057 844 1091 cuncta
866 1062 1034 1106 summa
1052 1057 1183 1106 atque
1200 1047 1286 1091 ima
1303 1046 1502 1089 tendenti

116 1131 197 1161 nec
209 1131 375 1161 novum
387 1131 477 1160 esse
490 1116 610 1176 quod
625 1117 780 1172 oritur,
801 1132 881 1161 nee
899 1118 1040 1176 perii-e
1058 1116 1179 1176 quod
1196 1117 1406 1173 moritur,
1430 1114 1506 1159 sed

118 1187 164 1231 in
183 1202 261 1232 suo
274 1186 444 1246 singula
457 1202 646 1248 quaeque
661 1186 814 1231 ordine
834 1187 924 1233 sive
942 1196 1197 1232 naturarum
1221 1187 1310 1231 sive
1326 1187 1504 1231 merito-

117 1273 217 1303 rum
225 1257 295 1303 vel
305 1258 474 1314 cedere,
484 1257 553 1303 vel
566 1258 811 1314 succedere,
824 1259 894 1304 vel
907 1274 1082 1303 manere
1095 1278 1104 1304 z
1122 1259 1353 1302 hominum
1362 1267 1506 1302 autem

118 1338 282 1376 rectam
294 1329 566 1374 voluntatem
578 1329 738 1373 divinae
750 1329 834 1389 legi
851 1329 1078 1389 conjungi,
1098 1328 1391 1373 inordinatam
1405 1343 1508 1373 vero

118 1400 401 1461 cupiditatem
411 1400 571 1445 divinae
582 1400 685 1458 legis
694 1400 845 1444 ordine
852 1400 1042 1445 coerceri
1057 1419 1066 1444 ε
1082 1409 1131 1443 ut
1141 1414 1222 1444 nec
1232 1399 1374 1443 bonus
1388 1398 1507 1443 aliud

119 1487 252 1532 quam
264 1471 513 1531 praecipitur
521 1470 640 1526 velit,
652 1486 732 1516 nec
743 1471 881 1516 malus
891 1470 1078 1530 amplius
1093 1485 1225 1530 quam
1240 1470 1508 1529 permittitur

120 1543 254 1602 possit
271 1563 283 1601 3
305 1543 364 1586 ita
385 1558 503 1598 sane,
529 1552 577 1586 ut
599 1558 686 1586 non
704 1542 885 1600 impune
902 1543 1035 1602 possit
1051 1541 1173 1601 quod
1190 1541 1348 1601 injuste
1364 1541 1510 1585 volue-

122 1613 192 1657 rit.
213 1616 276 1658 Ac
294 1628 371 1672 per
386 1613 471 1657 hoe
488 1613 534 1656 in
556 1613 760 1657 omnibus
778 1628 878 1672 quae
904 1613 1096 1656 humana
1118 1611 1346 1657 infirmitas
1364 1612 1511 1657 horret

123 1693 199 1729 aut
216 1684 362 1739 timet,
391 1683 481 1728 sola
503 1683 707 1743 iniquitas
725 1684 824 1743 jure
847 1683 1082 1728 damnatur
1101 1703 1110 1729 ε
1137 1692 1293 1728 caetera
1320 1693 1423 1728 sunt
1445 1683 1513 1728 vel

122 1754 288 1799 tributa
310 1762 582 1807 naturarum,
603 1754 671 1798 vel
695 1755 846 1798 merita
863 1754 1106 1813 culparum.
1130 1755 1201 1798 Fit
1221 1763 1367 1799 autem
1380 1755 1513 1800 homo

123 1825 318 1885 iniquus,
341 1840 442 1869 cum
461 1834 637 1884 propter
653 1841 697 1869 se
717 1825 830 1884 ipsas
851 1824 994 1885 diligit
1017 1841 1081 1870 res
1102 1835 1278 1885 propter
1303 1826 1423 1870 aliud
1444 1841 1512 1870 as-

125 1895 372 1952 sumendas,
391 1907 435 1941 et
455 1906 632 1956 propter
650 1896 770 1941 aliud
790 1897 956 1956 appetit
980 1913 1046 1941 res
1063 1906 1242 1957 propter
1258 1912 1299 1941 se
1320 1897 1433 1958 ipsas
1449 1897 1513 1942 di-

124 1966 336 2026 ligendas.
359 1967 428 2013 Sic
445 1967 578 2022 enim,
607 1977 823 2027 quantum
844 1968 889 2012 in
910 1967 1004 2027 ipso
1026 1977 1105 2024 est,
1139 1969 1368 2028 perturbat
1399 1969 1444 2013 in
1471 1984 1515 2013 se

126 2036 326 2083 ordinem
343 2038 604 2093 naturalem,
619 2054 750 2098 quem
763 2039 832 2082 lex
849 2048 1009 2084 aeterna
1027 2040 1272 2084 conservari
1281 2040 1425 2100 jubet.
1444 2040 1516 2084 Fit

128 2117 274 2153 autem
290 2109 424 2153 homo
436 2110 595 2170 justus,
615 2125 715 2154 cum
733 2110 791 2154 ob
810 2109 929 2154 aliud
950 2125 1040 2155 non
1069 2111 1236 2170 appetit
1268 2110 1396 2155 rebus
1426 2110 1514 2166 uti,

127 2179 211 2224 nisi
237 2189 414 2239 propter
445 2179 566 2241 quod
601 2180 809 2225 divinitus
842 2181 1055 2226 institutae
1086 2191 1211 2239 sunt,
1246 2182 1340 2242 ipso
1372 2191 1518 2227 autem

131 2253 222 2296 Deo
244 2249 333 2295 frui
351 2260 528 2311 propter
550 2252 708 2311 ipsum,
736 2267 869 2312 seque
890 2261 934 2297 et
956 2252 1094 2297 amico
1116 2253 1162 2297 in
1179 2253 1272 2312 ipso
1290 2256 1379 2298 Deo
1394 2268 1520 2313 prop-

129 2328 196 2364 ter
209 2322 415 2366 eumdem
437 2323 580 2382 ipsum
601 2325 757 2368 Deum.
782 2327 963 2383 Propter
986 2326 1122 2368 Deum
1146 2324 1262 2367 enim
1280 2333 1396 2368 amat
1412 2324 1523 2368 ami-

129 2405 248 2447 cum,
271 2391 348 2451 qui
363 2391 440 2435 Dei
461 2407 653 2438 amorem
675 2404 790 2438 amat
809 2394 856 2438 in
879 2394 1037 2439 amico.
1068 2394 1166 2439 Sive
1186 2404 1333 2438 autem
1360 2394 1525 2454 iniqui-

132 2471 224 2518 tas,
258 2462 346 2507 sive
376 2463 543 2522 justitia
562 2498 572 2518 ,
610 2463 692 2507 nisi
730 2474 839 2508 esset
867 2466 913 2507 in
949 2466 1201 2518 voluntate,
1229 2480 1318 2508 non
1341 2475 1450 2509 esset
1477 2466 1522 2508 in

133 2540 361 2593 potestate.
386 2535 521 2579 Porro
544 2534 577 2578 si
605 2533 650 2578 in
682 2542 893 2593 potestate
920 2548 1009 2579 non
1031 2541 1169 2590 esset,
1204 2534 1378 2579 nullum
1410 2551 1523 2595 preco

1294 2606 1333 2646 6.
