1803 3250
599 214 652 240 DE
683 210 853 241 NATURA
886 214 1001 241 nom.
1409 204 1493 245 267

116 277 275 323 malam
294 279 339 324 in
361 278 556 340 paradiso
579 278 847 339 plantaverat
867 297 875 324 ε
899 281 973 323 sed
995 280 1086 340 ipse
1107 290 1198 326 erat
1214 281 1392 338 melior,
1418 282 1496 343 qui

116 363 210 392 eam
233 352 351 408 tangi
374 350 648 410 prohibebat.

173 423 355 465 XXXV.
387 422 456 466 Ad
489 420 716 464 hocenim
754 428 797 463 et
834 420 1131 478 prohibuerat,
1166 432 1216 466 ut
1249 422 1497 468 ostenderet

114 492 271 535 animae
289 491 507 536 rationalis
526 500 741 544 naturam,
765 505 854 534 non
879 490 924 533 in
946 506 1021 534 sua
1040 500 1275 550 potestate,
1302 493 1377 537 sed
1405 497 1496 538 Deo

113 560 339 620 subditam
348 576 438 605 esse
451 561 626 615 debere,
647 569 691 604 et
712 559 907 604 ordinem
924 575 1013 605 suae
1026 561 1173 605 salutis
1190 578 1267 621 per
1287 563 1497 608 obedien-

113 632 220 676 tiam
242 631 474 687 custodire,
507 647 583 692 per
611 631 953 676 inobedientiam
987 647 1279 691 corrumpere.
1315 634 1427 678 Hinc
1454 645 1497 680 et

114 703 312 747 arborem
328 718 460 763 quam
475 703 595 762 tangi
608 702 767 756 vetuit,
788 701 847 746 sic
863 701 1095 761 appellavit
1118 721 1126 746 :
1151 721 1171 744 «
1186 703 1497 760 Dignoscentiae

117 793 136 814 »
161 772 267 817 boni
289 782 332 816 et
364 772 515 817 mali1:
539 790 559 814 »
585 772 686 832 quia
708 787 808 817 curn
836 787 930 816 eam
953 781 1104 817 contra
1127 772 1310 818 vetitum
1332 774 1499 832 tetigis-

113 852 202 898 set,
227 843 495 902 experiretur
517 858 694 903 poenam
717 843 904 902 peccati,
931 852 973 887 et
1003 858 1054 888 eo
1071 843 1203 888 modo
1225 844 1498 903 dignosceret

111 912 221 975 quid
248 914 473 958 interesset
499 914 611 958 inter
639 912 900 958 obedientiae
927 914 1094 959 bonum
1116 923 1160 958 et
1188 914 1497 959 inobedientiae

111 984 292 1030 malum.

170 1058 376 1100 XXXVI.
421 1058 527 1101 Nam
566 1056 662 1116 quis
699 1056 758 1099 ita
796 1056 999 1116 desipiat,
1040 1065 1090 1100 ut
1124 1057 1201 1100 Dei
1236 1066 1493 1114 creaturam,

111 1127 296 1172 maxime
337 1126 384 1169 in
424 1126 624 1185 paradiso
665 1125 905 1185 plantatam
921 1162 931 1182 ,
972 1127 1306 1186 vituperandam
1344 1130 1498 1188 putet?

112 1197 480 1258 Quandoquidem
506 1212 587 1242 nec
606 1199 710 1257 ipsae
732 1199 866 1257 spinae
890 1214 938 1243 ac
957 1198 1120 1255 tribuli,
1147 1215 1255 1259 quos
1282 1200 1498 1259 peccatori

108 1272 155 1316 in
170 1271 320 1316 labore
337 1269 626 1325 conterendo,
644 1271 885 1315 secundum
905 1271 980 1314 Dei
993 1271 1267 1330 judiciariam
1288 1270 1496 1316 volunta-

109 1351 198 1386 tem
229 1351 344 1387 terra
378 1341 571 1401 peperit,
597 1351 712 1385 recte
743 1342 1061 1400 vituperentur.
1101 1341 1277 1385 Habent
1305 1342 1420 1385 enim
1455 1351 1499 1387 et

110 1412 215 1457 tales
238 1412 385 1457 herbae
406 1411 604 1467 modum,
629 1421 672 1456 et
690 1413 899 1472 speciem,
924 1422 967 1456 et
995 1411 1193 1457 ordinem
1216 1427 1344 1457 suum
1360 1447 1371 1468 ‚
1397 1428 1498 1473 quae

109 1484 306 1545 quisquis
328 1484 469 1529 sobrie
491 1484 843 1540 consideraverit,
869 1484 1087 1529 laudanda
1109 1485 1292 1544 reperiet
1323 1504 1332 1529 :
1362 1485 1437 1529 sed
1459 1485 1498 1529 ei

109 1564 278 1600 naturae
307 1555 386 1599 ista
410 1555 523 1599 mala
545 1564 663 1610 sunt,
690 1570 822 1615 quam
844 1556 1010 1615 peccati
1040 1555 1196 1600 merito
1217 1556 1276 1599 sic
1308 1556 1498 1600 coerceri

108 1627 354 1688 oportebat.
375 1630 474 1673 Non
495 1636 559 1671 est
581 1641 698 1685 ergo,
726 1637 775 1672 ut
797 1627 900 1683 dixi,
925 1636 1151 1687 peccatum
1180 1625 1306 1671 malae
1328 1636 1497 1671 naturae

108 1699 343 1758 appetitio,
368 1699 443 1743 sed
474 1699 662 1744 melioris
692 1699 876 1743 desertio
911 1718 920 1744 ε
957 1708 1000 1744 et
1028 1699 1126 1744 ideo
1154 1699 1318 1744 Iactum
1353 1700 1497 1759 ipsum

108 1770 273 1815 malum
295 1778 375 1826 est,
397 1786 487 1815 non
503 1769 577 1815 illa
599 1780 754 1815 natura
780 1787 866 1831 qua
887 1771 999 1815 male
1020 1771 1159 1815 utitur
1181 1786 1378 1831 peccans.
1399 1773 1496 1816 Ma—

106 1841 200 1886 lum
233 1850 297 1885 est
328 1841 444 1885 enim
469 1840 581 1885 male
604 1842 667 1886 uti
695 1842 828 1886 bono.
870 1841 992 1886 Unde
1015 1842 1248 1901 Apostolus
1271 1842 1496 1887 damnatos

107 1912 318 1974 quosdam
348 1911 499 1957 divino
524 1911 692 1972 judicio
715 1912 1016 1973 reprehendit,
1042 1913 1119 1973 qui
1153 1912 1433 1959 «Coluerunt
1454 1922 1497 1958 et

109 2002 132 2026 n
167 1983 409 2028 servierunt
438 1992 648 2028 creaturae
680 1984 825 2044 potius
867 2000 1000 2044 quam
1029 1985 1267 2030 Creatori2.
1294 2003 1313 2026 »
1344 1987 1496 2045 Neque

108 2056 224 2100 enim
247 2065 491 2100 creaturam
509 2057 810 2115 reprehendit,
844 2057 965 2117 quod
994 2057 1069 2117 qui
1093 2056 1269 2112 fecerit,
1300 2058 1497 2102 Creatori

107 2127 214 2172 facit
234 2126 438 2187 injuriam
465 2146 474 2171 :
500 2126 576 2171 sed
597 2143 668 2172 eos
700 2127 913 2188 quihjmale
934 2128 999 2172 usi
1021 2137 1124 2172 sunt
1141 2127 1265 2186 bono
1280 2162 1291 2183 ,
1317 2127 1496 2173 meliore

109 2197 297 2243 deserto.

167 2270 396 2313 XXXVII.
419 2268 608 2313 Proinde
629 2269 664 2312 si
677 2270 926 2314 custodiant
943 2285 1093 2315 omnes
1109 2279 1277 2314 naturae
1293 2271 1492 2328 modum,

109 2348 154 2383 et
172 2339 376 2399 speciem,
406 2347 448 2383 et
470 2338 664 2383 ordinem
692 2341 935 2400 proprium,
956 2340 1129 2385 nullum
1149 2342 1230 2386 erit
1244 2341 1406 2386 malum
1426 2362 1435 2387 :
1462 2343 1496 2387 si

109 2418 254 2454 autem
277 2410 343 2453 his
362 2410 484 2454 bonis
505 2409 691 2470 quisque
712 2410 825 2455 male
845 2412 912 2455 uti
935 2412 1146 2467 voluerit,
1177 2427 1257 2457 nec
1280 2413 1338 2457 sic
1360 2413 1496 2458 vincit

108 2480 381 2526 voluntatem
400 2481 502 2536 Dei,
527 2480 604 2540 qui
628 2482 755 2527 etiam
785 2482 965 2542 injustos
982 2484 1098 2543 juste
1119 2484 1321 2530 ordinare
1341 2486 1491 2542 novit,

161 2574 172 2590 ¹
194 2569 276 2601 Genae
295 2565 379 2611 u,J9.
392 2583 434 2593 --
447 2573 461 2591 ²
478 2569 570 2601 Rom.
589 2578 612 2609 1,
630 2567 686 2602 25.
