1803 3250
309 217 472 247 CONTRA
505 216 806 246 ADVERSARIUM
840 218 974 256 LEGIS,
1010 219 1092 245 Lm.
1130 219 1176 243 11.
1361 206 1444 246 403

70 306 89 326 »
113 283 319 329 lamini.»
348 284 464 338 Quid
486 284 673 340 mirum,
714 282 1101 342 (quandoquidem
1137 284 1220 328 hoc
1256 283 1450 328 testimo-

64 356 188 401 nium
212 353 267 399 de
288 356 512 415 scripturis
534 354 680 399 nescio
701 353 861 412 quibus
882 354 1142 413 apocryphis
1162 353 1344 414 protulit
1359 389 1370 408 ,
1387 356 1403 412 )
1420 355 1454 400 si

65 424 121 470 de
144 425 368 483 Prophetis
396 426 475 470 Dei
507 425 607 470 talia
630 424 933 469 confinxerunt
956 425 1145 468 haeretici
1177 425 1253 484 qui
1282 426 1452 469 easdem

63 493 228 541 litteras
246 511 337 541 non
359 496 610 556 accipiunt?
633 497 742 540 Nam
759 494 803 537 in
822 494 1061 552 Evangelio
1085 496 1309 549 Dominus,
1335 495 1454 555 quod

64 582 156 621 non
175 576 240 612 est
261 567 586 628 apocryphum,
620 565 695 610 sed
724 565 769 608 in
797 565 895 609 luce
920 566 1110 610 veritatis
1142 567 1344 611 omnibus
1371 583 1453 611 no-

65 646 160 682 tum
177 672 189 693 ,
221 637 351 682 etiam
371 645 471 696 post
492 636 849 680 resurrectionem
878 635 1103 695 Discipulis
1126 637 1170 679 in
1195 637 1350 681 itinere
1378 654 1453 681 co—

66 708 244 754 mitatus
259 743 271 765 ‚
296 707 506 768 incipiens
529 724 553 752 a
579 710 729 766 Moyse
744 742 755 763 ,
780 723 857 767 per
883 722 1033 751 omnes
1066 708 1301 766 Prophetas
1317 745 1327 763 ,
1361 710 1453 753 haec

65 779 121 825 de
142 795 186 825 se
207 795 306 840 quae
328 778 443 825 facta
459 778 637 824 fuerant
655 813 666 835 ‚
691 778 899 839 praedicta
917 777 1175 822 monstravit
1188 781 1217 822 ³.

123 853 221 896 XV.
248 854 310 895 De
330 851 441 911 ipso,
466 851 632 911 inquit,
655 851 815 895 iterum
833 850 997 908 arguit,
1024 850 1099 893 ubi
1123 849 1227 895 dicit
1250 869 1258 894 ;
1291 869 1308 891 u
1326 851 1455 895 Multi

68 939 89 964 »
116 921 223 966 mihi
245 921 394 966 dicent
415 922 461 966 in
482 921 555 967 illa
572 920 669 968 die:
694 922 893 977 Domine,
919 921 965 964 in
989 921 1164 965 nominc
1186 931 1262 966 tuo
1292 921 1459 966 (liemo-

70 1013 89 1036 »
113 993 185 1038 nia
212 993 437 1054 ejecimus,
461 1003 504 1038 et
530 995 576 1037 in
598 994 777 1039 nomine
816 1004 890 1038 tuo
920 995 1303 1052 prophetavimus,
1341 1006 1383 1038 et
1413 995 1456 1038 in

68 1082 90 1106 »
114 1064 292 1109 nomine
308 1074 386 1110 tuo
407 1066 589 1109 virtutes
605 1064 762 1109 multas
776 1064 971 1109 fecimus.
995 1068 1050 1109 Et
1068 1074 1174 1108 tunc
1191 1065 1333 1109 dicam
1348 1065 1452 1110 illis:

68 1153 89 1176 »
114 1135 324 1181 Recedite
345 1152 370 1180 a
389 1151 473 1191 me,
498 1136 706 1196 quoniam
729 1151 955 1196 nunquam
978 1151 1053 1179 vos
1074 1135 1205 1189 scivi,
1232 1136 1333 1195 quia
1352 1152 1458 1195 ope—

69 1223 90 1248 »
115 1206 198 1251 rati
211 1206 312 1251 estis
329 1206 605 1267 iniquitatem
618 1210 650 1250 2.
670 1225 690 1248 »
716 1206 839 1251 Absit
860 1217 908 1250 ut
928 1208 1004 1250 ista
1021 1205 1075 1250 de
1095 1207 1320 1265 Prophetis
1338 1223 1459 1252 sanc-

64 1277 146 1334 tis,
176 1278 222 1322 in
244 1278 402 1339 quibus
433 1287 524 1322 erat
551 1281 722 1335 Moyses
753 1288 796 1322 et
828 1279 998 1332 caeteri,
1026 1279 1231 1322 Dominus
1263 1278 1420 1325 dixerit
1444 1299 1453 1325 :

63 1348 140 1394 sed
155 1349 324 1394 dictum
345 1359 411 1394 est
429 1349 484 1393 de
505 1349 572 1403 iis,
599 1350 676 1409 qui
699 1360 796 1410 post
818 1351 908 1409 ejus
935 1349 1223 1408 Evangelium
1247 1350 1459 1408 praedica-

64 1428 161 1465 tum
176 1453 189 1476 ,
212 1421 257 1465 in
280 1422 375 1481 ejus
396 1420 573 1465 nomine
590 1420 672 1464 sibi
692 1419 812 1480 loqui
834 1419 1040 1465 videntur
1056 1455 1066 1475 ,
1090 1420 1329 1466 nescientes
1349 1423 1459 1482 quid.

62 1490 305 1552 loquantur
324 1513 336 1550 3
359 1492 406 1536 in
422 1491 582 1552 quibus
606 1501 648 1536 et
670 1492 750 1536 iste
767 1492 847 1535 sihi
867 1491 1014 1535 locum
1032 1492 1252 1550 periturus
1275 1493 1455 1538 invenit.

122 1564 245 1608 XVI.
270 1561 388 1607 Illud
408 1578 585 1623 quoque
608 1563 668 1608 ait
696 1562 850 1607 dixisse
880 1563 1115 1607 Dominum
1150 1582 1158 1608 ;
1195 1565 1329 1622 «Ego
1361 1580 1457 1608 sum

67 1650 90 1675 »
109 1634 246 1694 janua
266 1634 415 1679 ovium
437 1653 446 1679 :
471 1649 620 1678 omnes
643 1634 713 1678 alii
742 1643 961 1694 quotquot
991 1642 1091 1677 ante
1120 1649 1188 1677 me
1212 1646 1452 1690 venerunt,

67 1721 88 1747 »
113 1703 232 1750 iures
251 1713 355 1750 sunt
376 1713 420 1750 et
441 1704 674 1750 latrone53.
701 1724 720 1746 »
758 1707 854 1750 Non
878 1715 1022 1749 autem
1045 1706 1102 1749 ita
1126 1706 1334 1765 scriptum
1361 1716 1451 1752 est:

65 1774 141 1821 sed
173 1775 265 1822 ita:
293 1777 496 1820 «Omnes
526 1785 748 1836 quotquot
774 1785 1015 1830 venerunt,
1041 1776 1159 1820 fures
1182 1786 1284 1820 sunt
1318 1788 1363 1822 et
1392 1777 1456 1821 la-

68 1864 88 1888 »
114 1855 276 1891 trones.
295 1864 316 1888 »
342 1848 519 1891 Venisse
556 1848 719 1906 quippe
752 1846 833 1890 hoc
862 1846 960 1891 loco
994 1846 1173 1904 intelligi
1212 1847 1351 1892 voluit
1383 1864 1455 1893 eos

65 1918 143 1977 qui
164 1918 281 1965 missi
303 1933 393 1962 non
415 1915 597 1962 fuissent
623 1937 631 1962 :
657 1932 766 1977 quos
797 1918 936 1975 arguit
960 1918 1088 1962 etiam
1122 1919 1328 1963 Jeremias
1344 1954 1354 1974 ,
1388 1921 1454 1963 di·-

64 2003 194 2036 cens:
221 2008 242 2032 «
266 1991 369 2033 Haec
391 1989 496 2033 dicit
517 1988 729 2033 Dominus
760 1987 815 2033 de
846 1988 1069 2047 prophetis
1091 1988 1166 2048 qui
1189 1990 1454 2049 prophetant

67 2076 87 2100 »
109 2059 156 2104 in
171 2059 349 2104 nomine
369 2073 484 2114 meo,
510 2069 553 2103 et
575 2074 656 2118 ego
678 2074 769 2103 non
792 2060 884 2102 misi
909 2060 1022 2103 eos4.
1044 2078 1062 2100 »
1090 2059 1158 2103 Illi
1181 2070 1326 2104 autem
1342 2078 1450 2121 quos

61 2129 239 2178 insanus
259 2129 338 2173 iste
353 2128 643 2189 blasphemat,
662 2146 685 2174 a
707 2130 889 2174 Domino
905 2130 1019 2174 missi
1037 2139 1166 2186 sunt,
1192 2147 1278 2174 non
1296 2143 1450 2191 sponte

61 2209 293 2249 venerunt.
318 2202 438 2253 Quos
459 2209 503 2244 et
527 2201 734 2244 Dominus
762 2216 839 2259 per
862 2200 1113 2259 parabolam
1136 2200 1313 2261 quidem
1329 2238 1340 2257 ,
1375 2203 1450 2248 sed

63 2270 327 2336 apertissima
348 2270 661 2330 significatione
683 2271 889 2323 declarat,
911 2271 982 2315 ubi
1005 2271 1111 2316 dicit
1134 2291 1142 2316 :
1173 2291 1193 2313 «
1215 2272 1354 2318 Aliam
1375 2290 1451 2334 pa-

42 2400 45 2403 *
66 2359 87 2384 »
114 2341 311 2386 rabolam
324 2342 472 2386 audite
492 2361 501 2386 :
525 2344 667 2387 Homo
683 2353 772 2387 erat
793 2342 1122 2403 paterfamilias,
1143 2343 1218 2404 qui
1237 2343 1449 2403 plantavit

67 2430 87 2455 >)
110 2412 311 2473 vineam,
321 2422 366 2456 et
387 2427 534 2473 sepem
556 2413 842 2459 circumdedit
864 2415 927 2470 ei,
953 2423 996 2458 et
1023 2413 1209 2459 foditin
1235 2432 1284 2461 ea
1306 2426 1450 2463 torcu—

0 2521 7 2538 ,
68 2501 88 2525 »
112 2482 203 2540 lar,
232 2492 277 2528 et
302 2483 537 2530 aedificavit
557 2485 734 2540 turrim,
763 2495 808 2530 et
832 2484 993 2530 locavit
1024 2500 1121 2530 eam
1147 2486 1343 2545 agricolis
1359 2523 1372 2544 ,
1405 2500 1448 2535 et

111 2569 123 2590 ¹
138 2567 218 2602 Luc.
235 2576 326 2610 xxxv,
344 2574 401 2610 27.
419 2584 462 2592 -
474 2574 488 2593 ⁵
504 2567 619 2603 Matth.
639 2579 697 2611 vn,
725 2577 758 2602 2.
774 2585 817 2594 —
829 2567 843 2593 ³
860 2570 951 2602 Joan·
971 2579 1004 2611 x,
1024 2569 1056 2603 8.
1073 2586 1115 2594 --
1128 2568 1144 2600 4
1160 2571 1282 2604 Jerem.
1300 2582 1368 2614 xiv,
1393 2572 1445 2606 15.

1196 2625 1262 2666 26.
