1803 3250
418 240 581 268 CONTRA
615 238 832 276 rAus‘rUM,
868 240 948 266 Lm.
989 241 1112 266 xxiii.
1376 228 1452 264 117

75 306 331 364 dignitatem
359 306 528 350 virilem
556 307 610 349 ab
640 304 792 349 ordine
821 305 1146 362 generationum
1174 302 1347 346 illarum
1370 319 1457 346 non

78 377 209 422 fuisse
230 377 514 437 separandum
529 412 539 432 ,
565 392 620 420 ne
639 377 722 421 hoc
743 376 835 435 ipso
857 375 1076 419 videretur
1098 375 1151 417 ab
1179 374 1249 417 illa
1282 374 1458 417 foemina

75 457 318 507 separatus,
346 448 416 492 cui
454 462 555 491 eum
593 448 688 507 conj
698 445 887 505 ungebat
909 445 1066 488 mentis
1101 445 1305 501 affectus,
1340 454 1381 488 et
1407 459 1461 488 ne

73 518 274 563 homines
295 518 444 562 fideles
466 517 648 572 Christi,
674 517 718 561 id
736 516 856 576 quod
874 515 955 560 sibi
977 515 1184 574 conjuges
1207 530 1334 558 carne
1357 516 1460 560 mis-

72 599 227 634 centur
241 626 252 645 ,
278 599 365 634 tam
384 604 591 648 magnum
610 590 657 633 in
677 589 883 649 conjugio
902 586 1163 646 deputarent
1179 621 1188 640 ,
1207 595 1255 629 ut
1276 586 1365 629 sine
1378 587 1461 630 hoc

71 663 275 721 conjuges
299 676 388 705 esse
410 676 498 704 non
526 659 779 717 crederent,
801 658 877 704 sed
906 658 1051 717 potius
1075 656 1291 701 discerent
1322 657 1461 701 fidelia

71 732 272 792 conjugia
290 767 300 785 ,
321 730 463 776 multo
486 731 740 777 familiarius
757 746 800 775 se
819 730 1041 774 adhaerere
1062 727 1269 773 membris
1286 728 1459 782 Christi,

70 803 237 863 quanto
259 803 502 863 potuissent
525 803 683 847 imitari
705 812 902 863 parentes
924 802 1100 847 Christi.

129 876 208 919 IX.
234 877 319 920 Nos
340 890 443 934 ergo
479 874 697 919 credimus
725 874 856 918 etiam
880 874 1062 918 Mariam
1080 871 1210 917 fuisse
1232 873 1278 916 in
1301 887 1463 930 cogna-

71 945 188 989 tione
211 946 349 990 David
368 981 379 1000 ,
401 946 502 1006 quia
528 946 758 1005 Scripturis
776 946 836 990 eis
854 945 1088 999 credimus,
1106 960 1205 1005 quae
1223 953 1462 1004 utrumque

69 1013 222 1059 dicunt
236 1050 247 1068 ,
271 1025 314 1060 et
335 1016 557 1060 Christum
581 1031 632 1060 ex
649 1016 811 1060 semine
826 1015 963 1060 David
976 1015 1221 1060 secundum
1240 1029 1413 1059 carnem
1427 1016 1459 1059 ¹.

68 1094 112 1129 et
133 1086 168 1146 ej
177 1101 224 1130 us
244 1095 428 1130 matrem
446 1087 654 1142 Mariam,
678 1102 769 1130 non
783 1102 885 1130 cum
900 1087 992 1131 viro
1011 1086 1369 1141 concumbendo,
1388 1084 1463 1129 sed

67 1156 296 1214 virginem,
323 1155 528 1216 Quisquis
562 1156 710 1216 itaque
731 1156 837 1200 dicit
860 1156 1041 1201 Mariam
1074 1157 1130 1200 ad
1152 1156 1464 1215 consanguini-

70 1236 203 1271 tatem
228 1225 365 1272 David
387 1242 477 1271 non
501 1228 757 1287 pertinuisse
774 1230 811 1283 ¹,
831 1227 1112 1272 manifestum
1128 1237 1192 1272 est
1214 1227 1334 1287 quod
1356 1228 1463 1271 ista-

69 1313 166 1341 rum
192 1298 516 1358 Scripturarum
537 1307 626 1343 tam
648 1297 875 1342 excellenti
911 1299 1159 1343 auctoritati
1181 1298 1429 1342 obluctetur
1451 1318 1460 1342 ι

70 1370 161 1428 ipse
183 1384 288 1429 ergo
310 1370 544 1415 convincat
560 1385 650 1414 non
673 1385 766 1413 eam
790 1370 1047 1429 pertinuisse
1066 1369 1118 1414 ad
1139 1385 1286 1413 semen
1309 1368 1462 1423 David,

69 1449 112 1483 et
133 1441 219 1484 hoc
241 1440 465 1496 ostendat,
495 1456 586 1485 non
608 1455 658 1484 ex
680 1441 1034 1501 quibuscumque
1069 1440 1247 1496 litteris,
1272 1441 1347 1484 sed
1376 1442 1463 1484 Ec-

71 1511 317 1556 clesiasticis
332 1547 343 1566 ,
365 1512 595 1557 Canonicis
610 1548 620 1567 ,
639 1512 888 1558 Catholicis.
911 1512 1019 1556 Aliae
1049 1513 1213 1572 quippe
1236 1511 1353 1572 apud
1386 1528 1464 1556 nos

69 1598 161 1628 non
182 1582 350 1627 habent
372 1583 428 1627 ad.
460 1584 537 1628 has
557 1599 624 1628 res
659 1583 802 1628 ullum
833 1583 1007 1643 pondus
1034 1584 1302 1628 auctoritatis
1325 1602 1333 1628 :
1359 1584 1463 1642 ipsae

68 1663 171 1699 sunt
193 1655 310 1698 enim
328 1670 434 1714 quas
457 1655 608 1714 recipit
623 1664 666 1699 et
688 1664 809 1699 tenet
831 1655 1022 1700 Ecclesia
1043 1664 1136 1699 toto
1159 1656 1265 1700 orbe
1282 1655 1459 1711 diffusa,

67 1742 168 1785 quae
191 1741 269 1786 per
300 1725 395 1771 illas
432 1735 497 1771 est
536 1727 665 1771 etiam
700 1727 958 1785 prophetata
987 1746 995 1770 :
1022 1736 1065 1771 et
1087 1725 1461 1787 quemadmodum

67 1796 297 1858 promissa,
322 1797 382 1841 sic
403 1796 588 1842 reddita.
615 1799 678 1842 Ac
706 1812 783 1857 per
800 1797 884 1841 hoc
914 1796 1026 1841 illud
1059 1797 1180 1858 quod
1202 1797 1257 1841 de
1279 1812 1461 1856 genera-

68 1869 187 1914 tione
200 1869 349 1913 Mariae
364 1871 550 1914 Faustus
562 1869 723 1928 posuit,
740 1868 861 1929 quod
875 1878 1043 1928 patrem
1058 1870 1264 1914 habuerit
1277 1886 1329 1913 ex
1344 1872 1461 1916 tribu

69 1939 174 1983 Levi
197 1939 466 1983 sacerdotem
483 1937 721 2000 quemdam
751 1939 928 1983 nomine
952 1940 1149 1984 Joachim
1168 1976 1179 1996 ,
1205 1942 1308 2001 quia
1327 1958 1462 1988 cano-

68 2010 216 2055 nicum
230 2025 320 2054 non
338 2020 423 2065 est,
448 2025 540 2055 non
560 2026 631 2054 me
652 2011 912 2069 constringit
934 2030 944 2056 :
969 2011 1044 2055 sed
1066 2012 1196 2055 etiam
1209 2013 1243 2056 si
1265 2014 1349 2058 hoc
1368 2030 1459 2058 cre-

67 2081 238 2136 derem,
262 2081 406 2141 ipsum
427 2081 573 2141 potius
606 2081 805 2126 Joachim
833 2080 1021 2125 dicerem
1056 2081 1203 2142 aliquo
1245 2084 1378 2129 modo
1407 2084 1461 2130 ad

66 2153 207 2198 David
237 2154 493 2211 sanguinem
530 2153 812 2213 pertinuisse,
846 2162 889 2197 et
925 2153 1072 2214 aliquo
1102 2154 1236 2199 modo
1259 2170 1310 2199 ex
1343 2157 1461 2201 tribu

66 2226 90 2268 J
96 2223 181 2268 uda
201 2223 247 2267 in
269 2224 431 2269 tribum
448 2225 553 2269 Levi
570 2223 704 2269 fuisse
726 2225 1006 2284 adoptatum,
1031 2225 1102 2269 vel
1122 2226 1265 2285 ipsum
1280 2226 1351 2271 vel
1369 2229 1460 2288 ejus

67 2293 255 2354 aliquem
283 2303 686 2353 progeneratorem,
709 2295 780 2340 vel
807 2305 922 2340 certe
944 2296 988 2339 in
1016 2296 1136 2340 tribu
1163 2298 1269 2341 Levi
1296 2298 1355 2342 ita
1382 2313 1461 2342 na-

67 2374 188 2422 tum3
207 2373 257 2409 ut
279 2365 334 2409 de
350 2365 484 2424 stirpe
507 2366 644 2411 David
660 2366 1085 2425 consanguinitatem
1105 2367 1296 2428 aliquam
1321 2368 1458 2413 duce-

69 2444 164 2480 ret:
189 2435 303 2480 sicut
329 2436 421 2479 fieri
443 2436 635 2495 potuisse
666 2436 781 2481 idem
819 2440 1006 2481 Faustus
1042 2437 1234 2494 fatetur,
1253 2448 1302 2483 ut
1322 2439 1458 2484 Maria

68 2505 124 2549 de
144 2506 264 2551 tribu
297 2507 401 2552 Levi
429 2516 563 2563 esset,
597 2523 730 2568 quam
748 2517 893 2553 tamen
917 2517 1085 2553 constat
1109 2508 1308 2554 traditam
1340 2512 1454 2563 viro,

118 2597 125 2614 ¹
146 2594 239 2624 Rom.
259 2603 282 2633 1,
305 2593 385 2625 312
408 2592 488 2625 Tim.
510 2604 548 2633 n,
578 2593 816 2634 182Matfh.1‚
844 2594 934 2626 18--
954 2601 966 2616 Ἰ
989 2596 1065 2626 Luc.
1086 2605 1108 2633 1,
1128 2604 1180 2635 ⁹7-
