1803 3250
441 265 603 292 CONTRA
636 266 868 293 SERMONEM
903 267 1172 296 mummium.
1417 260 1499 299 485

120 342 222 371 nere
243 347 252 372 :
278 337 484 389 tanquam
505 331 661 390 judicis
683 332 737 375 sit
764 331 966 388 dignitas,
992 335 1111 393 quod
1135 335 1291 379 habeat
1316 335 1500 380 advoca-

122 407 214 441 tum
234 418 244 453 3
269 399 379 442 sicut
397 400 667 458 imperatoris
687 410 748 444 est
771 400 972 458 dignitas,
998 404 1117 463 quod
1145 407 1382 449 secundum
1406 422 1501 450 suas

120 468 360 526 imperiales
383 469 496 526 leges
512 470 808 530 judicaturum
817 472 1009 530 judicem
1027 475 1173 518 mittit.
1188 477 1278 528 Qua
1295 492 1368 520 sua
1380 478 1501 535 cogi-

119 539 282 583 tatione
297 539 457 583 carnali
473 576 483 594 ‚
512 550 654 585 tamen
677 550 844 585 naturae
872 543 1160 588 diversitatem
1178 581 1187 599 ‚
1214 545 1267 588 dc
1291 563 1375 606 qua
1391 550 1502 591 inter

119 623 196 652 nos
216 618 256 652 et
272 610 384 668 ipsos
405 611 590 654 maxima
608 612 790 670 quaestio
809 622 887 665 est,
913 614 957 655 in
981 615 1043 658 his
1060 617 1194 659 tribus
1216 618 1405 674 personis
1419 618 1498 661 de-

119 687 361 723 monstrare
376 695 463 723 non
488 691 682 739 possunt.
702 684 813 726 Cum
826 684 938 726 enim
963 683 1015 727 ad
1034 686 1244 730 humanos
1267 702 1406 730 mores
1430 689 1505 731 ista

118 747 330 804 referunt,
359 760 402 793 et
424 750 477 793 ab
499 751 679 795 humani
703 753 868 810 generis
895 754 1210 797 consuetudine
1228 772 1358 814 quam
1381 758 1503 814 cogi-

117 818 249 863 tando
269 830 450 878 possunt
472 836 626 879 capere
642 836 729 864 non
746 821 978 880 recedunt3
996 824 1219 879 (animalis
1239 826 1353 867 enirn
1369 826 1501 868 homo

116 905 204 933 non
228 891 410 948 percipit
432 906 532 950 quae
554 901 656 935 sunt
683 891 864 950 Spiritus
893 894 1038 947 Dei1‚)
1060 894 1165 951 quid
1189 893 1307 937 aliud
1327 910 1402 937 nos
1422 896 1501 938 ad-

117 973 314 1014 monent,
340 960 419 1003 nisi
442 962 543 1019 quia
565 971 608 1005 et
629 962 863 1020 imperator
883 972 923 1005 et
940 962 1075 1022 judex
1098 974 1140 1007 et
1163 963 1396 1008 advocatus
1419 966 1499 1009 ho-

116 1031 252 1074 mines
283 1033 418 1074 sunt?
441 1031 627 1075 Proinde
654 1031 789 1091 judex
812 1033 1072 1091 imperatore
1101 1034 1264 1077 etiamsi
1286 1044 1500 1092 potestate

116 1101 256 1144 minor
278 1111 365 1155 est,
394 1118 481 1146 non
503 1103 645 1145 minus
668 1103 800 1146 homo
822 1113 899 1147 est.
930 1106 1016 1148 Nec
1046 1105 1185 1146 minus
1215 1120 1346 1163 quam
1365 1105 1499 1163 judex

115 1170 246 1214 homo
277 1181 338 1215 est
377 1172 612 1216 advocatus
632 1207 642 1226 ‚
679 1172 839 1216 etiamsi
872 1173 1016 1237 officio
1048 1172 1219 1216 videtur
1246 1174 1384 1232 jiilici
1415 1190 1503 1217 esse

115 1241 353 1300 subjectus.
383 1243 517 1286 Patris
536 1258 638 1300 ergo
660 1252 702 1286 et
725 1241 824 1285 Filii
848 1253 891 1286 et
922 1243 1104 1302 Spiritus
1126 1245 1286 1298 sancti,
1319 1245 1447 1287 etiam
1471 1245 1503 1287 si

115 1310 327 1369 disparem
353 1312 544 1369 cogitant
570 1321 845 1370 potestatem,
870 1322 1067 1356 naturam
1091 1313 1242 1356 saltem
1259 1315 1500 1358 confitean-

117 1390 185 1424 tur
198 1380 426 1440 aequalem.
446 1380 561 1433 Quid
575 1382 694 1439 quod
707 1395 778 1424 eos
796 1380 1009 1425 deteriore
1022 1383 1149 1426 etiam
1164 1398 1296 1440 quam
1308 1384 1501 1428 humana

115 1461 205 1506 est,
243 1451 493 1496 conditione
527 1453 817 1510 confingunt?
841 1453 954 1495 Fieri
986 1453 1101 1495 enim
1123 1461 1264 1511 potest
1297 1455 1341 1496 in
1374 1454 1504 1497 rebus

116 1523 332 1576 humanis,
358 1531 407 1565 ut
434 1522 510 1580 qui
529 1521 665 1581 judex
692 1520 847 1575 fuerit,
877 1522 1007 1564 etiam
1037 1521 1271 1579 imperator
1298 1522 1398 1565 fiat:
1420 1523 1502 1566 hoc

116 1593 182 1635 isti
211 1593 255 1635 in
278 1591 351 1635 illa
382 1592 590 1635 Trinitate
620 1607 699 1636 nec
721 1592 990 1650 imperatoris
1013 1592 1143 1635 unico
1164 1591 1274 1635 Filio
1297 1601 1501 1650 praestare

115 1663 366 1721 dignantur.
391 1661 519 1715 Quod
537 1662 568 1705 si
594 1661 704 1706 forte
727 1677 774 1705 ex
805 1662 986 1705 humani
1002 1663 1111 1721 juris
1131 1661 1199 1705 vel
1221 1662 1502 1706 consuetudi-

115 1733 179 1776 nis
198 1732 384 1776 formula
402 1768 412 1787 ‚
441 1732 671 1791 majestatis
699 1733 859 1775 crimen
893 1733 1020 1775 etiam
1052 1732 1093 1774 in
1118 1731 1206 1775 filio
1228 1733 1410 1776 nimium
1432 1748 1500 1776 re-

115 1803 368 1857 formidant,
395 1801 605 1846 advocato
620 1810 735 1845 certe
758 1811 865 1860 puto
888 1802 1007 1861 quod
1025 1802 1262 1845 concedere
1283 1801 1495 1852 debeant,

116 1882 162 1917 ut
180 1872 233 1916 ad
246 1872 517 1931 judiciariam
531 1880 789 1930 potestatem
807 1870 1043 1931 aliquando
1060 1872 1296 1930 perveniat.
1320 1874 1408 1915 Nec
1425 1873 1505 1915 hoc

115 1944 293 2003 quidem
315 1943 482 1986 volunt.
510 1942 705 1986 Deterior
725 1957 828 2000 ergo
846 1951 925 1995 est,
951 1941 1072 2001 quod
1095 1942 1220 1994 absit,
1248 1942 1291 1983 in
1315 1941 1388 1984 illa
1410 1943 1502 1984 Tri-

114 2014 263 2065 nitate‚
290 2029 423 2073 quam
444 2013 490 2056 in
513 2014 678 2070 generis
703 2012 881 2055 humani
908 2010 1170 2055 mortalitate
1190 2011 1398 2054 conditio.

174 2087 308 2127 Porro
351 2084 569 2141 Scriptura
601 2092 747 2126 sancta
767 2117 777 2136 ,
804 2097 903 2140 quae
931 2081 1034 2124 istos
1062 2080 1231 2124 divinos
1266 2089 1386 2123 actus
1417 2096 1507 2125 non

116 2154 360 2199 differentia
382 2162 658 2212 potestatum,
685 2153 759 2196 sed
783 2166 964 2210 operum
984 2149 1287 2194 ineffabilitate
1305 2151 1499 2204 metitur,

120 2225 380 2269 advocatum
405 2232 600 2268 nostrum
624 2224 752 2266 etiam
777 2223 918 2281 ipsum
944 2220 1138 2281 judicem
1164 2220 1309 2275 novit,
1335 2220 1509 2264 dicente

121 2295 320 2356 apostolo
341 2297 532 2338 Joanne:
563 2312 579 2333 «
601 2293 642 2337 Si
664 2294 759 2352 quis
791 2292 1055 2351 peccaverit,
1090 2289 1350 2335 advocatum
1372 2291 1513 2334 habe-

124 2387 143 2409 »
169 2382 268 2411 mus
286 2365 341 2410 ad
362 2369 534 2410 Patrem
557 2366 704 2408 Jesum
720 2364 940 2408 Christum
960 2364 1177 2422 justum2.
1198 2380 1217 2402 »
1241 2360 1371 2414 Quod
1385 2361 1514 2405 etiam

121 2439 212 2498 ipse
233 2436 447 2496 significat
469 2435 544 2479 ubi
563 2434 671 2478 dicit
697 2454 706 2478 :
737 2453 754 2473 «
774 2433 953 2491 Rogabo
972 2435 1143 2476 Patrem
1160 2467 1170 2487 ‚
1196 2441 1239 2476 et
1264 2430 1396 2475 alium
1426 2431 1507 2475 ad-

127 2527 147 2552 »
173 2516 377 2553 vocatum
392 2505 516 2549 dabit
527 2504 648 2550 vobis
657 2506 672 2529 ³
681 2538 689 2548 .
699 2523 718 2546 »
736 2507 887 2564 Neque
898 2503 1012 2547 enim
1025 2511 1132 2546 esset
1146 2502 1329 2561 Spiritus
1340 2510 1514 2546 sanctus

173 2601 183 2615 ¹
208 2604 219 2625 1
241 2594 370 2632 Cor-11,
390 2590 439 2632 14.
456 2607 495 2613 —-
514 2596 526 2612 ²
550 2602 560 2622 ι
586 2591 677 2622 Joan.
698 2600 733 2630 n,
748 2600 834 2621 1.—
851 2586 864 2611 3
884 2591 1062 2627 Joan.x1v‚
1080 2586 1131 2619 16.
