1803 3250
296 201 319 236 ’2
332 204 341 236 1
355 201 379 235 6
723 203 754 228 s.
793 203 1022 231 AUGUSTINI
1057 204 1235 232 EPISCOP!

297 275 411 317 tinus
427 270 533 314 dixit
555 286 564 313 ε
588 271 762 312 Terram
777 267 901 312 istam
919 284 1051 329 quam
1074 267 1194 324 dicit,
1223 269 1339 313 unde.
1359 269 1578 314 habebat?
1596 273 1683 315 Fe-

286 345 342 388 cit
366 357 475 394 enm,
504 356 557 383 an
586 339 737 398 genuit
759 354 870 394 eam,
897 355 952 384 an
975 339 1155 401 (equalis
1178 350 1221 385 et
1243 350 1460 386 coaeterna
1473 340 1538 386 illi
1553 343 1677 386 erat?

291 420 418 458 Istam
439 410 537 456 dico
556 420 713 456 terram
736 410 925 456 lucidam
944 421 987 456 et
1009 413 1178 456 beatam
1201 428 1334 474 quam
1358 411 1480 458 dicit.

348 488 447 528 Fet.
474 482 609 528 dixit:
640 503 660 526 «
680 482 912 537 Quomodo
928 484 1137 544 scriptum
1157 494 1219 529 est
1241 504 1249 530 :
1279 486 1330 528 In
1347 483 1561 544 principio
1576 482 1683 530 fecit

294 560 401 600 Deus
423 554 586 600 coelum
609 564 651 598 et
672 557 873 609 terram¹‚
898 565 941 598 et
975 565 1086 599 terra
1121 566 1211 600 erat
1241 555 1464 600 invisibilis
1486 565 1530 600 et
1558 555 1683 600 coin·

290 626 524 687 quinabilis
547 636 587 669 et
607 626 924 684 incomposita?
944 628 1036 685 Ego
1054 626 1112 670 ita
1138 625 1334 684 intelligo
1355 646 1364 670 :
1393 629 1444 670 In
1466 625 1681 686 principio

295 699 393 743 feeit
409 701 520 742 Deus
532 696 695 742 coelum
715 707 757 742 et
775 707 951 752 terram,
967 707 1009 741 et
1030 707 1140 741 terra
1156 707 1247 741 erat
1268 717 1277 741 :
1301 697 1424 757 quasi
1441 696 1541 741 duae
1561 707 1686 743 terrae

291 772 394 815 milii
413 771 620 815 videntur
641 785 745 824 esse,
764 767 1006 813 secundum
1030 768 1150 829 quod
1178 769 1447 814 Manichacus
1464 769 1572 814 dicit
1596 769 1686 814 duo

292 859 438 901 regna.
458 862 477 883 »

349 919 458 958 Aue.
488 913 599 957 dixit
623 932 630 957 :
659 913 766 966 Quia
794 912 1062 971 Scripturam
1089 913 1444 958 commemorasti
1473 921 1685 968 nostram,

289 1001 417 1045 quam
442 984 588 1029 soletis
611 982 927 1043 blasphemare,
951 982 1003 1027 ad
1026 998 1093 1027 me
1111 984 1302 1043 pertinet
1317 998 1534 1043 exponere
1549 981 1687 1041 illam,

291 1066 331 1099 et
355 1055 583 1101 ostendere
607 1055 713 1109 tibi,
739 1055 830 1098 sine
850 1053 1119 1113 blasphemia
1144 1069 1234 1098 esse
1250 1053 1362 1098 illud
1384 1054 1593 1114 scriptum
1611 1089 1622 1109 ‚
1647 1063 1692 1100 et

292 1143 391 1171 cnm
415 1128 618 1175 veritate,
645 1136 687 1170 et
721 1142 809 1169 non
832 1125 1075 1170 secundum
1100 1126 1418 1184 Manichaeum3
1454 1135 1505 1170 ut
1531 1124 1698 1170 deinde'

295 1209 338 1241 tu
363 1198 428 1241 vel
455 1199 498 1241 in
522 1197 723 1242 secundis
744 1197 849 1240 mihi
874 1197 1133 1256 respondeas
1156 1195 1276 1257 quod
1300 1196 1579 1256 interrogavi.

353 1272 458 1312 Far„
488 1268 595 1312 dixit
619 1287 626 1312 ε
659 1288 676 1309 «
700 1267 976 1327 Respondeo.
998 1286 1019 1309 »

367 1346 467 1385 tec.
497 1341 605 1383 (lixit
628 1360 636 1384 ε
659 1338 787 1392 Quod
808 1340 1019 1398 scriptum
1037 1349 1099 1383 est
1122 1359 1131 1383 :
1154 1342 1204 1383 In
1227 1339 1441 1398 principio
1459 1337 1563 1383 fecit
1582 1341 1696 1383 Deus

297 1412 457 1456 coelum
490 1423 533 1455 et
562 1421 717 1454 terram
747 1431 755 1455 ε
784 1411 973 1454 breviter
1005 1409 1230 1469 complexa
1253 1419 1317 1454 est
1341 1411 1563 1470 Scriptura
1589 1408 1698 1469 quid

301 1483 450 1526 fecerit
488 1486 612 1526 Deus.
654 1481 821 1525 Deinde
851 1481 953 1541 quia
985 1481 1183 1526 nondum
1208 1482 1446 1541 apparebat
1466 1482 1561 1526 haec
1584 1490 1699 1526 terra

298 1569 431 1614 quam
463 1553 656 1607 fecerat,
696 1562 935 1613 antequam
971 1568 1065 1596 eam
1094 1552 1382 1610 distingueret
1419 1561 1462 1596 et
1491 1560 1697 1607 ornaret,

301 1625 475 1684 qualem
502 1635 657 1668 terram
694 1623 853 1668 fecerat
886 1627 1023 1678 Deus,
1051 1634 1198 1669 secuta
1224 1624 1446 1682 Scriptura
1475 1623 1698 1683 exposuit,

304 1696 444 1754 qualis
467 1705 579 1740 terra
603 1705 695 1739 erat
717 1696 772 1739 de
795 1711 882 1755 qua
906 1694 1071 1739 dixerat
1100 1714 1109 1740 :
1136 1698 1187 1739 In
1213 1694 1430 1754 principio
1462 1692 1564 1740 fecit
1590 1697 1704 1739 Deus

303 1765 465 1811 coelum
486 1777 529 1811 et
547 1777 705 1810 terram
729 1785 738 1811 2
767 1775 977 1826 tanquam
998 1781 1100 1810 eum
1124 1765 1394 1810 audissemus
1425 1785 1435 1811 :
1467 1769 1517 1810 In
1540 1765 1705 1826 princi-

303 1839 376 1897 pio
403 1838 505 1882 fecit
533 1842 643 1882 Deus
677 1834 841 1882 coelum
870 1846 913 1881 et
948 1846 1137 1895 terram3
1171 1853 1467 1898 quaereremus
1485 1873 1495 1893 ‚
1527 1837 1705 1898 qualem

305 1919 484 1964 terram,
508 1909 694 1969 subjecit
716 1919 758 1952 et
781 1908 856 1961 ait,
885 1909 1014 1952 Terra
1038 1917 1200 1963 autem,
1226 1908 1270 1953 id
1288 1919 1366 1963 est,
1391 1908 1466 1953 illa
1485 1925 1617 1969 quam
1640 1907 1708 1953 fe-

305 1990 422 2025 cerat
449 1984 574 2033 Deus,
602 1978 826 2024 invisibilis
848 1989 940 2024 erat
961 1989 1005 2023 et
1023 1980 1325 2038 incomposita.
1352 1982 1450 2024 Non
1472 1995 1576 2039 ergo
1599 1980 1709 2026 duas

306 2063 437 2096 terras
462 2052 585 2105 dixit,
612 2051 684 2096 sed
710 2051 849 2111 qualis
873 2051 944 2095 illa
969 2049 1098 2095 fuerit
1121 2052 1335 2110 exposuit.
1361 2054 1426 2096 Tu
1444 2052 1592 2112 itaque
1617 2068 1708 2097 res-

307 2124 449 2184 ponde
483 2139 600 2168 nunc
632 2124 736 2166 mihi
771 2122 893 2183 quod
927 2123 1112 2166 breviter
1144 2123 1437 2181 interrogavi:
1466 2125 1596 2167 Terra
1624 2124 1707 2168 ista

310 2195 454 2240 lucida
477 2205 520 2239 et
545 2196 669 2239 beata
694 2211 828 2254 quam
846 2195 953 2239 dleit
974 2195 1267 2247 Manichacus,
1293 2210 1423 2252 supra
1445 2210 1577 2253 quam
1605 2194 1710 2239 fun-

311 2267 409 2310 data
433 2274 556 2309 erant
576 2280 705 2321 regna
732 2265 832 2318 Dei,
858 2267 913 2307 ab
936 2265 1030 2323 ipso
1055 2268 1142 2308 Deo
1165 2263 1279 2308 sacta
1297 2273 1405 2320 erat,
1424 2280 1479 2309 an
1497 2267 1641 2323 genita
1655 2264 1711 2310 de

313 2336 388 2380 illo
411 2347 517 2388 erat,
545 2352 597 2380 an
621 2345 837 2380 coaeterna
859 2333 921 2377 illi
940 2336 1062 2378 erat?
1084 2336 1227 2378 Unum
1254 2335 1309 2379 de
1333 2335 1491 2390 tribus,
1516 2336 1595 2380 nisi
1613 2351 1711 2382 mo-

318 2408 470 2452 lestum
496 2417 575 2461 est,
601 2408 692 2451 sine
709 2406 1064 2464 tergiversatione
1083 2407 1313 2465 responde.

335 2524 340 2530 ,
385 2481 487 2522 Ρη.
513 2478 620 2521 <lixit
643 2499 649 2522 :
681 2496 700 2520 «
727 2482 818 2537 Ipsa
837 2493 880 2520 se
895 2477 1104 2536 scriptura
1125 2478 1451 2537 interpretatur.
1473 2496 1493 2518 »

373 2566 482 2596 'Germ
510 2576 532 2601 r,
563 2576 588 2595 ι.
