1803 3250
335 214 385 250 28
767 220 799 249 s.
837 222 1065 250 AUGUS'l'ffll
1100 223 1278 250 EPlscom

334 305 427 333 rum
457 289 644 348 judicem
666 324 675 342 ‚
717 289 792 348 qni
834 289 941 333 liber
977 289 1153 333 vinculo
1177 290 1436 333 necessitatis
1463 288 1712 334 moderator

332 361 527 404 existeret
549 360 791 419 aequitatis3
817 360 945 404 istum
969 371 1084 404 certe
1105 362 1147 404 in
1172 361 1244 404 illo
1268 361 1398 420 globo
1418 376 1503 403 non
1530 360 1712 404 forinse-

331 446 405 474 eus
428 431 601 488 figeret,
628 429 702 474 sed
726 447 825 474 cuni
849 432 940 490 ipso
965 432 1141 475 terribili
1170 434 1292 475 hoste
1314 432 1430 475 intus
1453 430 1709 474 includeret.

331 503 420 545 Cur
442 502 554 544 enirn
581 517 666 545 non
685 503 798 560 juste
821 504 938 560 prior
959 505 1011 546 sit
1032 504 1085 546 ad
1110 518 1283 562 poenam
1303 501 1613 555 damnationis,
1638 503 1711 560 qui

333 572 448 631 prior
469 582 531 616 est
549 572 602 616 ad
620 573 782 616 crimen
801 575 1090 618 necessitatis?
1112 582 1282 626 Quanto
1297 590 1399 632 ergo
1420 574 1570 617 melius
1583 573 1715 630 elige-

333 644 431 687 retis
452 644 582 687 deum
607 645 648 687 in
673 646 995 703 comparatione
1019 646 1188 705 pejoris,
1215 661 1301 689 non
1317 645 1492 705 qualem
1515 644 1714 697 colimus,

332 718 404 759 sed
427 715 600 775 qualem
624 731 700 759 nos
723 716 863 760 colere
881 718 945 759 vel
967 718 1127 775 fingitis
1146 716 1210 760 vel
1229 717 1404 775 putatis,
1423 717 1498 775 qui
1517 716 1608 759 sine
1627 713 1718 759 ullo

331 786 544 844 {equitatis
575 787 790 840 examine,
826 788 916 830 sine
944 787 1030 830 ulla
1067 786 1343 830 distinctione
1366 786 1653 830 damnationis
1676 793 1718 828 et

331 855 589 914 disciplinae,
616 872 703 900 non
728 867 919 915 parceret
942 857 1072 899 servis
1090 857 1198 910 suis,
1222 872 1300 900 nec
1322 858 1440 915 justo
1463 871 1542 900 nec
1563 870 1718 914 pecca-

334 927 435 981 tori,
465 928 607 985 potius
631 942 761 985 quam
781 942 868 970 non
889 936 1083 985 parceret
1113 928 1318 971 membris
1348 929 1460 979 suis,
1496 926 1562 970 vel
1591 928 1721 971 inno-

331 997 545 1047 centibus,
574 997 606 1039 si
629 997 854 1041 necessitas
883 998 1045 1041 crimen
1078 1013 1166 1041 non
1194 1007 1284 1055 est3
1309 997 1376 1041 vel
1405 996 1468 1040 illi
1492 996 1720 1056 obtempe-

332 1066 467 1110 rando
492 1066 613 1110 factis
637 1067 911 1118 nocentibus,
933 1068 965 1110 si
983 1077 1025 1111 et
1048 1067 1275 1111 necessitas
1299 1068 1462 1111 crimen
1481 1077 1543 1110 est
1566 1088 1573 1111 2
1602 1077 1649 1110 ut
1667 1068 1722 1111 ab

334 1137 406 1181 illo
431 1138 473 1180 in
498 1147 706 1180 aeternum
728 1137 1053 1191 damnarentnr‚
1075 1153 1173 1181 eum
1193 1153 1282 1197 quo
1305 1138 1372 1180 vel
1388 1137 1513 1180 simul
1537 1138 1717 1191 absolvi,

331 1209 364 1251 si
396 1218 492 1267 post
523 1208 744 1252 victoriam
782 1210 1008 1267 respiraret
1039 1207 1214 1252 libertas
1233 1244 1243 1263 ‚
1278 1209 1346 1251 vel
1369 1207 1496 1251 simul
1526 1208 1722 1252 damnari

332 1280 598 1333 debuerunt,
623 1280 657 1323 si
682 1289 723 1323 et
747 1289 843 1338 post
865 1279 1087 1323 victoriam
1111 1289 1281 1323 tantum
1300 1278 1448 1323 saltem
1466 1279 1629 1323 valeret
1645 1295 1722 1323 ne-

331 1351 517 1403 cessitas,
542 1359 591 1393 ut
614 1349 778 1410 aliquid
796 1350 958 1394 valeret
980 1360 1022 1394 et
1041 1351 1238 1410 aequitas.
1260 1350 1379 1394 Sicut
1401 1359 1546 1394 autem
1570 1350 1720 1405 deum,

333 1437 411 1465 nec
440 1421 563 1465 illum
594 1437 743 1465 verum
777 1430 819 1465 et
854 1437 1074 1465 summum
1099 1436 1230 1481 quem
1265 1421 1464 1474 colimus,
1491 1421 1566 1464 sed
1589 1421 1721 1465 alium

332 1491 477 1535 nescio
499 1506 629 1551 quem
655 1491 807 1536 falsum
831 1493 1094 1550 confingitis,
1122 1506 1251 1551 quem
1282 1506 1359 1535 nos
1388 1491 1530 1535 colere
1552 1492 1619 1535 vel
1653 1508 1721 1535 ar—

334 1563 555 1606 bitramini
576 1563 645 1606 vel
667 1563 1018 1617 calumniamini,
1044 1565 1118 1623 qui
1143 1573 1286 1608 tamen
1320 1563 1449 1607 etiam
1470 1564 1559 1622 ipse
1582 1563 1723 1608 multo

332 1644 396 1678 est
420 1633 570 1678 melior
600 1634 682 1678 deo
711 1643 874 1689 vestro,
912 1635 1041 1678 ambo
1069 1635 1183 1678 enim
1211 1650 1299 1678 non
1322 1644 1440 1689 sunt,
1465 1644 1508 1678 et
1540 1650 1562 1678 a
1599 1635 1722 1679 vobis

333 1706 462 1749 ambo
486 1705 712 1762 finguntur
735 1725 743 1750 ;
769 1704 844 1749 scd
866 1705 1089 1749 meliorem
1124 1705 1286 1764 fingitis
1308 1721 1432 1759 eum,
1467 1720 1598 1765 quem
1622 1715 1721 1750 tan-

331 1791 462 1836 quam
473 1785 669 1819 nostrum
682 1777 905 1830 accusatis,
920 1791 1050 1836 qnam
1063 1791 1162 1819 eum
1172 1791 1302 1835 quern
1314 1785 1503 1820 vestrum
1516 1775 1643 1820 adora
1651 1777 1717 1820 tis.

391 1848 560 1890 XXIII.
609 1847 675 1890 Sic
713 1856 755 1891 et
801 1847 1068 1891 patriarchas
1113 1855 1155 1890 et
1198 1847 1435 1905 Prophetas
1474 1863 1562 1890 non
1616 1847 1721 1891 tales

332 1917 607 1975 vituperatis,
633 1917 782 1977 quales
816 1919 1089 1962 honorantur
1111 1934 1133 1961 a
1158 1918 1305 1973 nobis3
1329 1916 1403 1960 sed
1428 1923 1578 1978 quales
1600 1916 1721 1961 libris

331 1989 486 2031 nostris
520 2003 609 2031 non
638 1986 866 2031 intellectis
902 1986 1112 2031 malevola
1142 1988 1331 2031 vanitate
1363 1988 1544 2032 finxistis
1578 2007 1586 2032 :
1612 2004 1721 2048 quos

331 2068 475 2102 tamen
510 2059 637 2102 etiarn
669 2060 782 2118 ipsos
811 2058 960 2119 quales
987 2058 1116 2103 fuisse
1145 2060 1444 2118 suspicamini,
1477 2075 1629 2118 parum
1659 2069 1722 2104 est

330 2131 363 2174 si
391 2129 533 2174 dicam
564 2131 715 2175 vestris
753 2130 910 2175 Electis
948 2132 1091 2175 omnia
1125 2131 1356 2175 Manichaei
1397 2131 1600 2176 mandata
1630 2147 1721 2176 ser-

330 2201 549 2254 vantibus,
576 2201 656 2245 nisi
675 2203 804 2246 etiam
827 2201 1051 2246 ostendam
1075 2203 1166 2260 ipso
1184 2201 1266 2245 deo
1289 2211 1431 2246 vestro
1455 2218 1545 2246 esse
1565 2202 1719 2247 melio—

330 2286 421 2315 res:
447 2270 568 2330 quod
589 2287 677 2315 non
701 2272 924 2331 aggrediar
947 2272 1264 2327 demonstrare,
1300 2273 1378 2316 nisi
1409 2273 1527 2332 prius
1550 2283 1720 2318 sanctos

331 2351 473 2402 patres
493 2352 659 2387 nostros
679 2343 948 2387 Patriarchas
973 2353 1018 2398 et
1046 2345 1282 2402 Prophetas
1304 2360 1326 2388 a
1346 2345 1720 2389 criminationibus

332 2413 482 2457 vestris
512 2413 746 2473 adjuvante
780 2429 851 2457 me
877 2415 1078 2469 Domino,
1114 2414 1340 2458 adversum
1364 2414 1494 2459 corda
1516 2416 1717 2471 carnalia,

332 2482 557 2541 perspicua
577 2483 742 2528 ratione
757 2483 1010 2530 defendero.
1038 2487 1094 2529 Et
1118 2485 1239 2529 vobis
1255 2485 1451 2545 quidem,
1471 2485 1716 2538 Manichaei,

332 2552 390 2597 sic
413 2553 674 2612 respondere
697 2556 929 2609 sufficeret,
958 2566 1006 2601 nt
1028 2557 1156 2600 etiam
1181 2556 1282 2600 vitia
1308 2572 1407 2616 quae
1432 2556 1590 2614 putatis
1614 2572 1715 2600 nos-
