1803 3250
458 202 622 234 CONTRA
654 201 870 240 musrmvr,
905 204 988 232 Lm.
1024 205 1135 233 xx11.
1409 199 1490 237 103

107 267 295 314 instituti
317 285 327 313 ε
349 267 405 313 d'e
421 268 584 328 quibus
599 267 706 312 dicit
724 266 959 325 Apostolus
983 286 994 313 ι
1022 287 1042 311 «
1068 268 1284 322 Quoniam
1303 284 1491 329 cognos-

108 359 130 384 »
164 349 311 386 centes
332 342 471 385 Deum
488 374 500 396 ,
519 355 611 384 non
625 338 738 384 sicut
753 340 895 383 Deum
912 337 1286 397 glorificaverunt,
1304 351 1378 387 aut
1401 359 1492 403 gra-

109 429 129 455 »
161 411 244 456 tias
259 420 470 471 egerunt,
497 411 572 456 sed
595 418 871 456 evanuerunt
893 410 938 455 in
961 412 1297 470 cogitationibus
1313 415 1398 460 suis
1414 450 1425 470 ,
1448 425 1491 460 et

108 501 127 525 »
161 482 443 528 obscuratum
474 491 540 526 est
565 481 869 541 insipienscor
898 495 1052 526 eorum
1082 500 1091 527 ε
1120 482 1312 527 dicentes
1333 500 1377 528 se
1401 501 1492 531 esse

105 570 126 595 n
160 553 374 611 sapientes
390 587 401 608 ‚
435 551 558 597 stulti
586 551 690 597 facti
718 561 847 606 sunt,
872 560 915 596 et
936 552 1282 598 immutaverunt
1309 554 1488 612 gloriam

106 642 125 666 »
160 622 501 683 incorruptibilis
531 621 607 668 Dei
624 624 668 667 in
699 622 1031 668 similitudinem
1051 623 1251 683 imaginis
1272 628 1491 686 corrupti-
1520 673 1523 677 ,

103 713 124 736 »
158 695 209 740 lis
229 696 415 740 hominis
430 731 442 751 ,
463 705 507 740 et
526 694 755 741 volucrum
774 729 786 750 ,
806 704 850 739 et
868 693 1206 755 quadrupedum
1219 730 1230 750 ,
1257 705 1301 740 et
1318 711 1491 756 serpen-

103 782 123 806 »
158 764 312 810 tium¹.
340 783 360 807 »
396 767 460 810 Ex
481 766 564 810 hac
586 765 708 825 quasi
749 764 959 825 sapientia
994 765 1075 810 iste
1107 764 1272 810 vitulus
1302 782 1458 811 aureus
1478 802 1490 823 ,

99 833 245 896 qualia
276 835 476 881 solebant
498 836 807 896 AEgyptiorum
829 835 958 880 etiam
981 836 1061 896 ipsi
1095 837 1305 896 primates
1326 847 1370 882 et
1391 847 1489 883 tan-

97 920 229 966 quam
251 906 369 951 docti
407 907 608 952 homines
638 906 818 950 adorare
838 906 1063 964 figmenta.
1090 909 1185 952 Hoc
1220 922 1324 967 ergo
1352 907 1493 953 vitulo

96 976 387 1036 significatum
411 986 476 1022 est
497 993 628 1022 omne
647 991 827 1035 corpus,
851 976 896 1020 id
910 987 990 1031 est,
1010 977 1150 1021 omnis
1170 978 1351 1023 societas
1373 980 1491 1023 Gen-

97 1047 239 1091 tilium
257 1046 515 1091 idololatriae
533 1046 799 1090 deditorum.
824 1049 948 1090 Hanc
962 1047 1215 1105 ‚sacrilegam
1237 1049 1487 1095 societatem

96 1116 305 1161 Dominus
317 1115 514 1160 Christus
530 1114 607 1160 illo
624 1115 726 1175 igne
739 1116 960 1160 comburit
977 1150 988 1171 ‚
1005 1116 1061 1160 de
1078 1133 1168 1176 quo
1189 1118 1235 1161 in
1252 1118 1490 1177 Evangelio

92 1186 199 1232 dicit
223 1205 233 1232 :
261 1205 282 1229 «
309 1188 459 1245 Ignem
488 1187 589 1231 veni
611 1187 784 1231 mittere
817 1186 864 1230 in
893 1190 1082 1231 terram2
1111 1207 1121 1233 z
1146 1207 1165 1229 »
1198 1197 1247 1232 ut
1276 1190 1487 1248 quoniam

93 1272 184 1302 non
205 1266 267 1302 est
287 1257 365 1317 qui
380 1272 425 1302 se
442 1257 682 1302 abscondat
704 1272 727 1301 a
741 1255 883 1301 calore
906 1258 998 1315 ejus
1014 1258 1046 1309 3,
1072 1258 1179 1301 dum
1202 1258 1247 1301 in
1269 1273 1368 1302 eum
1389 1274 1486 1303 cre-

92 1327 207 1373 dunt
227 1328 389 1373 Gentes
404 1363 416 1384 ‚
441 1328 541 1386 igne
562 1326 734 1373 virtutis
749 1327 840 1386 ejus
861 1325 1077 1370 diabolica
1092 1327 1136 1370 in
1153 1327 1211 1370 eis
1234 1327 1377 1373 forma
1400 1330 1487 1374 sol-

91 1407 235 1444 vatur.
261 1401 420 1443 Totum
449 1396 608 1442 deinde
635 1412 792 1456 corpus
820 1396 932 1441 illud
959 1397 1276 1442 comminuitur
1292 1434 1303 1454 ‚
1330 1398 1375 1444 id
1396 1409 1482 1457 est,

92 1469 148 1514 ab
169 1468 244 1514 illa
266 1469 393 1514 malae
414 1469 747 1528 conspirationis
775 1468 1039 1513 conflatione
1076 1467 1322 1526 discissum,
1347 1472 1485 1517 verbo

91 1540 282 1586 veritatis
304 1539 562 1584 humiliatur
583 1559 592 1585 ε
613 1550 656 1585 et
672 1541 995 1585 comminutum
1012 1541 1057 1584 in
1081 1557 1238 1600 aquam
1262 1542 1452 1587 mittitur
1470 1579 1481 1599 ‚

91 1619 143 1655 ut
162 1625 235 1656 eos
256 1610 464 1655 Israelitae
479 1645 490 1666 ,
517 1610 563 1655 id
585 1620 672 1665 est,
705 1610 930 1669 Evangelii
949 1611 1277 1669 praedicatores,
1303 1627 1354 1656 ex
1376 1613 1486 1672 bap-

93 1683 219 1727 tismo
251 1683 299 1726 in
326 1698 403 1727 sua
435 1681 657 1737 membra,
696 1682 780 1726 hoc
814 1680 907 1737 est,
944 1682 989 1726 in
1018 1697 1176 1741 corpus
1206 1683 1482 1729 Dominicum

91 1751 372 1797 transferant.
393 1755 593 1806 Quorum
612 1750 903 1796 Israelitarum
923 1755 1053 1796 Petro
1072 1751 1128 1796 de
1147 1752 1249 1812 ipsis
1271 1754 1484 1800 Gentibus

90 1822 257 1867 dictum
279 1831 344 1867 est
369 1841 379 1868 ε
402 1841 423 1865 «
447 1825 586 1867 Macta
609 1831 654 1866 et
676 1821 893 1866 manduca
908 1822 940 1866 ⁴.
965 1840 986 1863 »
1009 1822 1078 1878 Si,
1103 1841 1123 1864 «
1140 1826 1283 1868 Macta
1301 1832 1344 1867 et·
1364 1840 1482 1869 man-

94 1912 115 1936 »
149 1892 293 1952 duca3
331 1911 352 1935 »
384 1908 520 1953 quare
552 1908 642 1937 non
663 1893 822 1948 etiam,
852 1894 1049 1937 Concide
1077 1903 1121 1937 et
1148 1894 1281 1938 bibe?
1314 1897 1379 1939 Ita
1407 1894 1482 1940 ille

89 1965 252 2011 vitulus
272 1980 351 2025 per
373 1966 516 2023 ignem
538 1964 618 2009 zeli
636 1974 680 2008 et
701 1964 837 2010 aciem
860 1965 984 2009 verbi
1007 1975 1050 2010 et
1073 1981 1230 2025 aquam
1255 1967 1478 2025 baptismi,

90 2036 145 2081 ab
158 2036 217 2080 eis
233 2036 379 2094 potius
400 2050 510 2095 quos
531 2035 765 2079 absorbere
788 2035 1031 2080 conabatur
1051 2070 1062 2089 ,
1087 2036 1315 2095 absorptus
1337 2046 1416 2081 est.

148 2109 308 2153 XCIV.
332 2107 375 2152 Si
391 2122 495 2166 ergo
517 2107 612 2151 haec
628 2122 807 2167 quoque
823 2106 919 2152 loca
939 2106 1255 2166 Scripturarum
1274 2142 1284 2162 ‚
1306 2107 1360 2151 de
1382 2109 1480 2169 qui·-

90 2177 174 2222 bus
186 2178 348 2221 eisdem
368 2177 598 2236 Scripturis
611 2177 938 2222 calumniantur
954 2177 1145 2222 haeretici
1162 2212 1174 2233 ,
1191 2189 1477 2237 perscrutata,

89 2256 133 2292 et
146 2246 339 2308 quodam
352 2246 485 2291 modo
500 2247 783 2306 interrogata,
803 2258 970 2308 quanto
984 2248 1190 2293 videntur
1205 2248 1477 2305 obscuriora,

89 2328 211 2363 tanto
227 2317 512 2363 mirabiliores
527 2318 574 2362 in
595 2334 639 2362 se
658 2319 965 2376 mysteriorum
985 2320 1211 2364 thesauros
1232 2320 1367 2365 latere
1389 2336 1478 2366 res·

90 2389 316 2450 pondent3
340 2399 508 2451 quanto
528 2390 664 2448 magis
690 2390 924 2450 impiorum
948 2388 1200 2450 blasphema
1222 2407 1296 2436 ora
1320 2392 1478 2438 obmu-

90 2470 253 2506 tescere
268 2462 449 2506 omnino
470 2460 635 2506 debent
648 2496 660 2516 ‚
685 2476 786 2507 cum
804 2460 1059 2521 oppilantur
1075 2463 1342 2523 apertissima
1362 2465 1476 2510 veri-

139 2551 150 2570 ¹
169 2547 264 2579 Rom.
284 2557 309 2588 ι,
326 2554 384 2579 21.
399 2562 441 2570 —
455 2552 469 2570 2
487 2547 566 2579 Luc.
585 2556 642 2588 xn,
660 2546 715 2588 49.
734 2564 773 2570 -—
789 2545 802 2569 3
822 2546 903 2579 Psal.
921 2557 1010 2587 xvni,
1026 2557 1058 2588 7.
1074 2563 1116 2571 —
1129 2545 1146 2577 4
1163 2549 1235 2581 Act.
1258 2559 1290 2588 x,
1311 2549 1359 2580 13.
