<?xml version="1.0" encoding="UTF-8"?>
<!DOCTYPE html PUBLIC "-//W3C//DTD XHTML 1.0 Transitional//EN"
    "http://www.w3.org/TR/xhtml1/DTD/xhtml1-transitional.dtd">
<html xmlns="http://www.w3.org/1999/xhtml" xml:lang="en" lang="en">
 <head>
  <title>
</title>
<meta http-equiv="Content-Type" content="text/html;charset=utf-8" />
  <meta name='ocr-system' content='tesseract 3.04.00' />
  <meta name='ocr-capabilities' content='ocr_page ocr_carea ocr_par ocr_line ocrx_word'/>
</head>
<body>
  <div class='ocr_page' id='page_1' title='image "./operaomniaaccura29auguuoft/operaomniaaccura29auguuoft_0244.png"; bbox 0 0 1803 3250; ppageno 0'>
   <div class='ocr_carea' id='block_1_1' title="bbox 312 190 1241 230">
    <p class='ocr_par' dir='ltr' id='par_1_1' title="bbox 312 190 1241 230">
     <span class='ocr_line' id='line_1_1' title="bbox 312 190 1241 230; baseline 0 0"><span class='ocrx_word' id='word_1_1' title='bbox 312 190 394 230; x_wconf 76' lang='lat'><strong>234</strong></span> <span class='ocrx_word' id='word_1_2' title='bbox 731 199 765 227; x_wconf 88' lang='lat' dir='ltr'><strong>s.</strong></span> <span class='ocrx_word' id='word_1_3' title='bbox 801 200 1029 229; x_wconf 70' lang='grc' dir='ltr'><strong>Αυαυετιω</strong></span> <span class='ocrx_word' id='word_1_4' title='bbox 1064 201 1241 230; x_wconf 78' lang='lat' dir='ltr'><strong>EPtsCOPI</strong></span> 
     </span>
    </p>
   </div>
   <div class='ocr_carea' id='block_1_2' title="bbox 296 265 1695 2541">
    <p class='ocr_par' dir='ltr' id='par_1_2' title="bbox 296 265 1694 2111">
     <span class='ocr_line' id='line_1_2' title="bbox 312 265 1690 323; baseline 0.007 -15"><span class='ocrx_word' id='word_1_5' title='bbox 312 286 332 309; x_wconf 94' lang='lat'>»</span> <span class='ocrx_word' id='word_1_6' title='bbox 367 275 457 310; x_wconf 88' lang='lat' dir='ltr'><strong>erat</strong></span> <span class='ocrx_word' id='word_1_7' title='bbox 479 265 596 323; x_wconf 88' lang='lat' dir='ltr'><strong>apud</strong></span> <span class='ocrx_word' id='word_1_8' title='bbox 626 267 780 320; x_wconf 89' lang='lat' dir='ltr'><strong>Deum,</strong></span> <span class='ocrx_word' id='word_1_9' title='bbox 804 275 847 310; x_wconf 91' lang='lat' dir='ltr'><strong>et</strong></span> <span class='ocrx_word' id='word_1_10' title='bbox 869 268 982 311; x_wconf 85' lang='lat' dir='ltr'><strong>Deus</strong></span> <span class='ocrx_word' id='word_1_11' title='bbox 1004 275 1095 311; x_wconf 87' lang='lat' dir='ltr'><strong>erat</strong></span> <span class='ocrx_word' id='word_1_12' title='bbox 1118 266 1312 311; x_wconf 84' lang='lat' dir='ltr'>Verbum</span> <span class='ocrx_word' id='word_1_13' title='bbox 1328 270 1358 312; x_wconf 90' lang='lat'><strong>¹.</strong></span> <span class='ocrx_word' id='word_1_14' title='bbox 1387 287 1406 310; x_wconf 89' lang='lat'>»</span> <span class='ocrx_word' id='word_1_15' title='bbox 1433 271 1483 313; x_wconf 88' lang='lat' dir='ltr'><strong>In</strong></span> <span class='ocrx_word' id='word_1_16' title='bbox 1505 271 1585 316; x_wconf 91' lang='lat' dir='ltr'><strong>hac</strong></span> <span class='ocrx_word' id='word_1_17' title='bbox 1608 287 1690 317; x_wconf 89' lang='lat' dir='ltr'><strong>na-</strong></span> 
     </span>
     <span class='ocr_line' id='line_1_3' title="bbox 309 336 1689 398; baseline 0.004 -16"><span class='ocrx_word' id='word_1_18' title='bbox 309 346 419 390; x_wconf 88' lang='lat' dir='ltr'><strong>tura,</strong></span> <span class='ocrx_word' id='word_1_19' title='bbox 445 336 546 396; x_wconf 89' lang='lat' dir='ltr'><strong>quia</strong></span> <span class='ocrx_word' id='word_1_20' title='bbox 571 339 681 380; x_wconf 88' lang='lat' dir='ltr'><strong>Deus</strong></span> <span class='ocrx_word' id='word_1_21' title='bbox 710 346 802 381; x_wconf 87' lang='lat' dir='ltr'><strong>erat</strong></span> <span class='ocrx_word' id='word_1_22' title='bbox 831 339 1022 382; x_wconf 84' lang='lat' dir='ltr'><strong>Verbum</strong></span> <span class='ocrx_word' id='word_1_23' title='bbox 1038 374 1048 393; x_wconf 92' lang='lat'><strong>‚</strong></span> <span class='ocrx_word' id='word_1_24' title='bbox 1075 338 1165 397; x_wconf 78' lang='lat' dir='ltr'><strong>pati</strong></span> <span class='ocrx_word' id='word_1_25' title='bbox 1187 336 1295 381; x_wconf 84' lang='lat' dir='ltr'><strong>nihil</strong></span> <span class='ocrx_word' id='word_1_26' title='bbox 1317 338 1390 383; x_wconf 90' lang='lat' dir='ltr'><strong>ille</strong></span> <span class='ocrx_word' id='word_1_27' title='bbox 1412 349 1595 398; x_wconf 84' lang='lat' dir='ltr'><strong>poterat.</strong></span> <span class='ocrx_word' id='word_1_28' title='bbox 1635 345 1689 387; x_wconf 88' lang='lat' dir='ltr'><strong>Ut</strong></span> 
     </span>
     <span class='ocr_line' id='line_1_4' title="bbox 306 406 1684 469; baseline 0.004 -16"><span class='ocrx_word' id='word_1_29' title='bbox 306 417 450 453; x_wconf 83' lang='lat' dir='ltr'><strong>autem</strong></span> <span class='ocrx_word' id='word_1_30' title='bbox 478 406 565 466; x_wconf 85' lang='lat' dir='ltr'><strong>pati</strong></span> <span class='ocrx_word' id='word_1_31' title='bbox 589 422 668 466; x_wconf 93' lang='lat' dir='ltr'><strong>pro</strong></span> <span class='ocrx_word' id='word_1_32' title='bbox 689 407 813 453; x_wconf 89' lang='lat' dir='ltr'><strong>nobis</strong></span> <span class='ocrx_word' id='word_1_33' title='bbox 836 418 994 468; x_wconf 82' lang='lat' dir='ltr'><strong>posset,</strong></span> <span class='ocrx_word' id='word_1_34' title='bbox 1024 429 1043 451; x_wconf 90' lang='lat'>«</span> <span class='ocrx_word' id='word_1_35' title='bbox 1066 410 1260 453; x_wconf 84' lang='lat' dir='ltr'><strong>Verbum</strong></span> <span class='ocrx_word' id='word_1_36' title='bbox 1282 425 1382 455; x_wconf 89' lang='lat' dir='ltr'><strong>caro</strong></span> <span class='ocrx_word' id='word_1_37' title='bbox 1411 409 1576 456; x_wconf 84' lang='lat' dir='ltr'><strong>sactum</strong></span> <span class='ocrx_word' id='word_1_38' title='bbox 1604 422 1684 469; x_wconf 90' lang='lat' dir='ltr'><strong>est,</strong></span> 
     </span>
     <span class='ocr_line' id='line_1_5' title="bbox 310 478 1689 539; baseline 0.006 -19"><span class='ocrx_word' id='word_1_39' title='bbox 310 500 327 520; x_wconf 91' lang='lat'>»</span> <span class='ocrx_word' id='word_1_40' title='bbox 363 487 406 522; x_wconf 88' lang='lat' dir='ltr'><strong>et</strong></span> <span class='ocrx_word' id='word_1_41' title='bbox 426 478 640 524; x_wconf 88' lang='lat' dir='ltr'><strong>habitavit</strong></span> <span class='ocrx_word' id='word_1_42' title='bbox 661 479 707 523; x_wconf 89' lang='lat' dir='ltr'><strong>in</strong></span> <span class='ocrx_word' id='word_1_43' title='bbox 731 480 895 524; x_wconf 78' lang='lat' dir='ltr'><strong>nobis‘2.</strong></span> <span class='ocrx_word' id='word_1_44' title='bbox 922 499 941 522; x_wconf 87' lang='lat'>»</span> <span class='ocrx_word' id='word_1_45' title='bbox 968 481 1162 525; x_wconf 86' lang='lat' dir='ltr'>Verbum</span> <span class='ocrx_word' id='word_1_46' title='bbox 1186 498 1286 526; x_wconf 89' lang='lat' dir='ltr'><strong>caro</strong></span> <span class='ocrx_word' id='word_1_47' title='bbox 1317 482 1480 527; x_wconf 75' lang='lat' dir='ltr'><strong>tactum</strong></span> <span class='ocrx_word' id='word_1_48' title='bbox 1516 493 1595 539; x_wconf 91' lang='lat' dir='ltr'><strong>est,</strong></span> <span class='ocrx_word' id='word_1_49' title='bbox 1619 500 1689 529; x_wconf 88' lang='lat' dir='ltr'><strong>as-</strong></span> 
     </span>
     <span class='ocr_line' id='line_1_6' title="bbox 303 549 1692 614; baseline 0.004 -20"><span class='ocrx_word' id='word_1_50' title='bbox 303 549 516 595; x_wconf 90' lang='lat' dir='ltr'><strong>sumendo</strong></span> <span class='ocrx_word' id='word_1_51' title='bbox 551 565 741 606; x_wconf 90' lang='lat' dir='ltr'><strong>carnem,</strong></span> <span class='ocrx_word' id='word_1_52' title='bbox 780 567 869 595; x_wconf 91' lang='lat' dir='ltr'><strong>non</strong></span> <span class='ocrx_word' id='word_1_53' title='bbox 907 561 1123 596; x_wconf 88' lang='lat' dir='ltr'><strong>mutatum</strong></span> <span class='ocrx_word' id='word_1_54' title='bbox 1146 554 1191 596; x_wconf 90' lang='lat' dir='ltr'><strong>in</strong></span> <span class='ocrx_word' id='word_1_55' title='bbox 1226 569 1399 598; x_wconf 87' lang='lat' dir='ltr'><strong>carnem</strong></span> <span class='ocrx_word' id='word_1_56' title='bbox 1426 573 1434 599; x_wconf 92' lang='lat'><strong>:</strong></span> <span class='ocrx_word' id='word_1_57' title='bbox 1462 555 1692 614; x_wconf 84' lang='lat' dir='ltr'><strong>assumpsit</strong></span> 
     </span>
     <span class='ocr_line' id='line_1_7' title="bbox 302 621 1690 686; baseline 0.004 -21"><span class='ocrx_word' id='word_1_58' title='bbox 302 621 418 665; x_wconf 88' lang='lat' dir='ltr'><strong>enirn</strong></span> <span class='ocrx_word' id='word_1_59' title='bbox 441 622 776 679; x_wconf 80' lang='lat' dir='ltr'><strong>humanitatem,</strong></span> <span class='ocrx_word' id='word_1_60' title='bbox 803 638 891 667; x_wconf 92' lang='lat' dir='ltr'><strong>non</strong></span> <span class='ocrx_word' id='word_1_61' title='bbox 920 624 1063 667; x_wconf 84' lang='lat' dir='ltr'><strong>amisit</strong></span> <span class='ocrx_word' id='word_1_62' title='bbox 1085 623 1372 668; x_wconf 82' lang='lat' dir='ltr'><strong>divinitatem.</strong></span> <span class='ocrx_word' id='word_1_63' title='bbox 1400 628 1553 686; x_wconf 87' lang='lat' dir='ltr'><strong>Itaque</strong></span> <span class='ocrx_word' id='word_1_64' title='bbox 1574 626 1690 671; x_wconf 92' lang='lat' dir='ltr'><strong>idem</strong></span> 
     </span>
     <span class='ocr_line' id='line_1_8' title="bbox 301 693 1691 754; baseline 0.004 -17"><span class='ocrx_word' id='word_1_65' title='bbox 301 695 415 738; x_wconf 88' lang='lat' dir='ltr'><strong>Deus</strong></span> <span class='ocrx_word' id='word_1_66' title='bbox 433 703 476 738; x_wconf 89' lang='lat' dir='ltr'><strong>et</strong></span> <span class='ocrx_word' id='word_1_67' title='bbox 494 693 609 738; x_wconf 88' lang='lat' dir='ltr'><strong>idem</strong></span> <span class='ocrx_word' id='word_1_68' title='bbox 628 694 776 749; x_wconf 90' lang='lat' dir='ltr'><strong>homo,</strong></span> <span class='ocrx_word' id='word_1_69' title='bbox 798 695 842 738; x_wconf 88' lang='lat' dir='ltr'><strong>in</strong></span> <span class='ocrx_word' id='word_1_70' title='bbox 861 703 1015 738; x_wconf 85' lang='lat' dir='ltr'><strong>natura</strong></span> <span class='ocrx_word' id='word_1_71' title='bbox 1036 695 1109 738; x_wconf 91' lang='lat' dir='ltr'><strong>Dei</strong></span> <span class='ocrx_word' id='word_1_72' title='bbox 1129 695 1307 754; x_wconf 85' lang='lat' dir='ltr'><strong>aequalis</strong></span> <span class='ocrx_word' id='word_1_73' title='bbox 1326 697 1457 751; x_wconf 89' lang='lat' dir='ltr'><strong>Patri,</strong></span> <span class='ocrx_word' id='word_1_74' title='bbox 1475 697 1518 741; x_wconf 89' lang='lat' dir='ltr'><strong>in</strong></span> <span class='ocrx_word' id='word_1_75' title='bbox 1536 706 1691 744; x_wconf 87' lang='lat' dir='ltr'><strong>natura</strong></span> 
     </span>
     <span class='ocr_line' id='line_1_9' title="bbox 300 764 1687 825; baseline 0.003 -17"><span class='ocrx_word' id='word_1_76' title='bbox 300 764 488 809; x_wconf 91' lang='lat' dir='ltr'><strong>hominis</strong></span> <span class='ocrx_word' id='word_1_77' title='bbox 511 764 650 809; x_wconf 89' lang='lat' dir='ltr'><strong>factus</strong></span> <span class='ocrx_word' id='word_1_78' title='bbox 674 764 865 809; x_wconf 89' lang='lat' dir='ltr'><strong>mortalis</strong></span> <span class='ocrx_word' id='word_1_79' title='bbox 885 799 896 818; x_wconf 88' lang='lat'><strong>,</strong></span> <span class='ocrx_word' id='word_1_80' title='bbox 936 764 980 808; x_wconf 89' lang='lat' dir='ltr'><strong>in</strong></span> <span class='ocrx_word' id='word_1_81' title='bbox 1004 765 1153 819; x_wconf 89' lang='lat' dir='ltr'><strong>nobis,</strong></span> <span class='ocrx_word' id='word_1_82' title='bbox 1179 781 1258 824; x_wconf 94' lang='lat' dir='ltr'><strong>pro</strong></span> <span class='ocrx_word' id='word_1_83' title='bbox 1292 767 1417 812; x_wconf 87' lang='lat' dir='ltr'><strong>nobis</strong></span> <span class='ocrx_word' id='word_1_84' title='bbox 1435 803 1445 822; x_wconf 92' lang='lat'><strong>,</strong></span> <span class='ocrx_word' id='word_1_85' title='bbox 1471 767 1526 812; x_wconf 93' lang='lat' dir='ltr'><strong>de</strong></span> <span class='ocrx_word' id='word_1_86' title='bbox 1549 768 1687 825; x_wconf 90' lang='lat' dir='ltr'><strong>nobis,</strong></span> 
     </span>
     <span class='ocr_line' id='line_1_10' title="bbox 299 835 1692 896; baseline 0.004 -17"><span class='ocrx_word' id='word_1_87' title='bbox 299 851 479 880; x_wconf 87' lang='lat' dir='ltr'><strong>manens</strong></span> <span class='ocrx_word' id='word_1_88' title='bbox 501 836 622 896; x_wconf 89' lang='lat' dir='ltr'><strong>quod</strong></span> <span class='ocrx_word' id='word_1_89' title='bbox 639 844 746 891; x_wconf 90' lang='lat' dir='ltr'><strong>erat,</strong></span> <span class='ocrx_word' id='word_1_90' title='bbox 772 835 1008 895; x_wconf 87' lang='lat' dir='ltr'><strong>suscipiens</strong></span> <span class='ocrx_word' id='word_1_91' title='bbox 1027 835 1147 895; x_wconf 87' lang='lat' dir='ltr'><strong>quod</strong></span> <span class='ocrx_word' id='word_1_92' title='bbox 1159 853 1262 882; x_wconf 85' lang='lat' dir='ltr'><strong>·non</strong></span> <span class='ocrx_word' id='word_1_93' title='bbox 1284 847 1390 894; x_wconf 90' lang='lat' dir='ltr'><strong>erat,</strong></span> <span class='ocrx_word' id='word_1_94' title='bbox 1416 848 1465 883; x_wconf 94' lang='lat' dir='ltr'><strong>ut</strong></span> <span class='ocrx_word' id='word_1_95' title='bbox 1486 839 1692 886; x_wconf 86' lang='lat' dir='ltr'><strong>liberaret</strong></span> 
     </span>
     <span class='ocr_line' id='line_1_11' title="bbox 299 905 1692 968; baseline 0.004 -18"><span class='ocrx_word' id='word_1_96' title='bbox 299 905 421 967; x_wconf 94' lang='lat' dir='ltr'><strong>quod</strong></span> <span class='ocrx_word' id='word_1_97' title='bbox 437 906 617 961; x_wconf 83' lang='lat' dir='ltr'><strong>fecerat,</strong></span> <span class='ocrx_word' id='word_1_98' title='bbox 643 922 733 951; x_wconf 89' lang='lat' dir='ltr'><strong>nou</strong></span> <span class='ocrx_word' id='word_1_99' title='bbox 755 905 876 966; x_wconf 86' lang='lat' dir='ltr'><strong>quod</strong></span> <span class='ocrx_word' id='word_1_100' title='bbox 898 915 1002 951; x_wconf 86' lang='lat' dir='ltr'><strong>erat.</strong></span> <span class='ocrx_word' id='word_1_101' title='bbox 1030 909 1127 952; x_wconf 94' lang='lat' dir='ltr'><strong>Non</strong></span> <span class='ocrx_word' id='word_1_102' title='bbox 1151 917 1214 952; x_wconf 91' lang='lat' dir='ltr'><strong>est</strong></span> <span class='ocrx_word' id='word_1_103' title='bbox 1247 924 1350 968; x_wconf 89' lang='lat' dir='ltr'><strong>ergo</strong></span> <span class='ocrx_word' id='word_1_104' title='bbox 1371 909 1510 968; x_wconf 83' lang='lat' dir='ltr'><strong>passio</strong></span> <span class='ocrx_word' id='word_1_105' title='bbox 1532 911 1692 955; x_wconf 82' lang='lat' dir='ltr'><strong>Christi</strong></span> 
     </span>
     <span class='ocr_line' id='line_1_12' title="bbox 299 976 1694 1036; baseline 0.002 -15"><span class='ocrx_word' id='word_1_106' title='bbox 299 992 350 1021; x_wconf 86' lang='lat' dir='ltr'><strong>ex</strong></span> <span class='ocrx_word' id='word_1_107' title='bbox 375 976 632 1036; x_wconf 83' lang='lat' dir='ltr'><strong>indigentia,</strong></span> <span class='ocrx_word' id='word_1_108' title='bbox 656 977 732 1021; x_wconf 89' lang='lat' dir='ltr'><strong>sed</strong></span> <span class='ocrx_word' id='word_1_109' title='bbox 761 992 812 1020; x_wconf 80' lang='lat' dir='ltr'><strong>ex</strong></span> <span class='ocrx_word' id='word_1_110' title='bbox 833 978 1140 1022; x_wconf 85' lang='lat' dir='ltr'><strong>misericordia.</strong></span> <span class='ocrx_word' id='word_1_111' title='bbox 1177 979 1370 1023; x_wconf 81' lang='lat' dir='ltr'><strong>Praebuit</strong></span> <span class='ocrx_word' id='word_1_112' title='bbox 1398 979 1514 1023; x_wconf 88' lang='lat' dir='ltr'><strong>enim</strong></span> <span class='ocrx_word' id='word_1_113' title='bbox 1544 995 1694 1024; x_wconf 86' lang='lat' dir='ltr'><strong>exem-</strong></span> 
     </span>
     <span class='ocr_line' id='line_1_13' title="bbox 297 1047 1690 1109; baseline 0.004 -18"><span class='ocrx_word' id='word_1_114' title='bbox 297 1047 421 1109; x_wconf 91' lang='lat' dir='ltr'><strong>plum</strong></span> <span class='ocrx_word' id='word_1_115' title='bbox 436 1048 657 1108; x_wconf 86' lang='lat' dir='ltr'><strong>patientiae</strong></span> <span class='ocrx_word' id='word_1_116' title='bbox 679 1047 805 1093; x_wconf 91' lang='lat' dir='ltr'><strong>nobis</strong></span> <span class='ocrx_word' id='word_1_117' title='bbox 827 1049 882 1093; x_wconf 87' lang='lat' dir='ltr'><strong>de</strong></span> <span class='ocrx_word' id='word_1_118' title='bbox 903 1049 1044 1105; x_wconf 88' lang='lat' dir='ltr'><strong>nobis,</strong></span> <span class='ocrx_word' id='word_1_119' title='bbox 1060 1048 1106 1094; x_wconf 92' lang='lat' dir='ltr'><strong>id</strong></span> <span class='ocrx_word' id='word_1_120' title='bbox 1128 1058 1207 1105; x_wconf 88' lang='lat' dir='ltr'><strong>est,</strong></span> <span class='ocrx_word' id='word_1_121' title='bbox 1232 1050 1399 1095; x_wconf 88' lang='lat' dir='ltr'><strong>homini</strong></span> <span class='ocrx_word' id='word_1_122' title='bbox 1420 1050 1475 1095; x_wconf 90' lang='lat' dir='ltr'><strong>de</strong></span> <span class='ocrx_word' id='word_1_123' title='bbox 1497 1052 1690 1109; x_wconf 88' lang='lat' dir='ltr'><strong>homine,</strong></span> 
     </span>
     <span class='ocr_line' id='line_1_14' title="bbox 298 1119 1694 1182; baseline 0.002 -16"><span class='ocrx_word' id='word_1_124' title='bbox 298 1120 417 1166; x_wconf 84' lang='lat' dir='ltr'><strong>carni</strong></span> <span class='ocrx_word' id='word_1_125' title='bbox 435 1119 490 1164; x_wconf 91' lang='lat' dir='ltr'><strong>de</strong></span> <span class='ocrx_word' id='word_1_126' title='bbox 511 1135 640 1165; x_wconf 87' lang='lat' dir='ltr'><strong>carne</strong></span> <span class='ocrx_word' id='word_1_127' title='bbox 661 1139 670 1165; x_wconf 91' lang='lat'><strong>:</strong></span> <span class='ocrx_word' id='word_1_128' title='bbox 691 1136 781 1165; x_wconf 91' lang='lat' dir='ltr'><strong>non</strong></span> <span class='ocrx_word' id='word_1_129' title='bbox 799 1130 946 1165; x_wconf 86' lang='lat' dir='ltr'><strong>tamen</strong></span> <span class='ocrx_word' id='word_1_130' title='bbox 968 1121 1013 1165; x_wconf 95' lang='lat' dir='ltr'><strong>in</strong></span> <span class='ocrx_word' id='word_1_131' title='bbox 1032 1120 1105 1166; x_wconf 90' lang='lat' dir='ltr'><strong>illa</strong></span> <span class='ocrx_word' id='word_1_132' title='bbox 1128 1137 1258 1167; x_wconf 89' lang='lat' dir='ltr'><strong>carue</strong></span> <span class='ocrx_word' id='word_1_133' title='bbox 1280 1124 1369 1182; x_wconf 84' lang='lat' dir='ltr'><strong>ipse</strong></span> <span class='ocrx_word' id='word_1_134' title='bbox 1391 1124 1580 1168; x_wconf 86' lang='lat' dir='ltr'><strong>deterior</strong></span> <span class='ocrx_word' id='word_1_135' title='bbox 1601 1122 1694 1169; x_wconf 85' lang='lat' dir='ltr'><strong>fac-</strong></span> 
     </span>
     <span class='ocr_line' id='line_1_15' title="bbox 298 1192 1693 1252; baseline 0.001 -14"><span class='ocrx_word' id='word_1_136' title='bbox 298 1203 392 1252; x_wconf 76' lang='lat' dir='ltr'><strong>tus3</strong></span> <span class='ocrx_word' id='word_1_137' title='bbox 415 1192 489 1237; x_wconf 88' lang='lat' dir='ltr'><strong>sed</strong></span> <span class='ocrx_word' id='word_1_138' title='bbox 515 1208 615 1238; x_wconf 91' lang='lat' dir='ltr'><strong>caro</strong></span> <span class='ocrx_word' id='word_1_139' title='bbox 637 1193 683 1237; x_wconf 92' lang='lat' dir='ltr'><strong>in</strong></span> <span class='ocrx_word' id='word_1_140' title='bbox 702 1192 779 1238; x_wconf 89' lang='lat' dir='ltr'><strong>illo</strong></span> <span class='ocrx_word' id='word_1_141' title='bbox 804 1192 958 1238; x_wconf 90' lang='lat' dir='ltr'><strong>melior</strong></span> <span class='ocrx_word' id='word_1_142' title='bbox 981 1192 1094 1238; x_wconf 88' lang='lat' dir='ltr'><strong>facta</strong></span> <span class='ocrx_word' id='word_1_143' title='bbox 1117 1202 1194 1237; x_wconf 90' lang='lat' dir='ltr'><strong>est.</strong></span> <span class='ocrx_word' id='word_1_144' title='bbox 1221 1197 1324 1238; x_wconf 91' lang='lat' dir='ltr'><strong>Pars</strong></span> <span class='ocrx_word' id='word_1_145' title='bbox 1345 1209 1448 1238; x_wconf 89' lang='lat' dir='ltr'><strong>vero</strong></span> <span class='ocrx_word' id='word_1_146' title='bbox 1469 1194 1539 1238; x_wconf 87' lang='lat' dir='ltr'><strong>dei</strong></span> <span class='ocrx_word' id='word_1_147' title='bbox 1561 1194 1693 1240; x_wconf 89' lang='lat' dir='ltr'><strong>vestri</strong></span> 
     </span>
     <span class='ocr_line' id='line_1_16' title="bbox 297 1263 1691 1325; baseline 0.001 -16"><span class='ocrx_word' id='word_1_148' title='bbox 297 1263 419 1309; x_wconf 89' lang='lat' dir='ltr'><strong>nulla</strong></span> <span class='ocrx_word' id='word_1_149' title='bbox 437 1279 568 1309; x_wconf 89' lang='lat' dir='ltr'><strong>carne</strong></span> <span class='ocrx_word' id='word_1_150' title='bbox 584 1273 819 1325; x_wconf 88' lang='lat' dir='ltr'><strong>assumpta,</strong></span> <span class='ocrx_word' id='word_1_151' title='bbox 836 1266 945 1323; x_wconf 92' lang='lat' dir='ltr'><strong>(non</strong></span> <span class='ocrx_word' id='word_1_152' title='bbox 960 1264 1075 1309; x_wconf 86' lang='lat' dir='ltr'><strong>enim</strong></span> <span class='ocrx_word' id='word_1_153' title='bbox 1094 1273 1186 1309; x_wconf 89' lang='lat' dir='ltr'><strong>erat</strong></span> <span class='ocrx_word' id='word_1_154' title='bbox 1201 1265 1245 1308; x_wconf 89' lang='lat' dir='ltr'><strong>in</strong></span> <span class='ocrx_word' id='word_1_155' title='bbox 1266 1274 1394 1323; x_wconf 87' lang='lat' dir='ltr'><strong>gente</strong></span> <span class='ocrx_word' id='word_1_156' title='bbox 1411 1265 1691 1310; x_wconf 88' lang='lat' dir='ltr'><strong>tenebrarum</strong></span> 
     </span>
     <span class='ocr_line' id='line_1_17' title="bbox 298 1335 1692 1396; baseline 0 -16"><span class='ocrx_word' id='word_1_157' title='bbox 298 1351 378 1396; x_wconf 90' lang='lat' dir='ltr'><strong>pro</strong></span> <span class='ocrx_word' id='word_1_158' title='bbox 400 1351 486 1396; x_wconf 90' lang='lat' dir='ltr'><strong>qua</strong></span> <span class='ocrx_word' id='word_1_159' title='bbox 509 1339 766 1395; x_wconf 88' lang='lat' dir='ltr'><strong>pateretur,)</strong></span> <span class='ocrx_word' id='word_1_160' title='bbox 783 1335 1009 1380; x_wconf 87' lang='lat' dir='ltr'><strong>descendit</strong></span> <span class='ocrx_word' id='word_1_161' title='bbox 1029 1346 1079 1380; x_wconf 91' lang='lat' dir='ltr'><strong>ut</strong></span> <span class='ocrx_word' id='word_1_162' title='bbox 1095 1345 1333 1390; x_wconf 89' lang='lat' dir='ltr'><strong>teneretur,</strong></span> <span class='ocrx_word' id='word_1_163' title='bbox 1350 1335 1574 1394; x_wconf 83' lang='lat' dir='ltr'><strong>ligaretur,</strong></span> <span class='ocrx_word' id='word_1_164' title='bbox 1596 1335 1692 1396; x_wconf 89' lang='lat' dir='ltr'><strong>pol-</strong></span> 
     </span>
     <span class='ocr_line' id='line_1_18' title="bbox 297 1407 1692 1468; baseline 0 -16"><span class='ocrx_word' id='word_1_165' title='bbox 297 1407 506 1464; x_wconf 87' lang='lat' dir='ltr'><strong>lueretur,</strong></span> <span class='ocrx_word' id='word_1_166' title='bbox 525 1417 569 1453; x_wconf 88' lang='lat' dir='ltr'><strong>et</strong></span> <span class='ocrx_word' id='word_1_167' title='bbox 588 1409 759 1468; x_wconf 90' lang='lat' dir='ltr'><strong>turpius</strong></span> <span class='ocrx_word' id='word_1_168' title='bbox 776 1423 909 1468; x_wconf 91' lang='lat' dir='ltr'><strong>quam</strong></span> <span class='ocrx_word' id='word_1_169' title='bbox 926 1407 1145 1467; x_wconf 84' lang='lat' dir='ltr'><strong>ligabatur</strong></span> <span class='ocrx_word' id='word_1_170' title='bbox 1162 1416 1435 1467; x_wconf 85' lang='lat' dir='ltr'><strong>purgaretur.</strong></span> <span class='ocrx_word' id='word_1_171' title='bbox 1458 1410 1555 1452; x_wconf 86' lang='lat' dir='ltr'><strong>Jam</strong></span> <span class='ocrx_word' id='word_1_172' title='bbox 1574 1408 1692 1452; x_wconf 90' lang='lat' dir='ltr'><strong>enim</strong></span> 
     </span>
     <span class='ocr_line' id='line_1_19' title="bbox 297 1477 1692 1539; baseline 0 -16"><span class='ocrx_word' id='word_1_173' title='bbox 297 1478 353 1523; x_wconf 90' lang='lat' dir='ltr'><strong>de</strong></span> <span class='ocrx_word' id='word_1_174' title='bbox 387 1479 647 1539; x_wconf 88' lang='lat' dir='ltr'><strong>purgatione</strong></span> <span class='ocrx_word' id='word_1_175' title='bbox 679 1480 771 1539; x_wconf 86' lang='lat' dir='ltr'><strong>ejus</strong></span> <span class='ocrx_word' id='word_1_176' title='bbox 804 1478 905 1523; x_wconf 85' lang='lat' dir='ltr'><strong>dixi.</strong></span> <span class='ocrx_word' id='word_1_177' title='bbox 942 1481 1046 1523; x_wconf 84' lang='lat' dir='ltr'><strong>Haec</strong></span> <span class='ocrx_word' id='word_1_178' title='bbox 1075 1478 1222 1523; x_wconf 88' lang='lat' dir='ltr'><strong>omnia</strong></span> <span class='ocrx_word' id='word_1_179' title='bbox 1252 1487 1418 1538; x_wconf 89' lang='lat' dir='ltr'><strong>quanto</strong></span> <span class='ocrx_word' id='word_1_180' title='bbox 1448 1477 1692 1537; x_wconf 89' lang='lat' dir='ltr'><strong>indigniora</strong></span> 
     </span>
     <span class='ocr_line' id='line_1_20' title="bbox 296 1547 1692 1610; baseline -0.001 -15"><span class='ocrx_word' id='word_1_181' title='bbox 296 1559 421 1605; x_wconf 90' lang='lat' dir='ltr'><strong>sunt,</strong></span> <span class='ocrx_word' id='word_1_182' title='bbox 451 1558 574 1595; x_wconf 91' lang='lat' dir='ltr'><strong>tanto</strong></span> <span class='ocrx_word' id='word_1_183' title='bbox 596 1550 749 1610; x_wconf 88' lang='lat' dir='ltr'><strong>utique</strong></span> <span class='ocrx_word' id='word_1_184' title='bbox 770 1547 962 1594; x_wconf 87' lang='lat' dir='ltr'><strong>faciliora</strong></span> <span class='ocrx_word' id='word_1_185' title='bbox 982 1549 1038 1594; x_wconf 91' lang='lat' dir='ltr'><strong>ad</strong></span> <span class='ocrx_word' id='word_1_186' title='bbox 1058 1548 1392 1607; x_wconf 86' lang='lat' dir='ltr'><strong>intelligendum</strong></span> <span class='ocrx_word' id='word_1_187' title='bbox 1414 1549 1623 1610; x_wconf 86' lang='lat' dir='ltr'><strong>quoniam</strong></span> <span class='ocrx_word' id='word_1_188' title='bbox 1645 1550 1692 1594; x_wconf 92' lang='lat' dir='ltr'><strong>in</strong></span> 
     </span>
     <span class='ocr_line' id='line_1_21' title="bbox 298 1621 1693 1682; baseline -0.001 -15"><span class='ocrx_word' id='word_1_189' title='bbox 298 1631 501 1668; x_wconf 86' lang='lat' dir='ltr'><strong>naturam</strong></span> <span class='ocrx_word' id='word_1_190' title='bbox 523 1622 601 1667; x_wconf 85' lang='lat' dir='ltr'><strong>Dei</strong></span> <span class='ocrx_word' id='word_1_191' title='bbox 622 1622 702 1666; x_wconf 89' lang='lat' dir='ltr'><strong>ista</strong></span> <span class='ocrx_word' id='word_1_192' title='bbox 725 1637 814 1666; x_wconf 91' lang='lat' dir='ltr'><strong>non</strong></span> <span class='ocrx_word' id='word_1_193' title='bbox 836 1621 1016 1666; x_wconf 89' lang='lat' dir='ltr'><strong>cadunt.</strong></span> <span class='ocrx_word' id='word_1_194' title='bbox 1043 1624 1100 1666; x_wconf 90' lang='lat' dir='ltr'><strong>Et</strong></span> <span class='ocrx_word' id='word_1_195' title='bbox 1121 1621 1234 1666; x_wconf 89' lang='lat' dir='ltr'><strong>absit</strong></span> <span class='ocrx_word' id='word_1_196' title='bbox 1255 1637 1278 1666; x_wconf 88' lang='lat' dir='ltr'><strong>a</strong></span> <span class='ocrx_word' id='word_1_197' title='bbox 1299 1621 1371 1681; x_wconf 92' lang='lat' dir='ltr'><strong>pio</strong></span> <span class='ocrx_word' id='word_1_198' title='bbox 1393 1622 1538 1666; x_wconf 90' lang='lat' dir='ltr'><strong>animo</strong></span> <span class='ocrx_word' id='word_1_199' title='bbox 1560 1630 1693 1682; x_wconf 88' lang='lat' dir='ltr'><strong>atque</strong></span> 
     </span>
     <span class='ocr_line' id='line_1_22' title="bbox 297 1692 1693 1753; baseline 0.001 -16"><span class='ocrx_word' id='word_1_200' title='bbox 297 1692 417 1738; x_wconf 83' lang='lat' dir='ltr'><strong>fideli</strong></span> <span class='ocrx_word' id='word_1_201' title='bbox 435 1693 538 1738; x_wconf 88' lang='lat' dir='ltr'><strong>talia</strong></span> <span class='ocrx_word' id='word_1_202' title='bbox 554 1693 609 1738; x_wconf 92' lang='lat' dir='ltr'><strong>de</strong></span> <span class='ocrx_word' id='word_1_203' title='bbox 624 1696 714 1739; x_wconf 89' lang='lat' dir='ltr'><strong>Deo</strong></span> <span class='ocrx_word' id='word_1_204' title='bbox 731 1692 924 1748; x_wconf 88' lang='lat' dir='ltr'><strong>credere,</strong></span> <span class='ocrx_word' id='word_1_205' title='bbox 946 1695 1037 1737; x_wconf 90' lang='lat' dir='ltr'><strong>Deo</strong></span> <span class='ocrx_word' id='word_1_206' title='bbox 1054 1693 1189 1748; x_wconf 89' lang='lat' dir='ltr'><strong>bono,</strong></span> <span class='ocrx_word' id='word_1_207' title='bbox 1205 1695 1296 1737; x_wconf 89' lang='lat' dir='ltr'><strong>Deo</strong></span> <span class='ocrx_word' id='word_1_208' title='bbox 1311 1708 1432 1749; x_wconf 87' lang='lat' dir='ltr'><strong>vero,</strong></span> <span class='ocrx_word' id='word_1_209' title='bbox 1455 1692 1600 1753; x_wconf 88' lang='lat' dir='ltr'><strong>qualia</strong></span> <span class='ocrx_word' id='word_1_210' title='bbox 1616 1708 1693 1739; x_wconf 87' lang='lat' dir='ltr'><strong>vos</strong></span> 
     </span>
     <span class='ocr_line' id='line_1_23' title="bbox 298 1764 1693 1826; baseline -0.001 -16"><span class='ocrx_word' id='word_1_211' title='bbox 298 1766 497 1824; x_wconf 82' lang='lat' dir='ltr'><strong>creditis3</strong></span> <span class='ocrx_word' id='word_1_212' title='bbox 530 1781 620 1810; x_wconf 92' lang='lat' dir='ltr'><strong>non</strong></span> <span class='ocrx_word' id='word_1_213' title='bbox 649 1781 782 1826; x_wconf 89' lang='lat' dir='ltr'><strong>quem</strong></span> <span class='ocrx_word' id='word_1_214' title='bbox 804 1765 1054 1821; x_wconf 87' lang='lat' dir='ltr'><strong>invenistis,</strong></span> <span class='ocrx_word' id='word_1_215' title='bbox 1089 1764 1166 1809; x_wconf 89' lang='lat' dir='ltr'><strong>sed</strong></span> <span class='ocrx_word' id='word_1_216' title='bbox 1193 1780 1325 1825; x_wconf 87' lang='lat' dir='ltr'><strong>quem</strong></span> <span class='ocrx_word' id='word_1_217' title='bbox 1355 1765 1552 1810; x_wconf 81' lang='lat' dir='ltr'><strong>finxistis.</strong></span> <span class='ocrx_word' id='word_1_218' title='bbox 1585 1768 1693 1809; x_wconf 88' lang='lat' dir='ltr'><strong>Res-</strong></span> 
     </span>
     <span class='ocr_line' id='line_1_24' title="bbox 298 1834 1693 1897; baseline 0 -17"><span class='ocrx_word' id='word_1_219' title='bbox 298 1835 445 1897; x_wconf 89' lang='lat' dir='ltr'><strong>ponde</strong></span> <span class='ocrx_word' id='word_1_220' title='bbox 473 1837 565 1896; x_wconf 87' lang='lat' dir='ltr'><strong>jam</strong></span> <span class='ocrx_word' id='word_1_221' title='bbox 599 1851 736 1892; x_wconf 90' lang='lat' dir='ltr'><strong>nunc,</strong></span> <span class='ocrx_word' id='word_1_222' title='bbox 772 1836 815 1881; x_wconf 92' lang='lat' dir='ltr'><strong>Si</strong></span> <span class='ocrx_word' id='word_1_223' title='bbox 843 1838 934 1880; x_wconf 88' lang='lat' dir='ltr'><strong>Deo</strong></span> <span class='ocrx_word' id='word_1_224' title='bbox 957 1850 1114 1880; x_wconf 89' lang='lat' dir='ltr'><strong>nocere</strong></span> <span class='ocrx_word' id='word_1_225' title='bbox 1135 1835 1244 1880; x_wconf 88' lang='lat' dir='ltr'><strong>nihil</strong></span> <span class='ocrx_word' id='word_1_226' title='bbox 1266 1844 1453 1895; x_wconf 87' lang='lat' dir='ltr'><strong>poterat,</strong></span> <span class='ocrx_word' id='word_1_227' title='bbox 1489 1851 1597 1895; x_wconf 87' lang='lat' dir='ltr'><strong>pura</strong></span> <span class='ocrx_word' id='word_1_228' title='bbox 1619 1834 1693 1881; x_wconf 87' lang='lat' dir='ltr'><strong>illa</strong></span> 
     </span>
     <span class='ocr_line' id='line_1_25' title="bbox 299 1907 1693 1968; baseline -0.001 -15"><span class='ocrx_word' id='word_1_229' title='bbox 299 1908 541 1954; x_wconf 88' lang='lat' dir='ltr'><strong>substantia</strong></span> <span class='ocrx_word' id='word_1_230' title='bbox 562 1908 712 1968; x_wconf 93' lang='lat' dir='ltr'><strong>ipsius,</strong></span> <span class='ocrx_word' id='word_1_231' title='bbox 742 1907 864 1952; x_wconf 90' lang='lat' dir='ltr'><strong>nulla</strong></span> <span class='ocrx_word' id='word_1_232' title='bbox 890 1923 1020 1952; x_wconf 88' lang='lat' dir='ltr'><strong>carne</strong></span> <span class='ocrx_word' id='word_1_233' title='bbox 1043 1916 1261 1967; x_wconf 87' lang='lat' dir='ltr'><strong>assumpta</strong></span> <span class='ocrx_word' id='word_1_234' title='bbox 1284 1908 1329 1951; x_wconf 93' lang='lat' dir='ltr'><strong>in</strong></span> <span class='ocrx_word' id='word_1_235' title='bbox 1352 1923 1396 1952; x_wconf 88' lang='lat' dir='ltr'><strong>se</strong></span> <span class='ocrx_word' id='word_1_236' title='bbox 1417 1922 1592 1967; x_wconf 86' lang='lat' dir='ltr'><strong>passura</strong></span> <span class='ocrx_word' id='word_1_237' title='bbox 1607 1942 1619 1963; x_wconf 91' lang='lat'><strong>,</strong></span> <span class='ocrx_word' id='word_1_238' title='bbox 1657 1908 1693 1952; x_wconf 88' lang='lat' dir='ltr'><strong>si</strong></span> 
     </span>
     <span class='ocr_line' id='line_1_26' title="bbox 300 1980 1693 2042; baseline 0 -18"><span class='ocrx_word' id='word_1_239' title='bbox 300 1980 405 2042; x_wconf 91' lang='lat' dir='ltr'><strong>quid</strong></span> <span class='ocrx_word' id='word_1_240' title='bbox 431 1996 605 2041; x_wconf 89' lang='lat' dir='ltr'><strong>passura</strong></span> <span class='ocrx_word' id='word_1_241' title='bbox 627 1989 734 2035; x_wconf 88' lang='lat' dir='ltr'><strong>erat,</strong></span> <span class='ocrx_word' id='word_1_242' title='bbox 760 1995 851 2025; x_wconf 90' lang='lat' dir='ltr'><strong>non</strong></span> <span class='ocrx_word' id='word_1_243' title='bbox 880 1981 926 2024; x_wconf 89' lang='lat' dir='ltr'><strong>in</strong></span> <span class='ocrx_word' id='word_1_244' title='bbox 948 1995 1077 2024; x_wconf 88' lang='lat' dir='ltr'><strong>carne</strong></span> <span class='ocrx_word' id='word_1_245' title='bbox 1099 1995 1232 2040; x_wconf 91' lang='lat' dir='ltr'><strong>quam</strong></span> <span class='ocrx_word' id='word_1_246' title='bbox 1260 1988 1522 2039; x_wconf 85' lang='lat' dir='ltr'><strong>susceperat,</strong></span> <span class='ocrx_word' id='word_1_247' title='bbox 1557 1994 1693 2040; x_wconf 91' lang='lat' dir='ltr'><strong>quare</strong></span> 
     </span>
     <span class='ocr_line' id='line_1_27' title="bbox 298 2050 1338 2111; baseline -0.004 -15"><span class='ocrx_word' id='word_1_248' title='bbox 298 2053 387 2097; x_wconf 91' lang='lat' dir='ltr'><strong>huc</strong></span> <span class='ocrx_word' id='word_1_249' title='bbox 409 2052 537 2096; x_wconf 88' lang='lat' dir='ltr'><strong>missa</strong></span> <span class='ocrx_word' id='word_1_250' title='bbox 558 2061 623 2096; x_wconf 89' lang='lat' dir='ltr'><strong>est</strong></span> <span class='ocrx_word' id='word_1_251' title='bbox 639 2051 881 2096; x_wconf 87' lang='lat' dir='ltr'><strong>secundum</strong></span> <span class='ocrx_word' id='word_1_252' title='bbox 900 2059 1041 2096; x_wconf 89' lang='lat' dir='ltr'><strong>vestra</strong></span> <span class='ocrx_word' id='word_1_253' title='bbox 1063 2050 1338 2111; x_wconf 83' lang='lat' dir='ltr'><strong>vaniloquia?</strong></span> 
     </span>
    </p>

    <p class='ocr_par' dir='ltr' id='par_1_3' title="bbox 301 2121 1695 2541">
     <span class='ocr_line' id='line_1_28' title="bbox 359 2121 1692 2182; baseline -0.002 -14"><span class='ocrx_word' id='word_1_254' title='bbox 359 2125 416 2167; x_wconf 86' lang='lat' dir='ltr'><strong>X.</strong></span> <span class='ocrx_word' id='word_1_255' title='bbox 452 2126 558 2168; x_wconf 75' lang='lat' dir='ltr'><strong>Fm..</strong></span> <span class='ocrx_word' id='word_1_256' title='bbox 584 2122 693 2168; x_wconf 85' lang='lat' dir='ltr'><strong>dixit</strong></span> <span class='ocrx_word' id='word_1_257' title='bbox 723 2142 733 2168; x_wconf 87' lang='lat'>:</span> <span class='ocrx_word' id='word_1_258' title='bbox 767 2142 787 2165; x_wconf 93' lang='lat'>«</span> <span class='ocrx_word' id='word_1_259' title='bbox 821 2123 865 2168; x_wconf 93' lang='lat' dir='ltr'><strong>Si</strong></span> <span class='ocrx_word' id='word_1_260' title='bbox 886 2122 996 2167; x_wconf 92' lang='lat' dir='ltr'><strong>nihil</strong></span> <span class='ocrx_word' id='word_1_261' title='bbox 1023 2131 1193 2182; x_wconf 91' lang='lat' dir='ltr'><strong>poterat</strong></span> <span class='ocrx_word' id='word_1_262' title='bbox 1214 2121 1361 2166; x_wconf 86' lang='lat' dir='ltr'><strong>noceri</strong></span> <span class='ocrx_word' id='word_1_263' title='bbox 1393 2123 1483 2166; x_wconf 90' lang='lat' dir='ltr'><strong>Deo</strong></span> <span class='ocrx_word' id='word_1_264' title='bbox 1516 2136 1541 2165; x_wconf 91' lang='lat' dir='ltr'><strong>a</strong></span> <span class='ocrx_word' id='word_1_265' title='bbox 1569 2129 1692 2180; x_wconf 89' lang='lat' dir='ltr'><strong>parte</strong></span> 
     </span>
     <span class='ocr_line' id='line_1_29' title="bbox 302 2191 1688 2254; baseline -0.002 -15"><span class='ocrx_word' id='word_1_266' title='bbox 302 2194 496 2252; x_wconf 88' lang='lat' dir='ltr'><strong>adversa,</strong></span> <span class='ocrx_word' id='word_1_267' title='bbox 516 2204 560 2240; x_wconf 88' lang='lat' dir='ltr'><strong>et</strong></span> <span class='ocrx_word' id='word_1_268' title='bbox 575 2195 749 2241; x_wconf 89' lang='lat' dir='ltr'><strong>Christo</strong></span> <span class='ocrx_word' id='word_1_269' title='bbox 769 2194 879 2239; x_wconf 90' lang='lat' dir='ltr'><strong>nihil</strong></span> <span class='ocrx_word' id='word_1_270' title='bbox 897 2202 1066 2254; x_wconf 90' lang='lat' dir='ltr'><strong>poterat</strong></span> <span class='ocrx_word' id='word_1_271' title='bbox 1083 2192 1230 2238; x_wconf 86' lang='lat' dir='ltr'><strong>noceri</strong></span> <span class='ocrx_word' id='word_1_272' title='bbox 1251 2192 1306 2237; x_wconf 90' lang='lat' dir='ltr'><strong>ab</strong></span> <span class='ocrx_word' id='word_1_273' title='bbox 1323 2191 1500 2237; x_wconf 88' lang='lat' dir='ltr'><strong>adversa</strong></span> <span class='ocrx_word' id='word_1_274' title='bbox 1516 2201 1688 2249; x_wconf 86' lang='lat' dir='ltr'><strong>natura,</strong></span> 
     </span>
     <span class='ocr_line' id='line_1_30' title="bbox 303 2264 1690 2327; baseline -0.004 -15"><span class='ocrx_word' id='word_1_275' title='bbox 303 2267 358 2312; x_wconf 89' lang='lat' dir='ltr'><strong>ad</strong></span> <span class='ocrx_word' id='word_1_276' title='bbox 380 2282 510 2327; x_wconf 92' lang='lat' dir='ltr'><strong>quam</strong></span> <span class='ocrx_word' id='word_1_277' title='bbox 529 2267 648 2311; x_wconf 89' lang='lat' dir='ltr'><strong>venit</strong></span> <span class='ocrx_word' id='word_1_278' title='bbox 668 2267 882 2322; x_wconf 88' lang='lat' dir='ltr'><strong>Christus,</strong></span> <span class='ocrx_word' id='word_1_279' title='bbox 903 2274 953 2310; x_wconf 87' lang='lat' dir='ltr'><strong>ut</strong></span> <span class='ocrx_word' id='word_1_280' title='bbox 971 2280 1067 2310; x_wconf 89' lang='lat' dir='ltr'><strong>eam</strong></span> <span class='ocrx_word' id='word_1_281' title='bbox 1088 2264 1324 2309; x_wconf 75' lang='lat' dir='ltr'><strong>liberaret?</strong></span> <span class='ocrx_word' id='word_1_282' title='bbox 1346 2264 1474 2318; x_wconf 87' lang='lat' dir='ltr'><strong>Quia,</strong></span> <span class='ocrx_word' id='word_1_283' title='bbox 1499 2273 1549 2308; x_wconf 93' lang='lat' dir='ltr'><strong>ut</strong></span> <span class='ocrx_word' id='word_1_284' title='bbox 1566 2264 1690 2319; x_wconf 87' lang='lat' dir='ltr'><strong>dicis,</strong></span> 
     </span>
     <span class='ocr_line' id='line_1_31' title="bbox 302 2334 1695 2399; baseline -0.002 -17"><span class='ocrx_word' id='word_1_285' title='bbox 302 2346 481 2399; x_wconf 88' lang='lat' dir='ltr'><strong>propter</strong></span> <span class='ocrx_word' id='word_1_286' title='bbox 506 2337 752 2382; x_wconf 87' lang='lat' dir='ltr'><strong>libertatem</strong></span> <span class='ocrx_word' id='word_1_287' title='bbox 769 2346 961 2382; x_wconf 89' lang='lat' dir='ltr'><strong>nostram</strong></span> <span class='ocrx_word' id='word_1_288' title='bbox 978 2336 1096 2381; x_wconf 88' lang='lat' dir='ltr'><strong>venit</strong></span> <span class='ocrx_word' id='word_1_289' title='bbox 1118 2355 1126 2381; x_wconf 75' lang='grc' dir='ltr'>ε</span> <span class='ocrx_word' id='word_1_290' title='bbox 1149 2351 1253 2396; x_wconf 88' lang='lat' dir='ltr'><strong>ergo</strong></span> <span class='ocrx_word' id='word_1_291' title='bbox 1269 2336 1314 2380; x_wconf 88' lang='lat' dir='ltr'><strong>in</strong></span> <span class='ocrx_word' id='word_1_292' title='bbox 1335 2335 1585 2395; x_wconf 85' lang='lat' dir='ltr'><strong>captivitate</strong></span> <span class='ocrx_word' id='word_1_293' title='bbox 1606 2334 1695 2379; x_wconf 84' lang='lat' dir='ltr'><strong>fui-</strong></span> 
     </span>
     <span class='ocr_line' id='line_1_32' title="bbox 301 2407 1694 2469; baseline -0.001 -15"><span class='ocrx_word' id='word_1_294' title='bbox 301 2424 414 2454; x_wconf 85' lang='lat' dir='ltr'><strong>mus.</strong></span> <span class='ocrx_word' id='word_1_295' title='bbox 443 2410 487 2455; x_wconf 91' lang='lat' dir='ltr'><strong>Si</strong></span> <span class='ocrx_word' id='word_1_296' title='bbox 513 2410 559 2454; x_wconf 90' lang='lat' dir='ltr'><strong>in</strong></span> <span class='ocrx_word' id='word_1_297' title='bbox 585 2410 836 2469; x_wconf 87' lang='lat' dir='ltr'><strong>captivitate</strong></span> <span class='ocrx_word' id='word_1_298' title='bbox 870 2408 1144 2464; x_wconf 86' lang='lat' dir='ltr'><strong>tenebamur,</strong></span> <span class='ocrx_word' id='word_1_299' title='bbox 1175 2417 1218 2453; x_wconf 89' lang='lat' dir='ltr'><strong>et</strong></span> <span class='ocrx_word' id='word_1_300' title='bbox 1244 2416 1474 2468; x_wconf 82' lang='lat' dir='ltr'><strong>propterea</strong></span> <span class='ocrx_word' id='word_1_301' title='bbox 1496 2407 1694 2452; x_wconf 88' lang='lat' dir='ltr'><strong>Christus</strong></span> 
     </span>
     <span class='ocr_line' id='line_1_33' title="bbox 303 2477 1694 2541; baseline -0.002 -15"><span class='ocrx_word' id='word_1_302' title='bbox 303 2480 440 2535; x_wconf 87' lang='lat' dir='ltr'><strong>venit,</strong></span> <span class='ocrx_word' id='word_1_303' title='bbox 464 2489 516 2525; x_wconf 91' lang='lat' dir='ltr'><strong>ut</strong></span> <span class='ocrx_word' id='word_1_304' title='bbox 535 2496 614 2526; x_wconf 90' lang='lat' dir='ltr'><strong>nos</strong></span> <span class='ocrx_word' id='word_1_305' title='bbox 634 2480 841 2526; x_wconf 89' lang='lat' dir='ltr'><strong>liberaret</strong></span> <span class='ocrx_word' id='word_1_306' title='bbox 856 2479 912 2525; x_wconf 86' lang='lat' dir='ltr'><strong>de</strong></span> <span class='ocrx_word' id='word_1_307' title='bbox 928 2479 1196 2541; x_wconf 86' lang='lat' dir='ltr'><strong>captivitate,</strong></span> <span class='ocrx_word' id='word_1_308' title='bbox 1221 2479 1297 2540; x_wconf 92' lang='lat' dir='ltr'><strong>qui</strong></span> <span class='ocrx_word' id='word_1_309' title='bbox 1317 2493 1397 2525; x_wconf 90' lang='lat' dir='ltr'><strong>nos</strong></span> <span class='ocrx_word' id='word_1_310' title='bbox 1418 2477 1598 2524; x_wconf 88' lang='lat' dir='ltr'><strong>tenebat</strong></span> <span class='ocrx_word' id='word_1_311' title='bbox 1617 2492 1694 2523; x_wconf 85' lang='lat' dir='ltr'><strong>ex-</strong></span> 
     </span>
    </p>
   </div>
   <div class='ocr_carea' id='block_1_3' title="bbox 357 2567 850 2610">
    <p class='ocr_par' dir='ltr' id='par_1_4' title="bbox 357 2567 850 2610">
     <span class='ocr_line' id='line_1_34' title="bbox 357 2567 850 2610; baseline 0.004 -11"><span class='ocrx_word' id='word_1_312' title='bbox 357 2573 367 2591; x_wconf 87' lang='lat'>¹</span> <span class='ocrx_word' id='word_1_313' title='bbox 394 2567 486 2599; x_wconf 85' lang='lat' dir='ltr'><strong>Joan.</strong></span> <span class='ocrx_word' id='word_1_314' title='bbox 503 2579 530 2610; x_wconf 88' lang='lat'><strong>1,</strong></span> <span class='ocrx_word' id='word_1_315' title='bbox 549 2577 580 2600; x_wconf 86' lang='lat'><strong>1.</strong></span> <span class='ocrx_word' id='word_1_316' title='bbox 595 2583 637 2594; x_wconf 89' lang='lat'><strong>—-</strong></span> <span class='ocrx_word' id='word_1_317' title='bbox 654 2574 668 2592; x_wconf 83' lang='lat'>²</span> <span class='ocrx_word' id='word_1_318' title='bbox 689 2567 773 2602; x_wconf 89' lang='lat' dir='ltr'><strong>lbid.</strong></span> <span class='ocrx_word' id='word_1_319' title='bbox 796 2567 850 2610; x_wconf 74' lang='lat'><strong>14.</strong></span> 
     </span>
    </p>
   </div>
  </div>
 </body>
</html>
