1803 3250
459 166 624 196 CONTRA
657 165 873 204 ΕΔυεΤυΜ,
910 168 992 195 mn.
1032 169 1141 196 xxu.
1435 159 1491 198 79

103 233 310 278 naturalis
347 233 594 279 mortalium
627 232 721 291 paci
755 234 1108 278 accommodatus
1136 235 1219 278 hoc
1249 235 1414 294 poscit,
1441 246 1491 281 ut

100 306 312 365 suscipien
323 305 471 350 dibelli
483 303 714 349 auctoritas
723 311 855 362 atque
863 303 1091 349 consilium
1105 321 1235 365 penes
1250 307 1490 366 Principem

97 376 182 432 sit3
214 376 458 437 exequendi
491 383 638 419 autem
661 375 779 434 jussa
810 373 965 418 belli-ca
1003 376 1293 421 ministerium
1330 377 1491 423 milites

97 446 288 491 debeant
312 447 405 506 paci
425 445 643 505 salutique
673 444 912 488 communi·
950 443 1120 488 Bellum
1153 457 1298 490 autem
1319 483 1330 502 ‚
1371 449 1492 509 quod

95 517 333 575 gerendum
358 520 446 561 Deo
468 526 647 561 auctore
665 515 920 574 suscipitur,
946 525 1062 559 recte
1080 517 1261 576 suscipi,
1287 517 1491 564 dubitare

95 587 159 633 fas
181 604 270 634 non
292 598 377 643 est,
397 587 466 633 vel
488 588 543 632 ad
564 586 834 642 terrendam,
859 585 929 631 vel
946 586 1000 632 ad
1018 588 1328 642 obterendam,
1351 591 1418 635 vel
1437 591 1492 636 ad

92 660 416 719 subjugandum
455 658 706 704 mortalium
737 658 988 717 superbiam
1023 677 1032 703 :
1077 659 1255 719 quando
1288 676 1343 704 ne
1379 660 1490 706 illud

93 729 272 790 quidem
294 730 416 792 quod
436 731 628 774 humana
650 729 891 789 cupiditate
913 729 1078 789 geritur
1092 766 1107 786 ,
1133 745 1223 775 non
1254 731 1395 776 solum
1420 734 1490 777 in-

93 802 368 861 corruptibili
390 804 495 856 Deo,
517 800 594 845 sed
615 816 696 846 nec
717 800 876 846 sanctis
909 801 1001 861 ejus
1034 802 1185 846 obesse
1214 803 1379 863 aliquid
1408 819 1491 864 po-

93 882 202 929 test3
226 873 388 932 quibus
410 873 555 932 potius
578 872 634 917 ad
662 872 948 917 exercendam
972 873 1225 932 patientiam
1256 883 1299 919 et
1322 874 1376 919 ad
1408 876 1492 921 hu-

95 942 349 988 miliandam
386 944 575 988 animam
610 941 925 1003 ferendamque
959 952 1185 1002 paternam
1216 944 1490 1005 disciplinam

91 1016 220 1059 etiam
237 1015 440 1074 prodesse
461 1015 698 1059 invenitur.
726 1033 744 1056 «
765 1017 915 1074 Neque
935 1015 1050 1059 enim
1069 1016 1202 1060 habet
1218 1016 1263 1061 in
1280 1033 1353 1062 eos
1369 1019 1487 1078 quis-

95 1103 115 1126 »
142 1099 276 1146 quam
298 1085 433 1129 ullam
455 1094 732 1144 potestatem,
760 1084 842 1128 nisi
857 1085 926 1128 cui
950 1086 1050 1129 data
1074 1085 1444 1147 fueritdesuper1.
1467 1108 1486 1130 »

92 1159 190 1203 Non
203 1166 270 1202 est
282 1158 398 1201 enim
412 1165 598 1217 potestas
613 1156 692 1200 nisi
706 1172 729 1200 a
748 1158 874 1211 Deo²‚
891 1156 978 1200 sive
994 1157 1180 1216 jubente
1196 1158 1284 1202 sive
1301 1159 1486 1205 sinente.

92 1229 206 1273 Cum
229 1243 331 1287 ergo
352 1228 418 1272 vir
433 1228 592 1288 justus,
619 1227 654 1271 si
676 1225 790 1270 forte
823 1226 906 1270 sub
932 1242 1030 1286 rege
1060 1227 1238 1272 homine
1268 1230 1400 1274 etiam
1420 1246 1490 1275 sa-

91 1298 252 1358 crilego
274 1298 444 1353 militet,
470 1307 586 1342 recte
610 1297 740 1357 possit
761 1296 838 1341 illo
854 1297 1039 1356 jubente
1063 1297 1225 1342 bellare
1247 1300 1397 1345 civicae
1415 1317 1489 1362 pa·

92 1369 151 1414 cis
183 1369 380 1415 ordinem
412 1385 584 1415 servans
604 1391 614 1426 3
654 1369 726 1414 cui
763 1368 886 1429 quod
914 1369 1099 1429 jubetur
1117 1405 1127 1425 ‚
1164 1370 1234 1414 vel
1272 1387 1361 1416 non
1400 1389 1489 1418 esse

91 1450 243 1486 contra
268 1442 343 1485 Dei
364 1451 633 1501 praeceptum
657 1449 827 1485 certum
845 1449 925 1495 est,
951 1440 1021 1485 vel
1044 1450 1195 1485 utrum
1217 1442 1293 1498 sit,
1318 1453 1488 1488 certum

91 1526 182 1556 non
198 1520 277 1567 est,
301 1512 361 1556 ita
383 1522 432 1556 ut
454 1511 634 1556 fortasse
656 1526 779 1555 reum
798 1525 943 1569 regem
965 1509 1097 1556 faciat
1113 1512 1321 1574 iniquitas
1344 1515 1489 1575 impe-

93 1583 233 1638 randi,
255 1583 535 1627 innocentem
550 1591 695 1625 autem
711 1581 893 1625 militem
908 1582 1108 1627 ostendat
1121 1583 1229 1628 ordo
1247 1586 1486 1632 serviendi:

93 1663 260 1714 quanto
278 1653 411 1712 magis
433 1653 479 1697 in
497 1652 873 1697 administratione
896 1652 1114 1697 bellorum
1136 1654 1490 1702 innocentissime

92 1723 350 1779 diversatur,
375 1725 452 1784 qui
468 1727 560 1768 Deo
573 1724 759 1784 jubente
778 1723 1022 1783 belligerat,
1041 1741 1172 1785 quem
1191 1727 1304 1771 male
1323 1727 1489 1788 aliquid

88 1796 244 1855 jubere
261 1811 352 1840 non
368 1811 509 1855 posse,
534 1809 666 1839 nemo
681 1794 757 1854 qui
776 1795 814 1838 ei
836 1796 967 1838 servit
988 1796 1174 1853 ignorat.

153 1870 352 1913 LXXVI.
380 1868 422 1913 Si
436 1876 582 1912 autem
605 1875 834 1926 propterea
853 1876 1008 1926 putant
1026 1883 1115 1912 non
1133 1868 1323 1928 potuisse
1346 1873 1485 1915 Deum

93 1938 259 1984 bellum
274 1939 513 1999 gerendum
521 1939 694 1999 jubere,
705 1938 807 1998 quia
822 1938 1031 1984 Dominus
1049 1949 1193 1998 postea
1210 1943 1234 1985 J
1238 1942 1489 1987 esusChris-

93 2020 162 2056 tus
180 2030 189 2057 :
219 2030 240 2054 «
260 2015 370 2071 Ego,
390 2013 549 2072 inquit,
575 2010 673 2055 dico
694 2010 833 2065 vobis,
854 2026 944 2055 non
962 2012 1157 2056 resistere
1178 2013 1383 2058 adversus
1393 2031 1487 2060 ma-

96 2101 117 2124 »
142 2082 253 2138 lum,
264 2082 339 2127 sed
350 2083 385 2127 si
399 2083 495 2143 quis
508 2091 551 2126 te
566 2082 824 2142 percusserit
836 2083 882 2125 in
896 2081 1115 2127 maxillam
1131 2092 1252 2128 tuam
1268 2085 1482 2142 dextram,

96 2171 117 2195 »
142 2154 291 2212 praebe
312 2152 377 2197 illi
399 2163 442 2198 et
463 2153 703 2197 sinistram3
721 2173 732 2210 3
757 2171 776 2194 »
802 2151 1049 2212 intelligant
1068 2154 1182 2198 hanc
1205 2158 1485 2215 praeparatio-

94 2239 196 2268 nem
217 2240 309 2269 non
325 2229 413 2269 esse
433 2225 479 2268 in
501 2239 698 2284 corpore,
724 2223 862 2268 sedin
878 2224 1010 2268 corde
1034 2240 1045 2267 .·
1070 2224 1129 2268 ibi
1146 2234 1210 2269 est
1228 2228 1345 2271 enim
1362 2243 1483 2273 sanc-

94 2302 187 2338 tum
223 2294 370 2340 cubile
402 2295 600 2349 virtutis,
636 2294 804 2356 quaein
834 2293 918 2338 illis
942 2310 1121 2355 quoque
1149 2296 1338 2357 antiquis
1356 2299 1483 2359 justis

93 2365 250 2410 nostris
270 2365 466 2425 patribus
482 2366 696 2411 habitavit
717 2385 726 2411 :
747 2365 822 2411 sed
837 2381 934 2410 eam
948 2381 1093 2411 rerum
1113 2367 1482 2428 dispensationem

93 2450 144 2482 ac
164 2434 518 2482 distributionem
539 2444 788 2496 temporum
809 2435 919 2481 ordo
939 2437 1162 2497 poscebat,
1187 2447 1238 2484 ut
1258 2440 1380 2499 prius
1400 2457 1481 2502 ap-

143 2527 152 2545 ¹
169 2521 264 2555 Joan.
283 2530 354 2564 nx,
378 2529 431 2556 ιι.
445 2532 488 2545 ·—
501 2525 515 2545 ²
534 2521 626 2555 Rom.
642 2527 712 2561 xm,
731 2530 760 2554 1.
775 2535 816 2546 —
831 2517 847 2545 ³
865 2519 984 2557 Matth.
1005 2530 1038 2560 v,
1056 2520 1111 2564 39.
