1803 3250
469 171 632 200 CONTRA
666 168 882 208 FAUSTUM,
919 172 1001 198 Lm.
1038 171 1148 198 xxii.
1444 159 1499 195 77

117 239 207 280 Deo
225 244 369 280 autem
387 237 568 296 jubente
584 272 595 292 ,
619 235 726 296 quid
744 235 823 278 nisi
840 235 978 279 fidelis
1001 245 1044 280 et
1060 235 1246 280 devotus
1270 235 1502 295 apparuit?

114 306 244 361 Quod
267 322 403 367 usque
425 307 532 352 adeo
554 309 645 367 ipsa
666 307 822 351 veritas
845 305 1002 350 clamat
1016 342 1027 361 ,
1052 316 1101 351 ut
1118 308 1208 367 ejus
1225 322 1331 351 voce
1353 306 1500 351 deter-

114 378 222 423 ritus
239 380 424 423 Faustus
440 414 450 434 ,
476 393 575 423 cum
598 378 642 421 in
661 378 803 437 ipsum
826 376 1051 421 Abraham
1076 378 1184 437 quid
1203 377 1387 433 diceret,
1420 394 1504 423 un·-

116 448 274 507 guibus
291 458 334 494 et
355 448 557 493 dentibus
578 463 798 508 quaerens,
823 463 961 507 usque
977 446 1031 491 ad
1045 447 1362 492 calumniosum
1381 464 1506 493 men-

113 518 285 564 dacium
310 520 571 580 perveniret,
591 519 674 564 hoc
696 528 843 564 tamen
857 519 1176 578 reprehendere
1193 535 1282 563 non
1300 519 1502 579 auderet,

114 591 193 635 nisi
214 591 328 636 forte
350 606 441 636 non
462 591 501 634 ei
522 591 690 636 veniret
711 590 757 634 in
775 599 964 634 mentem
990 589 1155 635 facturn
1178 590 1238 635 ita
1262 590 1430 645 nobile,
1456 601 1506 636 ut

112 677 202 706 non
223 661 404 717 lectum,
431 677 511 707 nec
530 663 760 722 quaesitum
785 662 932 707 animo
955 671 1224 717 occurreret,
1251 671 1301 706 ut
1316 661 1506 722 denique

111 739 178 776 tot
198 731 356 790 linguis
378 742 618 788 cantatum,
647 741 712 778 tot
732 732 838 777 locis
862 733 1052 792 pictum,
1078 741 1122 777 et
1145 747 1268 777 aures
1291 741 1334 776 ct
1360 732 1508 777 oculos

112 801 422 847 dissimulantis
438 802 602 847 feriret.
621 806 898 864 Quapropter
912 805 945 848 si
959 804 1004 848 in
1017 803 1256 849 occidendo
1271 803 1359 848 filio
1373 819 1506 863 spon—

111 881 264 918 teneus
291 882 435 919 motus
469 874 718 919 execrabilis
741 910 751 930 ,
791 878 879 920 Deo
907 884 1052 919 autem
1074 875 1259 935 jubente
1289 875 1506 919 obsecun-

111 944 220 990 dans
255 944 491 990 famulatus
511 981 522 1001 ,
566 962 656 991 non
688 946 829 991 solum
863 947 1140 1006 inculpabilis
1166 980 1177 1000 ,
1222 947 1505 991 verumetiam

109 1014 340 1061 laudabilis
361 1017 606 1073 invenitur,
634 1018 742 1078 quid
763 1021 967 1076 Moysen,
993 1022 1151 1063 Fauste
1168 1054 1178 1074 ,
1204 1018 1504 1078 reprehendis,

110 1087 232 1148 quod
255 1087 483 1147 expoliarit
505 1089 770 1147 AEgyptios?
800 1089 842 1133 Si
866 1098 904 1132 te
922 1089 1062 1132 irritat
1080 1088 1202 1132 velut
1224 1089 1416 1133 humana
1439 1088 1507 1132 fa-

111 1159 263 1204 cientis
292 1159 545 1219 improbitas
562 1194 573 1215 ,
598 1159 746 1204 divina
771 1168 929 1204 terreat
944 1159 1140 1219 jubentis
1164 1159 1411 1204 auctoritas.
1438 1161 1508 1203 An

111 1229 213 1274 talia
234 1230 329 1275 fieri
349 1230 568 1275 volentem
591 1230 720 1275 etiam
739 1231 880 1290 ipsum
906 1233 1045 1274 Deum
1067 1230 1312 1289 vituperare
1332 1238 1508 1289 paratus

112 1302 190 1345 es?
211 1300 348 1346 «Redi
369 1316 470 1360 ergo
488 1310 619 1356 retro,
643 1303 820 1346 Satanas
840 1322 850 1359 3
873 1316 1017 1360 neque
1035 1301 1152 1344 enim
1170 1301 1281 1360 sapis
1303 1317 1403 1360 quae
1431 1301 1509 1344 Dei

115 1389 137 1414 »
159 1381 282 1429 sunt,
308 1372 385 1417 sed
407 1389 507 1434 quae
524 1382 627 1417 sunt
648 1373 921 1417 hominum1.
942 1391 962 1413 »
990 1375 1135 1433 Atque
1157 1373 1327 1416 utinam
1344 1372 1429 1416 hoc
1449 1373 1509 1415 si-

114 1452 191 1488 cut
213 1446 365 1488 Petrus
393 1442 543 1488 audire
574 1442 733 1503 dignus
760 1442 911 1487 fuisses
932 1478 943 1498 ,
968 1452 1099 1503 atque
1125 1443 1170 1486 id
1199 1441 1320 1502 quod
1352 1442 1398 1486 in
1419 1445 1509 1487 Deo

113 1529 242 1559 sensu
255 1514 429 1559 infirmo
441 1513 737 1574 reprehendis,
753 1522 902 1573 postea
918 1512 1209 1573 praedicasses,
1227 1512 1511 1573 quemadmo-

112 1584 314 1630 dumille
341 1585 526 1644 glorioso
554 1585 774 1645 praeconio
792 1594 938 1645 postea
963 1586 1163 1645 gentibus
1190 1585 1506 1641 annuntiabat,

112 1656 233 1718 quod
248 1658 287 1702 ei
308 1657 466 1717 primo,
485 1673 586 1702 cum
604 1657 813 1701 Dominus
834 1656 966 1701 vellet
988 1657 1097 1713 fieri,
1115 1656 1387 1716 displicebat.

173 1729 373 1773 LXXIV.
409 1729 706 1782 Quamobrem
729 1728 762 1771 si
775 1728 866 1788 jam
889 1727 1063 1772 tandem
1088 1727 1293 1787 intelligit
1319 1729 1511 1772 humana

113 1799 275 1845 duritia
311 1809 441 1860 atque
472 1800 518 1844 in
550 1799 679 1844 rebus
706 1800 831 1844 rectis
854 1799 1057 1844 voluntas
1087 1815 1219 1859 prava
1252 1809 1383 1859 atque
1408 1815 1510 1859 per-

111 1886 256 1927 versa,
280 1871 520 1931 plurimum
542 1872 775 1927 interesse,
801 1880 952 1915 utrum
975 1871 1139 1932 aliquid
1168 1872 1361 1915 humana
1384 1871 1510 1931 cupi-

112 1943 251 1988 ditate
273 1943 343 1989 vel
364 1943 607 1988 temeritate
625 1944 897 1999 admittatur,
921 1959 977 1988 an
993 1944 1071 1988 Dei
1086 1951 1290 2003 pareatur
1308 1943 1507 2003 imperio,

76 2004 90 2013 ’
112 2014 190 2075 qui
213 2014 358 2070 novit,
382 2014 511 2075 quid,
544 2013 721 2075 quando
739 2049 750 2070 ,
782 2014 943 2074 quibus
972 2014 1197 2074 permittat
1229 2023 1304 2058 aut
1325 2014 1480 2071 Jubeat
1498 2049 1509 2069 ,

112 2085 222 2146 quid
243 2087 402 2146 cuique
425 2084 566 2129 facere
588 2085 766 2145 patique
782 2085 1014 2130 conveniat
1035 2103 1043 2130 :
1062 2100 1142 2129 nec
1160 2084 1274 2128 bella
1292 2099 1369 2144 per
1382 2086 1511 2142 Moy-

113 2171 191 2202 sen
213 2166 328 2217 gesta
348 2157 529 2201 miretur
551 2165 626 2201 aut
647 2157 838 2213 horreat,
863 2156 965 2217 quia
984 2165 1027 2201 et
1048 2156 1094 2199 in
1110 2154 1194 2200 illis
1217 2154 1365 2200 divina
1382 2170 1509 2200 secu-

112 2237 184 2273 tus
201 2228 382 2288 imperia
398 2243 488 2273 non
502 2228 682 2273 saeviens
693 2263 704 2283 ,
724 2227 800 2272 sed
817 2228 1025 2273 obediens
1043 2225 1151 2284 fuit,
1177 2241 1258 2271 nec
1277 2229 1391 2271 Deus
1405 2242 1508 2272 cum

109 2298 298 2358 jubebat
333 2299 413 2343 ista
428 2333 440 2354 ,
478 2299 708 2355 saeviebat,
749 2299 825 2344 sed
865 2298 996 2358 digna
1034 2297 1175 2357 dignis
1210 2298 1481 2343 retribuebat
1495 2332 1507 2352 ,

115 2367 358 2429 dignosque
375 2369 580 2414 terrebat.
602 2369 719 2423 Quid
734 2369 851 2413 enirn
871 2369 1074 2429 culpatur
1092 2369 1138 2413 in
1159 2367 1303 2414 bello?
1324 2371 1393 2415 An
1408 2369 1511 2429 quia

115 2441 364 2486 moriuntur
404 2440 670 2501 quandoque
712 2442 935 2498 morituri,
972 2451 1022 2487 ut
1059 2441 1295 2488 domentur
1329 2441 1375 2486 in
1402 2455 1508 2501 pace

161 2527 175 2566 J
198 2525 320 2562 Matth.
340 2536 409 2569 xvi,
425 2525 480 2560 23.
