1803 3250
407 229 569 259 CONTRA
601 229 873 259 secunnmum
909 228 1194 256 MAmcnAEuM.
1409 213 1492 253 309

111 298 308 344 mala-ne
330 314 385 343 an
411 300 522 342 bona
540 300 594 343 sit
615 300 692 343 ista
715 296 955 342 consensio.
973 297 1026 342 ;Si
1051 295 1167 340 bona
1188 302 1268 347 est,
1293 307 1384 338 non
1403 294 1492 336 uti-

110 385 198 430 que
218 380 369 430 peccat
385 371 543 424 anima,
568 385 669 414 cum
691 368 905 414 consentit
927 367 1056 412 malo.
1078 369 1175 412 Non
1192 365 1332 410 solum
1350 372 1496 409 autem

111 442 265 486 veritas
286 440 445 486 clamat
461 477 470 490 ,
501 442 575 486 sed
600 451 647 486 tu
670 456 847 502 quoque
878 439 1026 483 scribis
1044 474 1055 492 ,
1083 449 1189 483 tunc
1212 453 1306 482 eam
1332 436 1495 483 volun-

112 522 199 557 tate
225 527 419 572 peceare.
452 512 566 557 Mala
590 522 653 556 est
682 513 814 569 igitur
845 511 924 554 ista
956 510 1182 554 consensio
1199 544 1209 563 ‚
1245 524 1294 553 ac
1316 524 1394 568 per
1414 509 1498 554 hoc

110 584 241 628 etiam
272 584 427 627 animae
458 583 726 639 substantia,
755 582 789 626 si
824 591 867 626 et
893 581 1048 625 animae
1082 580 1323 625 substantia
1343 588 1428 635 est,
1455 589 1499 625 et

111 663 350 715 utrumque
372 670 459 698 una
483 654 740 698 substantia.
767 653 982 697 Vides-ne
1012 667 1101 712 quo
1134 660 1309 696 coaetus
1343 666 1388 695 es
1405 686 1417 704 ,
1450 661 1501 695 ut

110 725 298 768 animam
341 733 385 768 et
420 723 531 768 illud
569 724 762 778 malum,
803 739 892 767 non
920 724 1010 783 jam
1044 737 1178 767 unam
1215 721 1503 766 substantiam

109 795 268 839 bonam
289 830 301 849 ,
344 794 523 839 alteram
565 794 723 839 malam
741 831 751 847 ,
798 793 873 838 sed
915 793 1023 838 duas
1062 795 1195 837 malas
1230 807 1321 836 esse
1355 792 1503 851 perhi-

110 866 245 911 beas?
269 866 349 911 Hic
387 864 567 912 fortasse
601 867 825 911 conaberis
864 865 1192 910 consensionem
1237 862 1504 923 culpabilem

109 952 197 982 non
226 939 382 982 animae
407 937 598 982 tribuere
621 954 720 997 quae
747 938 963 982 consentit
991 937 1107 981 malo
1129 972 1138 991 ,
1165 937 1239 979 sed
1273 936 1354 994 ipsi
1384 935 1501 979 malo

107 1008 180 1053 cui
211 1009 450 1065 consentit3
491 1018 540 1053 ut
567 1009 650 1053 hoc
688 1008 819 1052 modo
847 1009 1011 1068 possint
1039 1023 1128 1052 esse
1168 1006 1269 1052 duae
1297 1006 1501 1050 substan-

111 1080 207 1134 tiae,
239 1095 326 1123 una
355 1080 469 1123 bona
492 1114 503 1133 ,
536 1079 667 1123 altera
695 1079 832 1132 mala,
864 1094 966 1124 cum
991 1079 1131 1123 anima
1155 1077 1210 1121 de
1242 1087 1365 1136 parte
1396 1077 1501 1122 boni

107 1165 197 1195 esse
229 1150 417 1208 dicitur,
454 1153 680 1195 consensio
717 1166 820 1195 vero
855 1151 946 1210 ejus
988 1166 1075 1210 qua
1109 1149 1324 1194 consentit
1357 1148 1497 1204 malo,

106 1230 150 1266 et
189 1221 354 1265 malum
398 1221 539 1280 ipsum
583 1222 652 1265 cui
697 1222 911 1265 consentit
933 1257 943 1275 ,
989 1220 1117 1265 simul
1153 1236 1203 1265 ex
1248 1220 1330 1264 alia
1380 1228 1502 1279 parte

105 1293 405 1347 constituitur,
443 1302 486 1337 et
520 1293 661 1336 anima
693 1292 818 1336 malae
853 1291 1109 1336 substantiae
1154 1300 1392 1350 utrumque
1422 1291 1504 1334 de-

105 1372 300 1423 putatur.
344 1364 451 1417 Quis
489 1364 720 1408 absurdius
751 1362 1038 1407 deliraverit?
1078 1364 1177 1408 Non
1210 1362 1327 1405 enim
1358 1361 1501 1405 anima

103 1436 318 1480 consentit
337 1472 348 1491 ,
369 1436 402 1480 si
424 1451 513 1480 non
530 1445 594 1479 est
607 1437 699 1494 ejus
716 1435 941 1479 consensio
961 1451 972 1479 :
991 1434 1082 1494 ipsa
1098 1443 1246 1479 autem
1263 1433 1481 1478 consentit
1497 1454 1509 1490 ς

104 1508 196 1567 ejus
217 1516 281 1550 est
301 1507 449 1566 igitur.
476 1510 610 1551 Porro
628 1506 661 1549 si
684 1507 776 1564 ejus
797 1515 861 1549 est
882 1505 1124 1560 consensio,
1150 1514 1193 1548 et
1209 1504 1321 1548 mala
1341 1513 1405 1548 est
1422 1503 1500 1548 ista

102 1577 354 1634 consensio,
380 1578 472 1637 ejus
488 1587 552 1621 est
566 1577 648 1621 hoc
664 1575 842 1620 malum.
863 1578 971 1621 Nam
991 1575 1021 1619 si
1047 1584 1090 1619 et
1104 1575 1188 1620 hoe
1202 1574 1368 1619 malum
1382 1573 1499 1618 illius

102 1648 203 1692 mali
230 1659 294 1693 est
316 1649 386 1693 cui
412 1649 555 1693 anima
583 1650 828 1703 consentit,
862 1663 950 1693 non
982 1646 1175 1691 habebat
1205 1661 1380 1691 necesse
1411 1646 1497 1691 hoc

102 1718 268 1764 malum
291 1720 411 1779 prius
433 1736 563 1780 quam
588 1721 625 1763 ei
650 1720 913 1764 consentiret
936 1720 1094 1763 anima.
1114 1717 1249 1771 Quale
1267 1718 1398 1776 igitur
1414 1717 1499 1761 bo-

103 1806 210 1835 num
233 1799 297 1834 est
317 1791 479 1845 anima,
498 1792 623 1850 cujus
638 1791 831 1834 adventu
843 1789 912 1834 vel
928 1787 1300 1849 duplicaturillud
1314 1787 1497 1843 malum,

103 1861 175 1907 vel
194 1870 244 1905 ut
265 1861 414 1906 mitius
435 1861 646 1915 dicamus,
673 1862 891 1918 augetur?

161 1935 282 1978 XIV.
320 1933 485 1978 Deinde
502 1934 535 1978 si
553 1933 794 1978 substantia
818 1943 881 1978 est
894 1934 974 1978 ista
988 1933 1231 1986 consensio,
1254 1946 1387 1992 quam
1407 1946 1501 1976 ma-

100 2005 189 2050 lam
211 2020 302 2050 esse
330 2015 525 2060 constat,
557 2006 802 2050 invenimus
836 2021 926 2049 esse
954 2005 997 2048 in
1031 2004 1189 2048 animae
1212 2012 1426 2063 potestate
1448 2012 1498 2048 ut

101 2076 246 2138 aliqua
270 2078 511 2123 substantia
532 2078 645 2122 mala
663 2076 732 2122 vel
757 2079 810 2122 sit
830 2076 899 2121 vel
917 2093 1006 2122 non
1024 2076 1078 2121 sit
1100 2095 1110 2121 2
1134 2074 1497 2136 quandoquidem

102 2149 182 2193 ista
206 2142 432 2193 consensio
453 2148 500 2192 in
524 2150 679 2193 animae
691 2157 905 2208 potestate
922 2157 998 2192 est.
1018 2149 1124 2192 Nam
1145 2146 1180 2205 si
1198 2162 1287 2191 non
1303 2155 1390 2203 est,
1406 2160 1497 2190 non

100 2234 206 2278 ergo
229 2235 305 2264 sua
327 2218 555 2264 voluntate
577 2220 806 2264 consentit.
837 2221 900 2262 Tu
924 2226 1068 2262 autem
1096 2232 1175 2275 pro
1203 2217 1285 2261 hae
1313 2230 1497 2261 consen-

101 2289 242 2346 sione,
269 2292 497 2337 voluntate
529 2309 605 2337 sua
641 2308 821 2352 peecare
843 2291 1002 2336 dixisti.
1029 2291 1173 2335 Habet
1194 2305 1298 2348 ergo
1321 2290 1465 2333 anima
1483 2324 1495 2345 ,

101 2369 152 2404 ut
169 2359 280 2414 dixi,
308 2361 356 2403 in
381 2369 616 2418 potestate,
655 2372 705 2404 ut
727 2364 929 2419 quaedam
952 2359 1066 2404 mala
1089 2360 1332 2404 substantia
1354 2359 1425 2402 vel
1446 2359 1501 2403 sit

103 2430 168 2475 vel
192 2446 281 2475 non
306 2431 374 2475 sit.
411 2429 528 2484 Quid
555 2440 619 2475 est
653 2440 798 2475 autem
834 2428 950 2474 aliud
984 2430 1226 2474 substantia
1257 2444 1390 2489 quam
1416 2444 1498 2475 na-

99 2503 231 2546 tura?
252 2502 347 2546 Erit
376 2516 481 2560 ergo
510 2500 654 2561 aliqua
685 2510 841 2546 natura
870 2516 970 2560 quae
992 2515 1072 2544 nec
1100 2499 1256 2544 anirnae
1289 2500 1499 2545 naturalis

103 2572 178 2629 sit,
203 2573 413 2632 quoniam
436 2573 469 2617 si
493 2572 625 2626 nolit,
659 2588 747 2617 non
770 2572 878 2626 erit,
911 2586 990 2615 nec
1021 2570 1081 2614 illi
1116 2568 1232 2615 malo
1263 2570 1333 2615 cui
1355 2570 1495 2614 anima
