1803 3250
438 183 601 212 CONTRA
634 183 852 221 FAUSTUM,
887 184 970 210 Lm.
1007 184 1118 211 xxn.
1413 176 1468 214 99

79 253 152 310 J‘us
177 249 358 307 figuram
389 250 597 293 Dominus
630 263 707 307 per
735 247 932 291 eamdem
956 249 1225 308 Scripturam
1246 248 1472 294 evidenter

83 318 263 379 aperiat,
281 333 471 380 cumque
487 316 735 378 apostolicae
751 316 908 362 litterae
930 317 1044 363 hane
1065 319 1339 378 prophetiam
1354 335 1470 365 com·

81 388 243 449 pletam
273 389 320 434 in
350 389 461 436 Novi
483 388 746 433 Testamenti
775 385 1085 447 praedicatione
1118 398 1348 445 testentur,
1373 391 1470 451 quis

81 469 145 505 est
175 461 253 521 qui
287 460 446 506 audeat
475 458 641 514 dicere,
672 474 762 504 non
782 468 1010 519 propterea
1029 460 1198 519 jussum
1220 470 1263 504 et
1284 461 1468 517 factum,

81 540 258 591 propter
293 530 415 591 quod
449 545 494 575 se
519 531 691 591 jussisse
730 539 774 574 et
804 531 1067 590 Prophetam
1100 530 1264 586 fecisse,
1299 532 1390 591 ipse
1424 534 1471 578 in

78 592 235 647 sanctis
266 602 442 647 Litteris
477 602 555 663 qui
581 602 708 662 jussit
740 602 956 661 exponit?
1000 602 1073 646 Ait
1106 602 1222 646 enim
1253 602 1472 662 apostolus

80 673 268 718 Paulus:
292 691 313 716 «
333 675 388 719 Ut
405 681 530 718 notas
548 671 712 718 faceret
732 672 904 718 divitias
926 671 1073 731 gloriae
1096 687 1187 718 suae
1205 673 1251 717 in
1269 689 1369 718 vasa
1391 674 1474 718 mi-

84 761 103 785 »
138 742 353 799 ricordiae,
378 759 480 804 quae
502 744 761 804 praeparavit
787 744 831 788 in
854 743 1066 803 gloriam:
1092 759 1202 805 quos
1230 753 1274 788 et
1301 745 1475 789 vocavit

86 833 107 856 »
142 830 244 869 nos,
279 830 371 860 non
392 814 533 860 solum
557 832 608 860 ex
630 815 794 860 Judaeis
809 850 821 871 ,
853 816 1140 860 verumetiam
1163 831 1215 860 ex
1238 817 1440 874 gentibus
1463 834 1473 862 ε

81 902 102 926 ι»
136 876 247 930 sicut
267 895 311 930 et
331 887 441 931 Osee
459 886 590 931 dicit:
613 888 790 932 Vocabo
808 901 899 930 non
921 885 1095 945 plebem
1118 902 1276 943 meam,
1298 886 1473 947 plebem

81 974 100 997 »
135 971 308 1015 meam3
333 966 377 1002 et
400 973 489 1002 non
511 957 737 1010 dilectam,
764 955 992 1014 dilectam3
1017 966 1061 1001 et
1082 958 1163 1002 erit
1184 958 1229 1001 in
1253 957 1369 1014 loco,
1396 958 1473 1002 ubi

80 1043 101 1067 ι)
137 1025 306 1071 dictum
328 1036 393 1071 est
413 1027 500 1071 eis:
525 1029 623 1070 Non
648 1025 834 1084 populus
857 1042 979 1071 meus
1002 1043 1093 1082 vos,
1116 1028 1178 1072 ibi
1198 1029 1476 1073 vocabuntur

79 1114 100 1138 »
134 1095 214 1140 filii
244 1096 318 1139 Dei
340 1094 474 1139 vivi1.
514 1113 534 1135 »
573 1097 666 1139 Hoc
701 1110 803 1153 ergo
836 1095 891 1139 de
925 1097 1127 1155 gentibus
1163 1099 1476 1158 prophetatum

77 1164 238 1210 Paulus
259 1164 466 1211 ostendit.
495 1166 619 1214 Unde
640 1175 684 1209 et
707 1169 860 1211 Petrus
882 1168 1076 1212 scribens
1098 1168 1154 1212 ad
1174 1178 1341 1227 gentes,
1369 1173 1477 1213 Pro-

78 1237 210 1296 pheta
229 1237 411 1298 quidem
428 1236 522 1296 ipso
540 1252 630 1280 non
653 1239 894 1292 nominato,
922 1240 1196 1297 prophetiam
1221 1248 1368 1283 tamen
1385 1241 1477 1299 ejus

77 1308 220 1354 verbis
248 1309 334 1353 suis
364 1308 532 1363 inserit,
568 1307 744 1353 dicens:
766 1311 897 1352 «Vos
929 1318 1078 1353 autem
1107 1325 1242 1368 genus
1265 1309 1472 1365 electum,

81 1398 101 1421 »
136 1379 279 1438 regale
300 1380 607 1434 sacerdotium,
628 1395 732 1439 gens
754 1388 920 1435 sancta,
947 1380 1136 1439 populus
1158 1381 1473 1440 acquisitionis,

83 1469 103 1492 ι)
138 1467 228 1512 quo
248 1450 431 1496 virtutes
453 1452 543 1510 ejus
566 1450 850 1506 annuntietis,
871 1451 949 1511 qui
968 1452 1023 1495 de
1044 1452 1234 1496 tenebris
1255 1467 1330 1497 vos
1350 1467 1473 1497 voca-

82 1541 101 1564 »
134 1522 260 1566 vitiu
277 1521 388 1565 illud
402 1520 658 1566 admirabile
681 1522 831 1566 lumen
851 1538 1005 1568 suum:
1031 1524 1108 1584 qui
1131 1522 1368 1584 aliquando
1386 1539 1475 1568 non

79 1613 99 1635 »
134 1593 347 1653 populus,
372 1608 492 1638 nuuc
513 1604 658 1637 autem
683 1594 871 1653 populus
896 1595 994 1652 Dei,
1020 1611 1209 1654 quorum
1233 1595 1471 1656 aliquando

80 1683 100 1706 »
135 1680 225 1709 non
253 1665 451 1708 misertus
473 1673 558 1718 est,
591 1680 708 1708 nunc
732 1673 877 1708 autem
908 1665 1177 1709 miseretur2.
1201 1683 1221 1706 »
1244 1666 1357 1711 Hinc
1384 1666 1474 1709 evi-

76 1735 229 1779 denter
257 1744 458 1794 apparet,
495 1735 617 1794 quod
651 1750 727 1792 per
761 1735 1028 1794 Prophetam
1059 1736 1226 1780 dictum
1258 1727 1349 1781 est:
1374 1755 1394 1779 α
1416 1739 1473 1780 Et

80 1824 99 1847 »
134 1805 216 1850 erit
249 1820 457 1850 numerus
485 1804 674 1848 filiorum
710 1804 841 1849 Israel
876 1806 999 1864 quasi
1029 1820 1157 1849 arena
1191 1807 1336 1861 maris,
1373 1822 1474 1866 quae

78 1895 100 1918 ι)
132 1878 225 1922 sine
246 1892 448 1922 mensura
470 1886 555 1931 est,
581 1886 623 1920 et
646 1890 735 1920 non
757 1876 1086 1929 numerabitur:
1111 1895 1130 1917 »
1151 1886 1194 1920 et
1215 1876 1336 1936 quod
1357 1892 1466 1921 con-

75 1957 306 2009 sequenter
322 1947 580 2008 adjunctum
598 1956 684 1992 est:
706 1967 725 1989 «
745 1949 801 1992 Et
818 1948 900 1991 erit
922 1947 969 1991 in
990 1947 1104 2003 loco,
1123 1948 1200 1991 ubi
1218 1946 1387 1992 dictum
1405 1958 1469 1993 est

79 2039 100 2062 »
135 2021 194 2064 eis
213 2038 222 2064 :
247 2021 345 2065 Non
362 2019 551 2079 populus
568 2034 690 2063 meus
704 2034 796 2074 vos,
814 2017 984 2062 dicetur
1002 2019 1077 2074 eis,
1102 2017 1201 2062 Filii
1220 2019 1297 2063 Dei
1318 2020 1426 2064 vivi:
1447 2039 1466 2062 ιι

76 2106 166 2136 non
187 2091 366 2136 omnino
388 2090 443 2134 de
464 2089 539 2134 illo
562 2089 694 2134 Isra'e'l
716 2105 806 2134 esse
828 2089 1017 2145 dictum,
1043 2090 1118 2150 qui
1141 2098 1204 2134 est
1226 2091 1470 2135 secundum

75 2177 274 2220 carnem,
298 2161 374 2207 sed
396 2162 450 2206 de
472 2161 548 2207 illo
561 2162 616 2206 de
629 2178 718 2222 quo
732 2161 964 2222 Apostolus
978 2162 1181 2221 gentibus
1197 2162 1301 2206 dicit
1319 2181 1327 2207 :
1343 2181 1363 2204 «
1384 2165 1468 2207 Vos

79 2252 100 2275 »
134 2248 238 2292 ergo
272 2233 459 2277 Abrahae
492 2248 642 2276 semen
677 2234 804 2288 estis,
854 2233 1098 2277 secundum
1135 2233 1466 2292 promissionem.

79 2321 100 2345 »
133 2302 369 2348 haeredes³.
394 2301 521 2347 »Sed
549 2303 755 2362 quoniam
788 2313 831 2346 et
862 2303 917 2346 de
948 2303 1023 2346 illo
1050 2302 1306 2348 Judaeorum
1339 2304 1467 2348 multi

74 2373 355 2419 crediderunt
379 2383 422 2418 et
449 2373 657 2418 credituri
680 2382 805 2430 sunt3
843 2375 967 2431 (nam
994 2373 1095 2416 inde
1123 2384 1243 2419 erant
1266 2384 1308 2419 et
1330 2379 1469 2435 Apos-

76 2443 178 2500 toli,
210 2443 314 2489 inde
341 2453 406 2489 tot
428 2443 561 2488 millia
583 2460 683 2503 quae
708 2443 753 2487 in
791 2443 1031 2488 Jerusalem
1065 2447 1281 2503 Apostolis
1304 2448 1462 2492 sociata

125 2535 135 2554 ¹
159 2532 251 2565 Rom.
276 2542 320 2572 ix,
342 2529 463 2564 23-25.
479 2547 517 2553 ·-
544 2536 556 2552 ²
579 2541 591 2562 1
614 2531 701 2562 Petr.
725 2541 757 2571 n,
781 2540 815 2571 9,
840 2541 890 2562 ιο.
915 2528 985 2552 --³
1008 2529 1078 2562 Gal.
1103 2540 1149 2573 111,
1170 2540 1223 2574 29.

1237 2599 1268 2624 A.
