1803 3250
23 0 29 93 l

13 319 18 459 s

2 462 15 768 ἐι

449 203 612 236 comm
644 202 860 243 nusum,
893 205 977 233 un.
1014 204 1124 232 xxn.
1423 195 1474 234 91

97 281 170 318 tur
186 307 198 327 ‚
233 272 321 317 sive
353 270 560 316 dicuntur
576 306 587 326 ‚
625 269 733 314 nihil
762 268 895 313 refert
915 269 960 312 in
982 269 1176 314 moribus
1197 267 1448 313 facientium
1465 304 1477 322 ‚

94 358 226 404 quam
247 342 424 387 laudem
446 341 879 402 reprehensionemve
898 350 1171 395 mereantur,
1197 341 1231 384 si
1253 339 1385 385 modo
1398 341 1480 385 ha-

94 414 199 459 bent
232 414 420 475 aliquam
455 413 537 468 rei,
563 428 648 472 qua
672 410 728 455 de
755 411 921 469 agitur,
958 411 1239 455 necessariam
1272 412 1479 471 praefigu-

93 485 218 530 randi
243 485 588 543 congruentiam.
621 484 740 529 Sicut
767 482 885 526 enim
915 483 1097 541 Ca'i'phae
1126 482 1172 525 in
1204 482 1442 541 Evangelio
1464 519 1477 539 ‚

91 565 306 617 quantum
327 555 382 599 ad
406 556 495 615 ejus
523 555 702 599 noxium
723 552 1103 613 perniciosumque
1125 552 1321 597 animum
1345 554 1481 611 perti-

89 627 220 671 nebat
237 662 249 682 ,
274 635 490 687 quantum
507 624 698 685 denique
715 623 771 668 ad
791 624 881 682 ipsa
901 622 1033 667 verba
1048 657 1060 675 ,
1086 623 1120 666 si
1140 623 1185 666 in
1205 622 1264 666 eis
1282 621 1482 668 volunta·

91 706 179 741 tem
201 696 385 741 dicentis
403 695 601 740 attendas
617 730 628 750 ‚
653 694 813 755 quibus
837 694 990 753 agebat
1009 702 1058 737 ut
1068 694 1211 754 justus
1227 694 1386 753 injuste
1404 710 1482 738 ne·-

87 776 285 822 caretur‚
311 767 465 826 utique
485 766 598 810 mala
619 774 742 810 erant
768 784 777 810 :
802 774 948 809 tamen
981 779 1189 823 magnum
1218 766 1385 810 bonum
1407 764 1484 810 illo

88 838 308 883 nesciente
338 837 643 896 significabant
659 872 670 892 ‚
709 837 887 897 quando
909 836 969 881 ait
995 855 1005 881 ε
1033 855 1053 880 ι(
1076 835 1265 896 Expedit
1287 844 1337 880 ut
1368 851 1483 882 unus

87 927 107 950 »
133 907 345 953 moriatur
365 909 499 952 homo
515 943 528 964 ‚
549 916 592 951 et
613 923 702 951 non
720 916 810 951 tota
829 922 933 965 gens
949 916 1098 966 pereat
1117 909 1128 932 ¹
1148 926 1158 952 ε
1184 925 1204 949 »
1225 907 1483 968 dictumque

82 979 137 1023 de
158 978 234 1023 illo
247 988 310 1023 est
330 998 339 1024 2
360 997 380 1020 «
400 980 494 1023 Hoc
506 987 653 1022 autem
666 993 689 1021 a
705 993 749 1022 se
762 993 851 1022 non
865 978 973 1022 dixit
984 1014 994 1033 ‚
1010 978 1086 1023 sed
1100 994 1199 1023 cum
1216 988 1326 1023 esset
1339 980 1484 1038 ponti-

85 1068 106 1092 »
130 1048 216 1104 fex,
231 1050 525 1108 prophetavit,
542 1049 644 1108 quia
661 1049 892 1107 oportebat
905 1052 929 1093 J
933 1065 1054 1093 esum
1068 1051 1178 1094 mori
1192 1066 1272 1109 pro
1281 1052 1478 1109 gente².»

84 1139 104 1163 »
132 1123 196 1165 Ita
211 1119 375 1164 factum
391 1118 520 1164 Judae
537 1119 778 1164 secundum
799 1117 915 1164 illius
934 1118 1161 1165 libidinem
1183 1120 1346 1165 malurn
1361 1120 1446 1165 fuit
1465 1156 1477 1176 ‚

81 1189 156 1235 sed
182 1190 259 1235 illo
280 1190 500 1234 nesciente
529 1204 738 1248 magnum
766 1189 934 1233 bonum
962 1189 1222 1248 significavit
1245 1209 1254 1235 :
1280 1206 1303 1235 a
1323 1205 1367 1235 se
1384 1192 1478 1249 ipso

79 1262 243 1323 quippe
258 1260 421 1306 malum
440 1260 544 1306 fecit
556 1296 568 1316 ‚
599 1261 676 1305 sed
693 1275 782 1305 non
798 1276 821 1304 a
838 1275 882 1304 se
902 1260 998 1320 ipso
1011 1261 1179 1306 bonum
1202 1262 1475 1320 significavit.

81 1336 175 1378 Hoc
197 1342 343 1378 autem
362 1368 373 1389 ,
400 1333 522 1393 quod
545 1332 784 1377 necessario
800 1330 1168 1391 praeloquendum
1185 1333 1361 1392 putavi,
1386 1348 1478 1378 non

79 1403 135 1448 ad
169 1404 253 1448 hoc
285 1403 590 1449 tantummodo
611 1403 739 1447 Judae
762 1401 930 1448 factum
948 1437 959 1457 ‚
991 1402 1067 1447 sed
1089 1404 1218 1448 etiam
1243 1402 1298 1448 ad
1319 1413 1478 1448 caetera

78 1474 221 1519 valeat
237 1509 248 1530 ‚
286 1475 320 1518 si
342 1490 428 1535 qua
449 1474 718 1520 occurrerint
734 1472 848 1518 mala
868 1488 999 1532 opera
1021 1474 1253 1518 hominum
1268 1509 1279 1530 ‚
1312 1475 1478 1534 quibus

80 1545 248 1590 bonum
271 1543 438 1606 aliquid
462 1562 486 1590 a
507 1554 711 1590 narrante
733 1545 1043 1604 prophetatum
1064 1554 1144 1589 est.

138 1617 380 1660 LXXXIV.
403 1618 456 1659 In
476 1616 662 1659 Thamar
678 1629 780 1673 ergo
798 1631 914 1660 nuru
930 1618 955 1660 J
960 1615 1058 1660 udae
1075 1614 1335 1675 intelligitur
1351 1615 1476 1676 plebs

78 1687 201 1745 regni
222 1685 479 1731 Judaeorum
495 1721 507 1741 ‚
538 1686 608 1731 cui
636 1685 692 1730 de
720 1686 839 1730 tribu
868 1686 983 1730 Juda
1006 1701 1127 1745 reges
1148 1695 1355 1746 tanquam
1378 1703 1473 1732 ma-

78 1757 148 1802 riti
183 1756 478 1802 adhibeantur
505 1775 514 1801 :
540 1756 696 1801 merito
730 1772 892 1802 nomen
926 1758 1018 1817 ejus
1050 1757 1307 1802 Amaritudo
1336 1758 1474 1802 inter-

77 1837 302 1889 pretatur,
332 1828 424 1887 ipsa
459 1828 575 1872 enim
607 1828 794 1873 Domino
828 1827 941 1872 fellis
970 1828 1177 1887 poculum
1208 1828 1345 1873 dedit.
1373 1831 1474 1876 Duo

76 1908 225 1944 autem
249 1914 407 1958 genera
437 1899 685 1958 principum
717 1899 795 1959 qui
828 1914 916 1943 non
950 1908 1065 1944 recte
1099 1899 1396 1958 operabantur
1428 1901 1473 1945 in

75 1970 204 2031 plebe
221 2006 232 2027 ‚
272 1987 410 2016 unum
448 1985 598 2015 eorum
638 1970 714 2030 qui
745 1970 931 2014 oberant
946 2005 958 2025 ‚
993 1969 1178 2014 alterum
1209 1985 1361 2015 eorum
1397 1972 1472 2031 qui

75 2041 185 2086 nihil
219 2043 457 2103 proderant
480 2077 491 2097 ‚
540 2042 841 2101 significantur
874 2042 918 2085 in
956 2041 1131 2086 duobus
1171 2041 1271 2087 filiis
1306 2045 1331 2087 J
1336 2042 1434 2087 udae
1458 2062 1468 2088 ε

71 2127 262 2173 quorum
284 2129 399 2158 unus
421 2121 514 2157 erat
542 2111 758 2171 malignus
792 2111 862 2158 vel
893 2128 1031 2157 saevus
1066 2122 1167 2158 ante
1199 2113 1435 2158 Dominum
1456 2148 1467 2170 ,

70 2182 180 2227 alter
193 2183 238 2227 in
257 2193 416 2228 terram
435 2182 652 2228 fundebat
668 2184 683 2210 ³
703 2218 714 2238 ,
739 2199 794 2227 ne
813 2198 960 2227 semen
982 2182 1104 2227 daret
1127 2183 1183 2228 ad
1203 2183 1471 2229 foecundan-

71 2255 173 2299 dam
196 2256 398 2300 Thamar.
425 2258 514 2301 Nec
539 2264 640 2300 sunt
665 2254 850 2315 amplius
872 2271 1003 2315 quam
1032 2255 1122 2299 duo
1144 2270 1301 2314 genera
1322 2256 1468 2301 homi-

70 2338 176 2367 num
200 2323 370 2367 inutilia
391 2326 537 2381 generi
558 2326 782 2383 humano3
808 2340 947 2370 unum
970 2326 1224 2370 nocentium
1243 2361 1253 2381 ‚
1279 2326 1465 2370 alterum

70 2402 275 2453 praestare
291 2394 538 2437 nolentium
555 2428 566 2448 ‚
591 2405 636 2437 et
654 2396 812 2456 siquid
830 2396 935 2440 boni
953 2396 1116 2440 habent
1132 2397 1177 2440 in
1194 2397 1275 2441 hac
1294 2406 1463 2441 terrena

72 2464 161 2508 vita
196 2462 476 2522 perdentium
497 2498 508 2518 ,
549 2472 761 2523 tanquam
795 2467 840 2507 in
874 2475 1032 2507 terram
1071 2465 1369 2510 fundentium.
1407 2469 1464 2511 Et

124 2553 132 2570 ¹
148 2549 239 2579 Joan.
255 2558 301 2590 ιι,
321 2547 372 2582 5ο.
389 2564 430 2571 -
446 2554 459 2571 ²
478 2547 560 2581 Ibid.
579 2546 634 2580 51.
650 2564 691 2572 —
707 2544 721 2570 3
739 2548 820 2580 Gen.
839 2556 976 2587 xxxvui,
992 2556 1024 2589 7.
