1803 3250
338 180 414 217 192
783 187 815 212 s.
854 183 1082 212 Aucus'rim
1117 186 1296 213 Et‘tSCOl‘t

336 263 545 314 puuutur,
571 251 685 295 uude
703 259 871 295 constat
895 266 983 294 essc
1005 251 1299 309 Hippocratis,
1326 249 1443 293 unde
1468 251 1501 293 si
1523 252 1618 310 quis
1641 252 1719 296 lior.

332 332 477 381 neget,
508 337 587 365 nec
613 321 764 365 saltem
788 320 1014 375 refellitur,
1040 320 1114 365 scd
1134 320 1320 375 ridetur,
1345 321 1425 364 nisi
1444 320 1545 379 quia
1569 322 1626 365 sic
1649 337 1721 366 cos

330 395 385 437 ab
407 393 500 451 ipso
522 391 791 450 Hippocratis
812 400 1005 450 tempore
1025 407 1161 451 usquc
1180 392 1234 435 ad
1253 392 1335 436 hoc
1351 400 1520 449 tempus
1536 400 1578 434 et
1596 391 1722 435 dein-

331 478 430 522 ceps
466 462 743 507 successionis
777 463 905 506 series
937 461 1288 516 commendavit,
1320 471 1371 506 ut
1399 462 1499 506 hinc
1521 461 1723 506 dubitare

330 534 542 579 dementis
560 535 613 577 sit
630 536 647 578 P
672 533 883 589 Platonis,
912 534 1152 579 Aristotelis
1167 570 1177 589 ,
1209 535 1429 579 Ciceronis
1448 569 1458 589 ,
1487 535 1693 579 Varronis
1710 569 1721 590 ,

331 606 604 666 aliorumque
640 606 851 666 ejusmodi
885 615 1115 650 auctorum
1151 605 1282 651 libros
1300 642 1310 660 ,
1350 605 1466 650 unde
1508 615 1722 650 noverunt

332 678 529 723 homines
543 677 665 738 quod
687 678 879 737 ipsorum
899 679 1000 731 sint,
1027 678 1106 721 nisi
1126 676 1278 720 cadem
1296 686 1541 735 temporum
1553 677 1726 721 sibimet

331 749 658 794 succedentium
677 749 994 794 contestatione
1017 748 1258 791 continua?
1277 747 1407 792 Multi
1427 748 1564 792 multa
1582 747 1635 792 de
1653 748 1726 792 lit-

334 823 432 867 teris
456 821 763 865 Ecclesiasticis
781 820 1147 877 conscripserunt,
1171 834 1259 863 non
1273 819 1451 880 quidem
1471 820 1727 865 auctoritate

330 893 554 946 canonica,
575 891 650 935 sed
668 890 815 950 aliquo
838 888 1073 949 adjuvandi
1092 889 1237 934 studio
1261 890 1349 934 sive
1368 889 1576 933 discendi.
1602 888 1727 934 Unde

332 971 502 1007 constat
523 960 630 1020 quid
652 961 775 1019 cujus
798 960 868 1013 sit,
897 960 977 1003 nisi
995 960 1097 1019 quia
1115 959 1182 1003 his
1205 959 1473 1019 temporibus
1495 960 1656 1020 quibus
1679 976 1728 1004 ea

332 1034 518 1094 quisque
541 1031 727 1090 scripsit,
748 1031 908 1090 quibus
933 1030 1075 1089 potuit
1096 1031 1330 1074 insinuavit
1352 1040 1484 1091 atque
1503 1029 1662 1086 edidit,
1687 1040 1731 1074 et

334 1104 436 1150 inde
452 1105 497 1148 in
516 1103 620 1147 alios
634 1111 765 1162 atque
780 1102 885 1146 alios
896 1102 1150 1146 continuata
1162 1101 1315 1146 notitia
1327 1100 1544 1161 latiusque
1558 1102 1729 1146 firmata

335 1176 388 1222 ad
407 1185 616 1236 posteros,
638 1174 767 1218 etiam
787 1188 925 1233 usque
943 1172 997 1216 ad
1020 1181 1166 1217 nostra
1188 1182 1386 1232 tempora
1410 1182 1727 1231 pervenerunt,

333 1248 392 1293 ita
420 1256 468 1292 ut
491 1245 744 1304 interrogati
767 1245 891 1304 cujus
918 1243 1102 1303 quisque
1127 1242 1239 1287 liber
1261 1243 1338 1297 sit,
1372 1259 1461 1288 non
1484 1244 1731 1288 haesitemus

335 1319 443 1379 quid
477 1317 737 1378 respondere
771 1316 1042 1360 debeamus?
1074 1314 1155 1359 Sed
1187 1315 1293 1374 quid
1316 1330 1493 1374 pergam
1527 1316 1570 1358 in
1602 1315 1732 1375 longe

337 1392 584 1451 praeterita?
602 1392 714 1434 Ecce
738 1389 836 1433 istas
854 1387 1017 1432 litteras
1041 1402 1147 1446 quas
1168 1387 1379 1432 habemus
1398 1388 1441 1431 in
1459 1388 1677 1443 manibus,
1699 1388 1731 1432 si

337 1472 434 1523 post
455 1463 730 1522 aliquantum
753 1470 926 1519 tempus
943 1459 1043 1503 vitae
1061 1459 1191 1518 hujus
1207 1467 1381 1514 nostrae,
1404 1459 1474 1503 vel
1494 1458 1588 1503 illas
1611 1460 1732 1519 quis*

335 1550 466 1596 quam
490 1533 639 1577 Fausti
656 1547 762 1586 esse,
787 1531 857 1576 vel
881 1532 955 1575 lias
974 1539 1102 1589 neget
1125 1545 1214 1574 esse
1237 1546 1379 1587 meas,
1407 1530 1526 1575 unde
1548 1531 1732 1577 convin-

336 1606 466 1660 citur,
494 1603 573 1648 nisi
593 1603 696 1663 quia
718 1602 781 1646 illi
797 1602 874 1662 qui
896 1617 1014 1645 nunc
1032 1601 1111 1645 ista
1130 1610 1363 1656 noverunt,
1393 1602 1593 1646 notitiam
1611 1618 1735 1648 suam

338 1676 393 1721 ad
407 1676 536 1734 longe
553 1675 683 1720 etiam
702 1682 795 1732 post
810 1672 982 1718 futuros
996 1673 1259 1717 continuatis
1272 1682 1545 1733 posterorum
1564 1689 1734 1719 succes-

339 1746 533 1792 sionibus
556 1744 811 1806 trajiciunt?
833 1746 942 1797 Quae
965 1758 1066 1788 cum
1084 1743 1143 1787 ita
1165 1744 1272 1799 sint,
1295 1744 1392 1805 quis
1408 1744 1586 1789 tandem
1613 1753 1736 1790 tanto

341 1817 490 1862 furore
508 1825 712 1871 caecatur,
738 1815 819 1859 nisi
842 1813 1161 1858 daemoniorum
1187 1815 1624 1876 mendaciloquorum
1644 1830 1735 1861 ma-

339 1888 443 1932 litiae
470 1896 601 1947 atque
622 1884 808 1930 fallaciae
829 1884 1146 1930 consentiendo
1168 1885 1400 1931 subversus
1417 1887 1496 1941 sit,
1523 1888 1600 1947 qui
1621 1886 1738 1932 dicat

340 1959 424 2004 hoc
446 1958 600 2003 mereri
626 1971 717 2002 non
734 1956 923 2016 potuisse
945 1955 1257 2016 Apostolorum
1281 1956 1542 2013 Ecclesiam,
1575 1966 1663 2002 tam
1683 1959 1735 2002 fi-

342 2029 443 2074 dam
464 2064 474 2083 ,
513 2038 601 2074 tam
630 2025 1130 2072 numerosam‘sratrum
1166 2028 1473 2084 concordiam,
1509 2037 1558 2073 ut
1587 2044 1737 2074 eorum

342 2100 501 2160 scripta
518 2098 705 2144 fideliter
728 2098 783 2143 ad
812 2107 1004 2158 posteros
1023 2099 1281 2159 trajicerent,
1299 2115 1400 2144 cum
1418 2115 1571 2145 eorum
1590 2102 1735 2145 cathe-

344 2171 442 2217 dras
464 2186 603 2231 usque
626 2170 682 2215 ad
704 2179 937 2231 praesentes
961 2171 1198 2230 Episcopos
1216 2171 1452 2216 certissima
1468 2172 1738 2217 successione

346 2242 626 2297 servaverint,
652 2256 754 2286 cum
776 2241 860 2286 hoc
881 2240 1271 2301 qualiumcumque
1299 2242 1528 2287 hominum
1547 2243 1737 2302 scriptis,

347 2315 436 2360 sive
454 2323 574 2358 extra
594 2313 848 2369 Ecclesiam,
874 2313 962 2359 sive
982 2313 1027 2357 in
1046 2314 1136 2372 ipsa
1158 2313 1366 2371 Ecclesia,
1393 2324 1512 2359 tanta
1535 2313 1741 2358 facilitate

348 2386 609 2445 proveniat?

410 2459 509 2501 VII.
545 2456 628 2501 Sed
643 2455 874 2510 contraria,
893 2455 1052 2513 inquit,
1073 2454 1183 2498 inter
1200 2469 1244 2498 se
1265 2454 1422 2514 scripta
1440 2470 1592 2500 eorum
1615 2472 1741 2516 repe-

351 2528 538 2573 riuntur.
562 2527 739 2586 Maligni
758 2526 873 2572 malo
895 2524 1040 2571 studio
1056 2524 1214 2585 legitis,
1236 2526 1358 2572 stulti
1377 2542 1467 2573 non
1484 2527 1738 2587 intelligitis,
