1803 3250
342 197 425 237 416
774 211 807 235 s.
845 207 1075 237 AUGUSTtNt
1111 209 1291 237 nrrscom

340 276 418 318 Hie
440 272 645 330 evigilent
660 307 673 327 ‚
692 273 725 316 si
745 283 940 331 possunt,
960 275 1036 333 qui
1057 277 1214 332 Legem
1233 275 1308 318 Dei
1323 283 1453 335 atque
1476 277 1566 335 ejus
1582 279 1725 323 minis-

337 354 449 388 trum
469 346 651 400 Moysen
672 358 788 388 caeco
815 354 858 388 et
889 344 1052 390 furioso
1084 344 1216 390 corde
1250 346 1592 405 reprehendunt.
1621 348 1724 394 Ideo

333 415 495 474 quippe
518 423 581 458 est
602 414 858 460 ministratio
884 417 1054 472 mortiS‚
1081 417 1182 476 quia
1212 426 1438 475 peecatum
1463 433 1540 477 per
1558 419 1725 464 bonum

331 494 559 544 operatum
577 494 642 530 est
659 496 844 531 mortem
865 506 872 531 :
895 486 992 532 ideo
1021 497 1083 531 est
1113 488 1371 533 ministratio
1402 488 1694 536 damnationis
1710 526 1722 547 ‚

329 558 431 617 quia
452 567 678 618 peceatum
696 574 772 619 per
798 561 960 604 bonum
979 569 1208 620 operatum
1224 569 1288 606 est
1308 560 1654 607 damnationem.

388 631 550 674 XXIX.
582 632 680 676 Non
711 640 860 676 autem
882 647 1033 676 omnes
1064 632 1139 692 qui
1163 633 1397 678 Christiani
1420 632 1719 694 appellantur,

326 702 379 746 ad
413 703 636 748 Christum
671 712 900 749 transeunt
921 724 930 749 ε
957 703 1033 748 sed
1067 704 1227 764 quibus
1262 705 1461 750 aufertur
1496 706 1719 763 velamen,

323 773 444 835 quod
465 775 510 819 in
529 775 716 821 lectione
738 777 906 821 Veteris
931 776 1196 820 Testamenti
1215 786 1375 821 manet.
1395 777 1477 831 Qui
1491 778 1604 822 enim
1621 787 1724 823 sunt

321 846 367 891 in
389 849 545 892 Vetere
574 850 851 893 Testamento
867 884 877 903 ,
910 847 1176 908 impediente
1197 848 1412 894 velamine
1432 885 1443 905 ‚
1482 865 1563 895 nec
1586 852 1722 895 Vetus

322 918 598 978 intelligunt,
625 935 705 965 nee
727 922 900 965 Novum
931 938 939 964 :
967 920 1043 980 qui
1067 929 1214 965 autem
1243 930 1472 966 transeunt
1488 922 1543 967 ad
1570 923 1722 968 Chris*

323 999 417 1034 tum
435 1025 446 1045 ‚
471 1000 640 1036 remoto
680 991 896 1037 velamine
917 1007 994 1051 per
1014 995 1186 1037 Novum
1203 1028 1213 1048 ‚
1248 993 1496 1052 intelligunt
1518 1003 1561 1038 et
1584 997 1720 1039 Vetus

318 1070 362 1106 et
392 1064 581 1107 Novum.
620 1063 798 1108 Utinam
831 1072 873 1108 et
910 1063 979 1107 isti
1013 1064 1115 1108 caeci
1148 1074 1473 1124 oppugnatores
1515 1065 1639 1124 Legis
1676 1074 1719 1110 et

318 1134 653 1193 Prophetarum,
686 1134 745 1179 sic
768 1142 989 1178 transeant
1006 1134 1061 1178 ad
1082 1135 1305 1180 Christum
1323 1171 1334 1189 ,
1379 1145 1427 1180 ut
1451 1151 1541 1180 non
1564 1136 1650 1180 sint
1674 1136 1719 1180 in

315 1204 403 1261 eis,
440 1206 484 1251 in
519 1206 680 1267 quibus
708 1205 962 1251 obvelatum
986 1216 1049 1250 est
1084 1216 1127 1250 et
1159 1206 1304 1266 ipsum
1330 1207 1634 1266 Evangelium.
1664 1211 1717 1251 ln

315 1276 380 1320 his
405 1277 523 1321 enim
545 1278 620 1338 qui
642 1286 850 1337 pereunt,
876 1292 964 1321 esse
988 1277 1242 1322 obvelatum
1264 1279 1323 1322 ait
1340 1278 1574 1337 Apostolus
1593 1314 1603 1333 ,
1635 1278 1718 1321 «in

316 1365 336 1389 »
364 1348 526 1409 quibus
544 1352 657 1393 Deus
682 1348 830 1393 saeeuli
848 1349 979 1409 hujus
1003 1350 1234 1394 excaecavit
1254 1358 1420 1393 mentes
1442 1348 1689 1393 infidelium
1704 1383 1715 1403 ‚

315 1438 335 1461 »
362 1429 412 1464 ut
432 1436 523 1465 non
546 1420 713 1480 fulgeat
736 1420 1000 1464 illuminatio
1029 1420 1254 1479 Evangelii
1270 1420 1418 1478 gloriae
1437 1421 1613 1475 Christi,
1636 1423 1712 1480 qui

314 1509 335 1533 »i
361 1501 425 1536 est
442 1493 588 1551 imago
607 1492 726 1536 Dei¹.
749 1510 768 1533 »
798 1492 881 1536 Ubi
901 1492 1028 1536 miser
1045 1492 1124 1536 iste
1148 1495 1286 1536 Deum
1305 1491 1453 1536 saeculi
1477 1493 1606 1552 hujus
1618 1491 1714 1537 vult

310 1561 494 1621 intelligi
516 1561 682 1607 malum
712 1582 720 1607 ;
748 1571 960 1622 tanquam
982 1561 1044 1606 illi
1069 1562 1263 1607 servierit
1289 1565 1460 1620 Moyses
1489 1563 1534 1607 in
1558 1566 1714 1608 Vetere

311 1636 606 1689 Testamento,
631 1633 756 1694 quasi
780 1634 862 1678 hoc
895 1632 1130 1693 Apostolus
1164 1633 1335 1678 dixerit.
1359 1634 1444 1678 Ubi
1474 1634 1507 1678 si
1537 1649 1710 1679 necesse

308 1716 417 1751 esset
439 1705 622 1764 intelligi
652 1709 791 1750 Deum
819 1704 967 1750 saeeuli
990 1705 1120 1765 hujus
1140 1740 1151 1760 ‚
1187 1704 1319 1749 deum
1348 1705 1603 1764 impiorum,
1630 1707 1712 1751 hoc

308 1787 385 1833 est,
412 1777 637 1822 diabolum
659 1797 670 1835 3
693 1797 708 1817 «
728 1777 949 1831 Quoniam
969 1791 1121 1821 omnes
1139 1775 1200 1820 dii
1218 1775 1416 1835 gentium
1434 1775 1667 1832 daemonia,
1688 1796 1708 1819 »

308 1858 350 1893 et
374 1849 527 1909 utique
549 1848 690 1894 multo
710 1850 896 1893 maxime
920 1849 1120 1908 princeps
1148 1846 1467 1892 daemoniorum
1489 1867 1496 1892 :
1519 1864 1609 1893 non
1628 1850 1709 1892 mi-

307 1936 405 1965 rum
425 1931 561 1977 esset,
586 1919 948 1981 quandoquidem
965 1919 1260 1979 quorumdam
1278 1917 1385 1962 deus
1407 1919 1537 1963 etiam
1557 1929 1709 1964 venter

306 2003 370 2039 est
391 1993 533 2039 dictus
563 2013 571 2039 :
600 1994 660 2038 ait
687 1994 802 2037 enim
837 1991 1071 2052 Apostolus
1099 2010 1107 2036 :
1146 1993 1385 2044 «Quorum
1418 1991 1525 2036 deus
1557 2001 1709 2037 venter

310 2083 330 2108 »
361 2069 473 2116 est23
497 2087 513 2106 »
536 2080 616 2109 nee
633 2064 731 2110 ideo
756 2065 862 2108 deus
885 2073 1037 2108 venter
1061 2072 1139 2107 est.
1167 2065 1231 2107 Ita
1255 2063 1289 2106 si
1317 2071 1460 2122 potest
1487 2062 1574 2108 dici
1600 2063 1708 2109 deus

306 2138 435 2199 hujus
457 2136 605 2183 saeculi
626 2137 828 2182 diabolus
847 2172 857 2191 ,
884 2151 973 2180 non
995 2136 1095 2179 ideo
1121 2134 1322 2179 diabolus
1347 2134 1455 2179 deus
1480 2144 1571 2192 est3
1604 2136 1708 2195 quia

305 2225 386 2255 nec
406 2210 621 2255 daemonia
639 2217 742 2253 sunt
759 2207 842 2263 dii,
863 2207 1061 2268 quamvis
1077 2205 1137 2250 dii
1152 2207 1345 2264 gentium
1364 2206 1450 2251 sint
1466 2206 1701 2252 daemonia.

307 2284 454 2327 Potest
475 2282 639 2342 quippe
662 2280 872 2326 saeculum
890 2279 935 2324 in
951 2278 1066 2324 malo
1090 2278 1273 2336 intelligi
1294 2297 1302 2323 :
1325 2277 1443 2323 unde
1461 2278 1568 2323 dicit
1583 2294 1705 2339 apos-

306 2352 421 2398 tolus
439 2357 591 2398 Petrus
611 2372 620 2398 :
650 2371 667 2393 «
687 2352 852 2411 Eripite
868 2366 943 2396 vos
961 2350 1015 2394 de
1036 2349 1238 2409 praesenti
1253 2348 1414 2394 saeculo
1433 2349 1623 2408 maligno
1637 2352 1668 2393 3.
1681 2370 1699 2391 »

308 2425 393 2471 Sed
414 2441 515 2471 cum
534 2424 642 2470 alter
659 2433 805 2485 pateat
828 2421 1099 2477 intellectus,
1121 2420 1229 2481 quid
1248 2436 1420 2466 neeesse
1438 2432 1503 2467 est
1520 2422 1590 2466 hie
1606 2420 1702 2466 dia-

303 2496 457 2544 bolum
479 2507 632 2557 putare
653 2497 964 2557 significatum,
987 2511 1036 2540 ae
1059 2510 1150 2539 non
1180 2495 1322 2554 potius
1346 2498 1485 2539 Deum
1515 2509 1697 2550 verum,

354 2591 363 2608 ¹
391 2592 412 2618 2
433 2585 504 2619 Cor·
525 2594 571 2626 iv,
589 2583 622 2626 4.
638 2599 679 2607 --
696 2590 709 2607 ²
732 2583 844 2627 Philip.
863 2594 911 2625 111,
935 2594 984 2626 19.
1002 2598 1042 2605 —
1061 2580 1073 2605 3
1092 2581 1170 2614 Psal.
1197 2591 1269 2619 xcv,
1286 2580 1326 2622 53
1352 2589 1371 2615 2
1391 2582 1477 2614 Petr.
1499 2592 1522 2615 1.
