1803 3250
592 197 645 223 uz
679 192 849 222 NATURA
883 196 994 222 nom.
1404 188 1487 226 255

106 275 203 305 cum
223 260 370 304 debita
387 259 599 316 redditur,
620 259 739 319 nulla
757 267 822 302 est
839 259 1042 318 iniquitas
1064 259 1182 319 apud
1202 263 1336 304 Deum
1353 279 1362 305 ε
1384 263 1486 322 quia

103 330 257 375 melius
272 331 497 375 ordinatur
512 339 680 384 natura,
695 338 744 373 ut
756 329 871 388 juste
888 328 1033 374 doleat
1048 330 1092 373 in
1108 330 1338 391 supplicio,
1354 348 1487 393 quam

101 410 153 446 ut
172 402 350 461 impune
380 400 565 460 gaudeat
584 401 628 444 in
652 407 844 458 peccato.
870 401 978 452 Quae
996 409 1141 444 tamen
1166 401 1296 446 etiam
1325 403 1384 447 sic
1408 403 1487 448 ha-

99 471 207 517 bens
231 472 491 518 nonnullum
515 470 694 516 modum
716 479 760 514 et
781 470 966 529 speciem
997 480 1040 514 et
1074 472 1287 527 ordinem,
1312 474 1356 517 in
1378 490 1489 535 qua-

99 558 288 603 cumque
321 541 588 586 extremitate
619 540 764 585 adhuc
801 540 980 600 aliquod
1010 540 1175 585 bonum
1208 552 1302 588 est:
1334 560 1433 604 quae
1455 546 1488 590 si

91 614 270 660 omnino
287 612 588 668 detrahantur,
607 621 651 657 et
668 611 840 672 penitus
856 621 1233 668 consummantur,
1261 615 1359 660 ideo
1380 616 1486 660 nul-

95 683 186 729 lum
206 685 369 730 bonurn
388 685 484 738 erit,
502 683 604 745 quia
621 683 741 727 nulla
759 693 914 727 natura
930 684 1189 728 remanebit.

151 758 207 801 X.
242 758 402 802 Omnes
419 756 552 815 igitur
568 764 736 800 naturae
757 754 1076 815 corruptibiles,
1103 769 1183 798 nec
1202 755 1381 800 omnino
1400 772 1480 801 na-

96 836 204 872 turae
225 836 381 883 essent,
404 827 484 871 nisi
502 843 525 871 a
544 829 632 871 Deo
649 835 816 885 essent,
846 840 925 870 nec
945 824 1252 885 corruptibiles
1271 836 1430 883 essent,
1454 828 1488 872 si

91 896 146 943 de
180 897 255 942 illo
286 906 442 952 essent,
474 897 577 957 quia
599 898 680 943 hoc
710 897 831 958 quod
859 897 950 957 ipse
979 905 1043 942 est
1066 906 1222 942 essent.
1250 897 1356 942 Ideo
1380 913 1487 958 ergo

93 983 375 1028 quocumque
394 968 542 1022 modo,
558 981 838 1028 quacumque
855 967 1013 1027 specie,
1036 983 1318 1029 quocumque
1335 969 1488 1014 ordine

93 1048 210 1094 sunt,
247 1039 350 1099 quia
384 1041 498 1083 Deus
530 1048 594 1082 est
615 1055 637 1082 a
657 1054 745 1099 quo
770 1037 898 1084 factae
933 1048 1063 1083 sunt:
1089 1038 1190 1083 ideo
1215 1048 1364 1084 autem
1397 1056 1487 1085 non

92 1109 471 1155 incommutabiles
492 1120 609 1166 sunt,
635 1111 737 1171 quia
757 1110 867 1154 nihil
892 1120 956 1155 est
977 1110 1096 1156 unde
1120 1111 1245 1156 sactae
1263 1121 1380 1156 sunt.
1408 1115 1485 1158 Sa-

92 1181 248 1240 crilega
270 1182 386 1225 enim
411 1180 591 1225 audacia
612 1189 896 1241 coaequantur
920 1181 1028 1226 nihil
1058 1191 1101 1227 et
1128 1185 1264 1238 Deus,
1301 1183 1335 1226 si
1357 1182 1486 1243 quale

93 1261 156 1297 est
182 1251 292 1297 illud
313 1251 434 1312 quod
456 1250 510 1296 de
535 1254 623 1296 Deo
645 1261 796 1296 natum
820 1260 898 1307 est,
931 1252 1015 1297 tale
1045 1252 1228 1298 velimus
1258 1268 1348 1299 esse
1375 1252 1486 1298 illud

43 1317 46 1320 ’
93 1323 215 1384 quod
230 1323 285 1369 ab
302 1339 353 1368 eo
371 1321 426 1368 de
444 1321 582 1368 nihilo
599 1321 765 1368 factum
784 1333 862 1368 est.

150 1397 230 1439 XI.
266 1397 541 1455 Quapropter
562 1410 642 1439 nee
664 1404 832 1440 naturae
856 1395 931 1439 Dei
957 1395 1105 1440 noceri
1128 1396 1308 1440 omnino
1324 1403 1483 1456 potest,

92 1481 172 1510 nec
201 1465 330 1511 alicui
365 1475 533 1511 naturae
554 1466 636 1510 sub
659 1469 748 1510 Deo
772 1466 915 1510 noceri
938 1466 1095 1526 injuste
1118 1476 1288 1526 potest:
1317 1466 1419 1527 quia
1443 1475 1486 1511 et

91 1553 192 1582 cum
214 1536 435 1598 peccando
453 1537 612 1597 injuste
636 1536 768 1598 aliqui
791 1547 978 1592 nocent,
1014 1538 1215 1583 voluntas
1244 1536 1403 1599 injusta
1425 1538 1484 1583 eis

91 1609 355 1669 imputatur,
378 1617 566 1669 potestas
585 1617 730 1653 autem
748 1625 834 1669 qua
856 1624 1013 1654 nocere
1037 1609 1366 1670 permittuntur,
1394 1625 1484 1654 non

92 1689 155 1724 est
174 1680 256 1724 nisi
277 1696 300 1724 a
325 1683 428 1734 Deo,
454 1679 529 1740 qui
551 1689 594 1724 et
609 1680 710 1740 ipsis
735 1680 1025 1724 nescientibus
1046 1680 1168 1726 novit
1186 1680 1295 1741 quid
1315 1679 1378 1724 illi
1395 1680 1483 1740 pati

91 1751 296 1806 debeant,
315 1751 475 1811 quibus
491 1767 563 1796 eos
579 1766 735 1796 nocere
751 1751 977 1811 permittit.

149 1825 248 1868 XII.
287 1825 391 1868 Haec
413 1823 558 1867 omnia
591 1832 677 1867 tam
704 1823 950 1883 perspicua,
985 1832 1073 1867 tam
1097 1832 1238 1878 certa,
1264 1824 1298 1869 si
1319 1821 1484 1868 vellent

92 1892 330 1949 advertere,
371 1893 448 1953 qui
476 1892 603 1937 aliam
630 1901 827 1937 naturam
849 1892 1085 1947 inducunt,
1108 1909 1238 1953 quam
1264 1909 1353 1938 non
1375 1893 1482 1938 fecit

91 1968 230 2024 Deus,
249 1981 339 2010 non
355 1964 486 2010 tantis
500 1963 780 2024 blasphemiis
799 1963 1103 2024 implerentur,
1121 1974 1171 2009 ut
1189 1966 1293 2009 etin
1312 1978 1482 2009 summo

91 2035 207 2080 malo
228 2044 348 2079 tanta
370 2034 486 2079 bona
508 2043 722 2093 ponerent
737 2069 747 2088 ,
773 2043 816 2078 et
837 2034 882 2078 in
902 2037 990 2078 Deo
1013 2043 1133 2079 tanta
1157 2033 1284 2079 mala.
1314 2034 1483 2080 Sufficit

92 2107 225 2160 enim,
249 2115 299 2151 ut
319 2121 449 2166 supra
468 2105 571 2159 dixi,
597 2106 652 2150 ad
674 2121 825 2150 eorum
849 2106 1179 2161 correctionem,
1200 2106 1234 2150 si
1256 2105 1395 2150 velint
1416 2115 1482 2150 at-

90 2176 284 2233 tendere,
317 2175 439 2236 quod
465 2191 537 2220 eos
567 2175 698 2220 etiam
725 2175 883 2220 invitos
916 2175 1030 2234 cogit
1058 2176 1215 2220 veritas
1249 2176 1476 2232 confiteri,

93 2250 238 2294 omnia
272 2262 449 2308 prorsus
481 2246 597 2292 bona
628 2262 718 2292 non
746 2262 834 2292 esse
867 2247 948 2291 nisi
977 2263 1001 2292 a
1032 2250 1137 2292 Deo.
1173 2249 1269 2294 Non
1302 2262 1403 2306 ergo
1427 2248 1480 2292 ab

92 2317 176 2364 alio
205 2327 307 2364 sunt
339 2333 497 2377 magna
528 2318 671 2373 bona,
709 2326 752 2362 et
784 2317 839 2362 ab
873 2317 957 2363 alio
984 2333 1115 2378 parva
1150 2317 1297 2363 bona:
1333 2319 1409 2363 sed
1438 2327 1482 2363 et

94 2403 247 2447 magna
270 2396 315 2433 et
334 2403 467 2449 parva
488 2387 603 2433 bona
624 2403 713 2433 non
736 2396 838 2433 sunt
859 2387 941 2432 nisi
964 2404 987 2432 a
1005 2403 1176 2433 summo
1197 2388 1334 2445 bono,
1360 2388 1482 2450 quod

95 2461 208 2504 Deus
229 2467 307 2504 est.

153 2531 282 2576 XIII.
315 2530 718 2577 Commemoremus
734 2544 835 2589 ergo
864 2530 976 2575 bona
1001 2539 1163 2591 quanta
1191 2530 1474 2591 potuerimus,
