1803 3250
0 0 9 176 ἲ

1 177 5 197 1

0 202 5 486 Ι

0 489 2 566 i

424 250 587 280 CONTRA
619 252 897 280 sncunmnmr
930 250 1217 279 Manicnffimvr.
1431 242 1511 280 327

128 317 396 364 Manichaeus
418 318 473 361 de
496 318 667 362 Christo
685 330 838 360 verum
860 314 1015 360 dixerit
1041 337 1050 361 z
1085 317 1119 361 si
1149 326 1294 361 autem
1318 318 1516 364 Christus

129 403 274 434 veram
294 403 486 442 carnem,
507 397 551 431 et
567 387 665 431 ideo
682 401 829 431 veram
847 395 1049 441 mortem,
1070 402 1217 431 veram
1238 389 1517 434 resurrectio-

120 473 248 512 ·nem,
273 473 393 501 veras
406 457 625 502 cicatrices
639 455 846 511 ostendit,
866 465 972 500 tunc
986 456 1253 501 Manichacus
1276 458 1330 502 de
1344 459 1518 504 Christo

126 528 336 572 mentitus
357 528 425 571 sit.
447 529 508 571 Ac
527 541 602 585 per
624 527 707 570 hoc
730 525 775 569 id
797 526 974 570 interest
994 525 1037 570 in
1061 527 1143 571 hac
1165 542 1291 571 causa
1313 527 1427 572 inter
1449 544 1518 573 me

127 607 261 659 atque
282 607 346 652 te,
371 599 492 657 quod
514 606 564 641 tu
584 596 749 654 elegisti
770 611 969 640 veracem
993 596 1169 640 credere
1194 598 1485 643 Manichaeum
1504 634 1516 654 ,

129 669 352 716 Christum
371 668 591 713 credendo
613 666 812 712 fallacem
831 687 841 712 2
862 682 941 726 ego
963 676 1109 713 autem
1127 668 1420 713 Manichaeum
1440 686 1519 729 po—

131 740 233 793 tius,
261 740 372 783 sicut
397 738 452 782 de
477 738 568 782 aliis
593 739 740 793 rebus,
764 739 825 783 ita
850 737 904 782 de
930 739 1126 793 Christo,
1149 754 1282 798 quam
1302 740 1523 785 Christum

132 809 188 854 de
209 809 354 868 aliqua
376 824 437 864 re,
461 811 653 868 (quanto
671 810 805 868 magis
824 808 879 853 de
897 808 987 863 illa,
1009 809 1085 853 ubi
1107 825 1228 869 spem
1250 808 1524 855 credentium

133 880 321 927 maxime
339 880 498 939 posuit,
523 881 605 924 hoc
626 889 704 935 est,
732 880 786 924 de
801 896 876 924 sua
894 881 1092 940 passione
1111 889 1154 924 et
1172 881 1526 941 resurrectione,)

133 951 366 995 mentitum
384 952 402 994 P
418 953 526 995 Nam
554 951 631 1010 qui
652 950 758 994 dicit
780 969 788 995 ε
814 950 1000 1003 Quando
1028 952 1226 995 Christus
1252 961 1350 1011 post
1376 951 1524 1008 illam,

133 1037 234 1083 quae
258 1037 374 1066 mors
400 1022 491 1081 ejus
512 1029 665 1080 putata
686 1030 775 1076 est,
806 1023 1006 1081 apparuit
1028 1022 1256 1083 Discipulis
1279 1023 1522 1067 haesitanti-

133 1094 217 1137 bus
235 1126 248 1147 ,
288 1101 332 1136 et
366 1092 568 1150 spiritum
605 1106 649 1134 se
680 1090 829 1135 videre
856 1093 1114 1151 putantibus
1135 1127 1147 1147 ,
1177 1093 1356 1153 quando
1384 1094 1523 1138 dixit:

138 1182 160 1205 «
185 1162 367 1220 Tangite
388 1176 542 1205 manus
565 1175 682 1205 meas
710 1169 754 1204 et
781 1162 936 1220 pedes,
963 1171 1006 1206 et
1027 1161 1171 1207 videte
1186 1197 1198 1217 ‚
1227 1164 1330 1223 quia
1352 1164 1528 1222 spiritus

137 1251 159 1276 »
185 1247 361 1276 carnem
382 1240 426 1274 et
447 1246 541 1275 ossa
564 1246 652 1274 non
675 1231 833 1286 habet,
856 1233 967 1276 sicut
988 1248 1058 1276 me
1079 1232 1236 1277 videtis
1264 1234 1451 1277 habere¹
1474 1253 1484 1279 :
1506 1254 1524 1276 ι)

134 1301 315 1364 quando
336 1302 414 1345 uni
436 1316 590 1346 eorum
612 1301 793 1345 minime
814 1301 1010 1346 credenti
1032 1321 1042 1347 :
1068 1321 1088 1344 «
1106 1304 1255 1358 Mitte,
1275 1304 1441 1362 inquit,
1459 1304 1529 1348 di—

138 1393 160 1417 »
185 1374 295 1432 gitos
307 1374 353 1417 in
365 1372 478 1417 latus
493 1387 658 1427 meum,
675 1381 718 1416 et
732 1371 822 1416 noli
834 1388 924 1417 esse
937 1372 1206 1428 incredulus,
1223 1373 1297 1417 sed
1310 1373 1469 1418 fidelis?
1482 1393 1491 1418 :
1506 1392 1527 1416 »

135 1454 280 1490 totum
302 1445 387 1488 hoc
408 1458 498 1488 non
520 1442 731 1487 veraciter
754 1442 1028 1499 ostendebat,
1053 1444 1130 1488 sed
1151 1443 1432 1488 mendaciter.
1448 1445 1531 1498 Qui

134 1516 238 1572 hoc,
261 1515 465 1574 inquam,
490 1513 598 1557 dicit
616 1547 628 1567 ,
663 1528 754 1557 non
779 1511 1040 1573 praedicator
1056 1548 1068 1569 ,
1101 1514 1179 1559 sed
1208 1523 1433 1560 accusator
1466 1524 1532 1559 est

136 1586 314 1633 Christi.
342 1584 443 1641 Sed,
467 1584 630 1644 inquis,
654 1584 878 1630 Christum
899 1584 1109 1644 praedicat
1128 1585 1396 1630 Manichaeus
1416 1586 1532 1645 ejus-

136 1672 224 1719 que
245 1671 290 1701 se
311 1654 418 1700 dicit
434 1655 695 1715 apostolum.
721 1656 834 1700 Hinc
849 1656 994 1715 potius
1014 1655 1297 1701 detestandus
1316 1665 1448 1716 atque
1462 1655 1527 1701 fu-

138 1728 323 1788 giendus
341 1736 421 1771 est.
437 1728 547 1772 Nam
560 1727 655 1771 haee
667 1725 914 1772 accusando
927 1726 1107 1783 diceret,
1124 1743 1168 1772 se
1184 1727 1336 1772 saltem
1349 1729 1533 1787 jactaret

137 1807 374 1844 amatorem
386 1798 578 1843 veritatis
594 1797 818 1857 arguendo
830 1797 1005 1843 alterius
1020 1797 1251 1843 falsitatem
1270 1818 1280 1844 z
1296 1814 1415 1843 nunc
1428 1814 1532 1844 vero

138 1869 336 1914 nesciens
356 1869 649 1928 incautusque
670 1884 715 1912 se
735 1868 907 1928 prodit,
931 1869 1120 1929 satisque
1142 1868 1411 1914 demonstrat
1427 1868 1531 1913 dili-

139 1950 292 2001 genter
313 1941 602 1996 intuentibus,
627 1939 736 2001 quid
749 1950 849 2000 agat
867 1940 975 2000 ipse,
996 1940 1105 2001 quid
1123 1940 1290 2000 diligat,
1311 1939 1532 1986 laudando

140 2028 191 2057 ac
212 2010 498 2072 praedicando
525 2011 825 2055 mentientem.
850 2015 973 2070 Fuge
1002 2013 1167 2072 itaque,
1192 2012 1345 2066 amice,
1366 2020 1533 2055 tantam

116 2092 325 2144 pestem,
343 2097 399 2126 ne
415 2091 474 2138 te,
496 2081 618 2142 quod
631 2082 723 2126 fieri
743 2098 833 2127 non
850 2091 1006 2142 potest,
1026 2081 1220 2127 fallendo
1234 2083 1340 2127 velit
1357 2081 1533 2126 fidelem

138 2153 282 2199 facere
303 2153 572 2198 Manichaeus
595 2172 604 2198 z
629 2153 805 2214 qualem
828 2152 924 2197 vult
943 2152 1081 2198 videri
1098 2169 1121 2198 a
1144 2154 1319 2198 Christo
1338 2167 1430 2197 esse
1446 2151 1530 2197 fac-

139 2234 236 2270 tum
263 2223 390 2268 illum
410 2224 682 2283 Discipulum
704 2225 775 2268 cui
805 2224 940 2269 dixit:
971 2224 1136 2268 «Mitte
1162 2224 1318 2282 digitos
1350 2223 1395 2267 in
1417 2222 1532 2268 latus

142 2314 164 2338 »
191 2310 356 2350 meum,
380 2303 424 2338 et
439 2294 531 2339 noli
551 2309 639 2339 esse
659 2295 930 2351 incredulus,
954 2295 1030 2339 sed
1051 2295 1242 2340 fidelis.»
1268 2296 1389 2340 Sicut
1410 2295 1528 2339 enim

142 2367 252 2426 sapit
267 2364 515 2410 dulcissima
527 2365 698 2421 veritas,
709 2365 816 2426 quid
828 2365 948 2410 aliud
962 2365 1181 2426 Discipulo
1193 2366 1390 2411 Christus
1400 2365 1526 2421 dixit,

141 2437 240 2492 nisi,
257 2439 402 2494 Tange
417 2434 538 2496 quod
552 2444 688 2495 gesto,
707 2445 835 2494 tange
847 2436 968 2497 quod
981 2438 1110 2495 gessi,
1126 2446 1256 2495 tange
1271 2452 1419 2482 veram
1431 2452 1529 2481 car—

143 2524 263 2565 nem,
292 2517 423 2567 tange
447 2522 650 2552 verorum
671 2508 848 2566 vestigia
869 2508 1102 2554 vulnerum
1117 2543 1129 2563 ,
1161 2517 1290 2567 tange
1314 2523 1413 2554 vera
1434 2508 1528 2553 loca

195 2599 204 2616 ¹
225 2595 303 2626 Luc.
322 2603 425 2637 xxxvj
437 2592 491 2635 39.
508 2609 550 2616 —
564 2600 576 2616 ²
593 2594 685 2625 Joan.
702 2604 757 2634 xx,
778 2602 831 2634 27.
