1803 3250
357 260 407 298 257
414 262 440 298 6
791 269 823 296 s.
862 268 1091 298 Avensa-1111
1126 270 1306 299 nmscom

352 337 582 382 litudinem
600 337 826 381 hominum
843 338 964 382 fleret
983 348 1026 382 et
1041 338 1193 382 babitu
1210 338 1480 383 inveniretur
1496 347 1547 383 ut
1558 340 1691 384 homo
1709 343 1739 395 ¹,

354 411 396 451 in
413 408 580 467 judicio
602 424 778 468 quoque
803 410 1050 468 apparebit,
1077 425 1165 469 quo
1189 410 1306 453 vivos
1335 419 1378 453 et
1408 419 1602 454 mortuos
1621 410 1743 470 judi-

352 479 481 521 vabit.
523 478 626 522 Ideo
650 478 815 522 dictum
848 489 910 523 est
939 480 993 523 de
1022 484 1174 533 Patre,
1206 480 1327 539 quod
1360 498 1379 521 «
1407 482 1505 525 Non
1530 479 1744 540 judicabit

357 570 373 588 »
401 565 685 609 quemquam,
702 549 776 593 sed
794 550 1152 610 omnejudicium
1169 549 1289 594 dedit
1310 549 1421 595 Filio
1439 553 1472 595 ².
1497 569 1517 591 »
1542 554 1743 596 Formam

353 635 540 679 namque
555 620 598 663 in
616 621 788 665 Christo
806 621 882 664 filii
906 621 1095 665 hominis
1112 630 1217 666 tune
1236 621 1290 665 ab
1310 637 1360 665 eo
1374 619 1601 681 judicandi
1619 621 1744 666 vide-

355 692 462 734 bunt
486 691 622 750 impii,
647 691 702 735 de
725 692 887 752 quibus
918 692 1083 735 dietum
1108 701 1170 735 est
1205 712 1213 735 ε
1247 711 1266 732 α
1294 692 1520 735 Videbunt
1541 693 1585 735 in
1615 708 1745 751 quem

358 783 372 799 »
399 762 673 805 confixerunt
687 764 717 804 3.
740 780 759 803 »
782 762 859 805 Dei
878 777 980 806 vero
997 761 1182 805 formam
1198 761 1244 804 in
1259 761 1414 805 eodem
1436 761 1530 821 ipso
1546 763 1744 817 Christe,

351 849 434 891 qua
465 832 643 892 {equalis
674 842 737 876 est
763 833 905 887 Patri,
930 833 1084 892 utique
1110 848 1194 877 non
1221 832 1450 877 videbunt.
1486 832 1611 878 Unde
1645 837 1748 878 Pro—

354 904 497 962 pbetia
517 903 735 961 praecessit
763 923 770 947 z
803 922 822 944 «
851 903 1047 948 Tollatur
1069 904 1229 963 impius
1245 939 1255 958 ,
1282 912 1331 947 ut
1349 919 1438 948 non
1454 903 1597 949 videat
1617 904 1747 948 clari-

356 996 372 1015 »
397 984 528 1019 tatem
547 975 760 1019 Domini4.
785 993 804 1015 »
828 976 936 1028 Quia
952 975 1062 1019 etad
1080 976 1163 1019 hoc
1180 976 1372 1034 pertinet
1394 994 1402 1019 ε
1424 994 1443 1017 «
1460 976 1580 1019 Beati
1596 976 1746 1020 mundi

355 1066 372 1087 »
400 1047 529 1091 eorde
548 1082 557 1099 ,
587 1046 796 1106 quoniam
819 1046 898 1105 ipsi
928 1050 1066 1090 Deum
1091 1046 1307 1090 videbunt
1329 1048 1359 1090 ⁵,
1397 1065 1415 1087 »
1444 1046 1642 1106 Denique
1667 1048 1749 1091 hoc

351 1119 616 1178 apertissime
631 1127 813 1162 testatur
828 1154 837 1171 ,
859 1118 936 1162 ubi
955 1118 1061 1162 dicit
1084 1138 1091 1162 ;
1118 1137 1137 1159 «
1163 1121 1426 1162 Potestatem
1440 1116 1563 1161 dedit
1578 1118 1616 1161 ei
1630 1117 1751 1178 judi-

355 1208 372 1228 »
400 1190 515 1233 cium
538 1189 704 1243 facere,
731 1189 938 1248 quoniam
966 1188 1080 1233 filius
1104 1188 1294 1232 hominis
1326 1197 1391 1232 est
1411 1189 1443 1231 ⁶.
1478 1206 1499 1228 »
1523 1190 1621 1232 Non
1649 1203 1751 1246 ergo

351 1261 555 1320 quoniam
578 1259 713 1303 Filius
732 1260 808 1303 Dei
833 1269 924 1317 est,
952 1275 1051 1303 nam
1072 1257 1317 1303 secundum
1340 1259 1424 1302 hoc
1443 1267 1661 1302 coaeterna
1687 1258 1751 1302 illi

351 1347 450 1375 eum
480 1335 607 1376 Patre
629 1341 672 1375 et
700 1347 786 1375 una
810 1331 1052 1390 eademque
1076 1339 1266 1390 potestas
1295 1338 1360 1373 est
1391 1348 1399 1373 ε
1436 1328 1511 1372 sed
1541 1330 1750 1388 quoniam

351 1403 464 1446 filius
482 1403 669 1446 hominis
684 1412 763 1456 est,
786 1402 907 1461 quod
922 1418 1013 1446 esse
1036 1402 1172 1461 coepit
1195 1416 1246 1444 ex
1263 1409 1478 1459 tempore,
1496 1409 1546 1444 ut
1561 1409 1751 1460 potestas

351 1473 388 1515 ei
405 1473 581 1515 daretur
598 1473 642 1514 in
660 1482 871 1530 tempore.
891 1472 1017 1525 Quod
1034 1487 1123 1515 non
1142 1472 1201 1514 ita
1220 1471 1397 1526 dicitur,
1421 1480 1630 1531 tanquam
1654 1487 1748 1515 eam

351 1543 429 1585 sibi
450 1551 492 1585 et
515 1542 605 1600 ipse
626 1557 714 1585 non
735 1541 921 1597 dederit,
948 1542 992 1586 id
1011 1552 1097 1597 est,
1120 1550 1238 1584 ratu:
1253 1561 1286 1583 μ.-
1309 1542 1352 1585 in
1374 1557 1417 1586 se
1436 1542 1644 1586 humanae
1661 1558 1751 1587 non

351 1612 521 1655 dederit
545 1622 803 1671 potestatem
820 1612 893 1657 illa
919 1629 1019 1673 quae
1034 1614 1079 1657 in
1096 1628 1147 1658 eo
1166 1622 1324 1658 natura
1347 1612 1495 1658 divina
1522 1622 1587 1658 est
1611 1633 1620 1658 :
1640 1614 1752 1658 absit

352 1684 433 1727 boc
448 1682 639 1727 credere.
663 1684 898 1737 Quomodo
911 1684 1027 1728 enim
1043 1683 1211 1744 aliquid
1228 1683 1389 1729 faceret
1408 1687 1552 1740 Pater,
1572 1684 1655 1729 nisi
1675 1700 1752 1744 per

356 1754 633 1813 Unigenitum
660 1754 846 1798 Filium?
864 1757 951 1800 Nec
973 1755 1065 1799 sine
1088 1755 1251 1814 Spiritu
1270 1764 1421 1800 sancto
1434 1791 1444 1811 ,
1463 1756 1567 1816 quia
1586 1756 1751 1816 insepa-

353 1824 502 1868 rabilia
521 1834 622 1868 sunt
638 1840 766 1884 opera
792 1825 1028 1870 Trinitatis.
1058 1829 1119 1870 Ae
1141 1841 1220 1886 per
1243 1826 1328 1870 hoe
1346 1827 1467 1886 quod
1490 1835 1749 1885 potestatem

356 1896 465 1940 Filio
482 1895 604 1939 dedit
623 1897 829 1955 quoniam
851 1896 966 1939 filius
983 1896 1174 1940 hominis
1190 1904 1271 1952 est,
1293 1911 1370 1956 per
1384 1896 1588 1941 eumdem
1606 1897 1748 1956 ipsum

352 1967 431 2024 ipsi
459 1965 581 2010 dedit
601 1967 810 2026 quoniam
834 1966 968 2010 Filius
989 1967 1066 2009 Dei
1096 1975 1174 2010 est.
1207 1985 1227 2008 «
1257 1967 1415 2010 Omnia
1443 1967 1559 2011 enim
1582 1983 1660 2028 per
1681 1969 1751 2027 ip-

358 2057 375 2077 »
409 2053 505 2081 sum
528 2039 642 2082 facta
676 2048 799 2092 sunt,
832 2047 875 2081 et
897 2039 988 2082 sine
1008 2039 1101 2097 ipso
1124 2037 1291 2082 factum
1322 2048 1386 2084 est
1411 2038 1523 2082 nihil
1554 2041 1586 2082 ⁷.
1616 2057 1636 2080 »
1669 2039 1752 2084 Sed

356 2110 593 2154 honorifice
622 2119 665 2154 et
688 2118 989 2169 competenter
1020 2109 1176 2153 tribuit
1207 2110 1324 2153 Patri
1353 2111 1474 2170 quod
1504 2110 1635 2154 etiam
1661 2111 1752 2170 ipse

354 2181 457 2225 facit
482 2192 530 2226 ut
554 2186 692 2239 Deus,
717 2183 818 2242 quia
838 2182 893 2225 de
917 2185 1044 2225 Patre
1061 2191 1123 2225 est
1147 2184 1276 2225 Deus.
1305 2184 1402 2241 Ipse
1424 2197 1615 2242 namque
1638 2185 1752 2227 Deus

354 2263 417 2295 est
440 2252 494 2296 de
518 2256 607 2297 Deo
635 2273 642 2297 :
672 2256 797 2297 Pater
819 2261 966 2295 autem
995 2255 1132 2307 Deus,
1158 2251 1234 2296 sed
1256 2268 1346 2297 non
1369 2253 1424 2296 de
1445 2256 1551 2297 Deo.

417 2342 434 2363 «
464 2322 659 2378 Audivit,
685 2323 908 2383 inquiunt,
924 2338 946 2366 a
971 2326 1097 2367 Patre
1115 2342 1122 2367 :
1141 2322 1243 2367 sede
1257 2323 1311 2368 ad
1325 2322 1548 2368 dexteram
1563 2325 1748 2378 meamss,

355 2402 397 2436 et
433 2393 530 2438 ideo
565 2393 676 2438 sedit
718 2394 774 2438 ad
812 2393 1034 2438 dexteram
1061 2394 1197 2439 Patris
1231 2413 1239 2438 ε
1282 2412 1302 2435 »
1335 2403 1547 2454 tanquam
1570 2403 1750 2454 paterna

405 2521 412 2536 ¹
438 2514 550 2556 Philip.
581 2526 614 2556 ii,
646 2526 675 2556 7.
693 2532 734 2537 —
751 2522 763 2536 2
791 2517 882 2546 Joan.
913 2525 945 2556 v,
974 2523 1026 2546 22.
1043 2532 1085 2538 —
1102 2514 1114 2535 3
1147 2514 1239 2546 Zach.
1264 2523 1324 2553 xii,
1356 2526 1415 2557 1⁰3
1437 2517 1529 2548 Joan.
1553 2526 1618 2557 iux,
1638 2515 1692 2555 37.
1711 2532 1750 2537 --

356 2569 370 2595 Δ
390 2571 460 2603 lsai.
481 2582 570 2610 xxvn,
594 2583 701 2605 10.—
715 2570 729 2595 5
750 2572 865 2611 Mattb,
892 2583 925 2609 v,
946 2571 975 2604 8.
995 2590 1035 2597 —
1051 2570 1065 2591 Γ»
1085 2573 1176 2605 Joan.
1200 2583 1232 2609 v,
1252 2581 1305 2614 27.
1326 2589 1367 2596 —-
1384 2580 1396 2606 7
1416 2572 1464 2604 Id.
1483 2584 1506 2610 1,
1529 2572 1559 2605 3.
1578 2589 1618 2595 -—-
1636 2570 1651 2594 ’3
1669 2571 1748 2604 Psal-

355 2637 405 2658 mx
421 2652 429 2668 ,
459 2638 485 2658 1.
