1803 3250
317 185 396 222 2-15
749 193 779 215 s.
821 190 1046 216 AUGUS't'ffll
1084 190 1260 216 nriscoi‘l

315 257 529 303 mundum
552 256 670 307 lecit,
697 263 740 298 et
761 270 810 297 ex
832 253 936 298 limo
953 253 1172 298 hominem
1192 251 1394 297 formavit
1413 271 1421 297 ε
1449 261 1497 296 ut
1511 267 1586 311 per
1599 254 1700 297 istas

315 338 397 372 tres
435 324 648 384 potentias
682 324 930 368 ostenderet
962 324 1240 368 ellectionem
1274 338 1397 367 suam
1426 324 1469 367 in
1499 324 1701 368 omnibus

314 396 546 441 valentem.
573 394 659 447 Qui
681 394 735 438 de
758 410 802 439 se
824 395 943 455 quod
966 395 1091 449 fecit,
1118 410 1197 439 nec
1221 394 1370 439 fecisse
1393 394 1603 438 dicendus
1620 403 1699 449 est,

311 467 387 513 sed
410 466 622 526 genuisse.
649 466 779 518 Quod
810 475 956 510 autem
993 483 1042 510 cx
1073 466 1243 527 aliquo,
1276 468 1386 510 sicut
1407 464 1462 509 de
1484 474 1596 510 terra
1619 466 1704 510 ho—

311 538 492 593 minem,
519 552 608 581 non
630 538 689 582 sic
711 536 815 582 fecit
838 537 1061 582 hominem
1085 536 1139 581 de
1159 546 1287 593 terra,
1308 546 1358 581 ut
1376 536 1484 581 alius
1501 536 1539 580 ei
1554 536 1705 580 fecerit

309 611 445 670 ipsam
466 619 627 653 terram
648 607 766 653 unde
788 607 951 653 faceret
972 608 1211 663 hominem,
1229 607 1454 668 quomodo
1472 605 1577 651 secit
1590 610 1705 653 Deus

309 690 540 742 argentum
563 681 806 739 argentario
827 679 941 724 unde
965 678 1126 724 faceret
1148 680 1374 724 vasculum
1396 699 1404 724 :
1432 680 1507 723 sed
1525 679 1615 738 ipse
1637 678 1703 723 fe-

308 753 366 799 eit
382 788 392 808 ‚
416 762 459 797 et
476 751 597 813 quod
618 766 708 795 non
729 759 821 794 erat
844 759 894 793 ut
911 759 1035 804 esset,
1062 757 1105 792 et
1128 748 1248 809 quod
1272 749 1373 794 inde
1396 765 1541 794 rursus
1564 759 1700 807 esset,

308 823 430 886 quod
443 826 533 885 jam
553 824 642 882 ipse
658 838 708 866 ex
724 820 859 866 nihilo
881 829 1102 865 creaverat
1116 830 1165 865 ut
1183 831 1306 866 esset.
1331 822 1398 867 Sic
1413 837 1514 880 ergo
1528 838 1702 882 corpus,

310 897 368 941 sic
392 896 560 948 anima,
588 895 647 938 sic
671 892 929 952 intelligitur
957 893 1154 938 universa
1177 903 1374 938 creatura
1398 893 1511 938 facta
1535 909 1558 938 a
1583 896 1672 938 Deo
1690 929 1701 948 ‚

308 982 399 1013 non
419 966 563 1025 genita
587 963 642 1008 de
669 966 780 1018 Deo,
807 972 857 1008 ut
879 964 962 1008 hoe
983 964 1038 1008 sit
1060 963 1182 1024 quod
1203 967 1332 1009 Deus.
1361 964 1547 1009 Proinde
1572 963 1706 1009 modo

309 1038 422 1084 forte
456 1036 586 1096 eliges
614 1035 722 1097 quid
745 1044 913 1091 teneas,
938 1044 981 1080 et
1004 1035 1112 1096 quid
1141 1051 1333 1096 respuas.
1367 1035 1490 1095 Elige
1521 1034 1630 1096 quid
1653 1036 1707 1081 sit

314 1109 482 1155 melius.
510 1107 730 1161 Quoniam
751 1107 950 1152 videmus
972 1107 1111 1152 multa
1125 1107 1370 1164 mutabilia,
1392 1117 1434 1153 et
1452 1108 1545 1168 ipsa
1560 1117 1709 1152 tamen

313 1181 452 1236 bona,
474 1179 672 1240 quamvis
694 1178 943 1238 mutabilia3
968 1178 1106 1224 multa
1129 1179 1327 1225 mortalia
1346 1216 1355 1234 ‚
1382 1189 1423 1224 et
1448 1180 1537 1239 ipsa
1561 1189 1708 1224 tamen

313 1253 446 1307 bona,
471 1250 671 1312 quamvis
694 1249 894 1296 mortalia
925 1270 933 1295 2
960 1250 1127 1295 bonum
1152 1259 1299 1295 autem
1327 1251 1506 1296 omnino
1533 1251 1706 1295 incom-

316 1323 526 1369 mutabile
547 1324 638 1383 ipse
661 1326 774 1368 Deus
796 1332 860 1368 est
885 1339 893 1364 :
921 1322 1030 1383 quid
1047 1323 1202 1368 melius
1218 1323 1272 1368 sit
1290 1324 1369 1368 tibi
1386 1333 1550 1379 tenere,
1574 1322 1708 1383 elige3

318 1400 456 1442 Deum
480 1393 735 1439 mutabilem
752 1409 857 1444 esse,
883 1410 938 1438 an
959 1395 1079 1453 quod
1103 1393 1208 1439 fecit
1230 1397 1342 1438 Deus
1366 1394 1576 1439 mutabile
1594 1396 1712 1439 esse?

319 1467 430 1520 Quia
448 1480 619 1510 neeesse
637 1474 681 1510 et
698 1474 748 1509 ut
766 1480 904 1509 unum
923 1464 978 1509 de
996 1464 1171 1509 duobus
1193 1464 1325 1510 dicas.
1355 1466 1397 1510 Si
1421 1465 1611 1510 nolueris
1630 1465 1710 1510 ad-

317 1539 488 1583 mittere
518 1536 564 1581 id
586 1536 708 1598 quod
730 1535 833 1581 fecit
855 1539 968 1581 Deus
990 1551 1080 1581 esse
1108 1536 1343 1592 mutabile,
1370 1546 1501 1582 restat
1520 1547 1570 1582 ut
1592 1537 1712 1583 dicas

318 1611 462 1670 ipsum
484 1612 624 1653 Deum
647 1623 736 1653 esse
757 1608 1029 1653 mutabilem.
1056 1610 1114 1653 Ut
1133 1618 1280 1653 autem
1303 1609 1357 1654 ab
1386 1610 1469 1655 hoc
1491 1608 1715 1668 sacrilegio

321 1690 364 1726 te
386 1695 568 1741 purges,
601 1688 644 1724 et
675 1679 729 1724 ab
762 1680 842 1724 hae
872 1679 1165 1740 blasphemia,
1199 1695 1254 1724 ne
1277 1680 1393 1725 dicas
1423 1680 1715 1725 substantiam

323 1753 400 1798 Dei
423 1767 512 1796 esse
539 1749 825 1808 mutabilem3
855 1766 990 1812 quare
1013 1767 1103 1796 non
1130 1751 1331 1796 concedis
1356 1755 1495 1796 Deum
1517 1752 1592 1812 qui
1615 1767 1717 1796 vere

326 1833 416 1880 est,
441 1832 485 1868 et
514 1821 882 1867 incommutabilis
906 1830 990 1877 est,
1022 1822 1125 1882 quia
1146 1822 1237 1881 ipse
1260 1823 1388 1867 etiam
1415 1821 1524 1867 dixit
1546 1842 1556 1868 z
1585 1826 1719 1882 «Ego

328 1914 348 1938 »
375 1909 471 1939 sum
493 1894 570 1954 qui
591 1894 734 1948 sum¹‚
759 1913 776 1935 »
803 1891 953 1937 fecisse
981 1893 1126 1938 omnia
1153 1892 1291 1948 bona,
1317 1894 1392 1938 sed
1412 1909 1502 1939 non
1532 1893 1614 1938 sibi
1641 1909 1720 1953 pa-

327 1968 423 2012 ria?
447 1964 634 2010 Proinde
654 1965 753 2025 quia
777 1965 867 2023 ipse
889 1964 1258 2009 incommutabilis
1276 1974 1355 2020 est,
1377 1980 1467 2010 non
1480 1974 1544 2010 est
1560 1965 1721 2010 mirum

330 2039 364 2083 si
381 2037 503 2098 quod
519 2036 648 2095 feeit,
672 2036 775 2097 quia
799 2036 838 2079 ei
860 2034 1027 2096 aequale
1050 2051 1139 2080 non
1166 2045 1252 2090 est,
1279 2052 1369 2081 non
1391 2045 1455 2081 est
1470 2037 1720 2081 incommu-

331 2109 479 2165 tabile,
494 2108 569 2153 sed
584 2107 808 2154 mutabile.
829 2107 934 2153 Ideo
949 2117 992 2152 et
1008 2123 1083 2167 per
1095 2108 1282 2152 liberum
1297 2109 1524 2154 arbitrium
1541 2125 1722 2170 peccare

332 2190 376 2226 et
391 2179 530 2241 pollui
543 2181 686 2240 potuit
693 2215 708 2236 ,
733 2189 775 2225 et
796 2195 874 2240 per
891 2181 983 2240 ejus
1005 2179 1344 2226 misericordiam
1366 2179 1557 2225 liberari.

390 2254 514 2296 XIX.
542 2255 646 2296 FEL.
672 2250 779 2296 dixit
801 2270 809 2296 z
839 2251 1027 2295 «Dixisti
1048 2251 1272 2296 hominem
1289 2251 1439 2296 fecisse
1456 2252 1534 2297 sibi
1551 2252 1690 2296 filium
1710 2271 1720 2297 :

332 2323 442 2368 nihil
461 2324 639 2368 interest
651 2324 764 2368 inter
777 2332 944 2383 patrem
962 2322 1174 2367 etfilium.
1193 2323 1305 2377 Quia
1322 2324 1406 2369 hoc
1423 2338 1524 2383 ergo
1541 2323 1724 2383 protulit

335 2396 547 2441 Sanctitas
568 2397 675 2450 Tua,
700 2403 744 2440 et
764 2409 844 2454 ego
861 2393 1127 2454 respondem
1153 2394 1255 2455 quia
1278 2397 1391 2440 Deus
1412 2404 1454 2440 et
1477 2411 1576 2455 quae
1598 2395 1718 2451 facit,

335 2466 517 2528 aequalia
539 2476 642 2512 sunt
658 2467 755 2512 sibi.
780 2485 801 2508 »

387 2559 393 2574 ¹
426 2551 526 2586 Exod.
545 2561 591 2594 iu,
613 2550 665 2593 14.
