1803 3250
347 198 364 233 1
374 197 428 235 08
780 201 813 230 s.
851 201 1081 232 mausum
1116 203 1296 232 EPISCOPl

345 274 495 317 tricem
536 271 648 329 turpi
678 269 1027 330 concupiscentia
1055 270 1296 329 captivatus
1331 270 1570 315 adamasset
1600 280 1732 332 atque

343 343 562 395 duxisset,
588 341 748 385 animas
772 350 889 386 certe
913 341 1140 385 amborum
1157 376 1167 396 ,
1194 350 1237 385 ct
1259 340 1403 386 lascivi
1428 342 1657 397 amatoris,
1689 352 1733 386 et

345 414 566 457 obscoenae
589 413 856 468 meretricis,
884 423 1025 473 partes
1048 422 1090 456 ct
1123 413 1318 457 membra
1343 422 1631 473 naturamque
1661 413 1730 456 dei

343 483 472 527 vestri
491 498 580 527 esse
603 483 847 543 praedicatis
874 504 881 529 z
909 483 981 528 illa
1000 499 1103 542 ergo
1127 484 1327 527 meretrix
1346 504 1357 541 ς
1376 482 1485 544 quid
1507 483 1623 527 enim
1646 498 1735 527 am·

342 555 460 598 biam
477 554 638 608 verbis,
665 563 708 598 et
725 569 814 599 non
831 553 955 612 plane
974 554 1115 598 dicam
1129 556 1146 595 ’ἶ
1168 554 1241 598 illa
1272 554 1474 599 meretrix
1497 563 1606 598 esset
1627 553 1735 597 deus

342 634 496 670 vester.
523 627 674 685 Neque
703 626 817 669 enim
837 625 1014 684 potestis
1043 624 1187 669 dicere
1204 660 1214 679 ,
1251 624 1373 685 quod
1396 633 1564 669 servata
1605 633 1737 684 atque

340 697 594 756 incorrupta
616 711 706 741 suae
728 696 956 741 sanctitate
979 704 1170 750 naturae,
1204 694 1266 738 illi
1296 695 1541 740 meretricio
1563 696 1737 754 corpori

341 781 431 812 non
453 767 612 826 ligatus
628 802 639 822 ‚
672 766 748 812 sed
770 775 1057 826 praesentatus
1088 764 1300 809 incideret
1325 784 1334 810 z
1360 766 1435 810 sed
1457 774 1500 810 et
1529 765 1737 825 inquina-

341 838 502 883 tissima
521 853 611 882 esse
633 838 711 881 ista
736 836 931 880 membra
948 835 1020 880 dei
1043 836 1195 891 vestri,
1218 845 1262 880 et
1283 836 1341 880 ob
1359 836 1440 881 hoc
1454 851 1611 896 magna
1633 851 1738 896 pur·

341 911 514 969 gatione
540 909 735 967 indigere
753 906 966 952 fatemini.
995 905 1075 951 Illa
1094 922 1198 966 ergo
1227 908 1454 963 meretrix,
1476 908 1531 952 de
1552 924 1642 968 qua
1658 908 1739 952 ho-

340 980 502 1023 minem
529 979 605 1023 Dei
639 978 806 1023 audetis
839 992 1044 1037 arguere,
1080 977 1186 1021 deus
1217 987 1358 1023 vester
1393 987 1529 1033 esset,
1554 979 1685 1023 etiam
1706 979 1739 1022 si

340 1065 431 1094 non
454 1058 564 1094 esset
581 1050 627 1093 in
646 1049 800 1094 melius
817 1058 935 1094 casto
953 1048 1161 1108 conjugio
1178 1058 1448 1093 commutata
1476 1068 1484 1094 ;
1505 1058 1578 1093 aut
1594 1049 1628 1093 si
1650 1064 1741 1094 non

340 1121 494 1176 vultis,
531 1120 789 1180 particulam
808 1129 924 1164 certe
946 1118 1016 1163 dei
1051 1119 1203 1173 vestri,
1235 1118 1337 1163 licet
1364 1119 1619 1175 minimam,
1651 1135 1741 1164 non

341 1192 507 1250 negatis
530 1191 650 1236 illam
673 1192 862 1235 animam
879 1190 1130 1234 meretricis.
1151 1192 1244 1234 Hoc
1264 1205 1368 1249 crgo
1379 1195 1466 1246 jain
1486 1189 1640 1235 melior
1657 1189 1741 1235 deo

340 1271 506 1318 vestro,
531 1263 742 1322 quoniam
758 1264 848 1321 ipsa
873 1278 959 1306 una
985 1262 1186 1305 meretrix
1209 1271 1344 1317 esset,
1369 1260 1442 1305 illc
1465 1271 1613 1306 autem
1631 1276 1741 1306 con—

342 1333 510 1377 ditione
535 1346 624 1377 suae
646 1332 761 1377 illius
784 1332 1102 1378 commixtionis
1129 1332 1332 1376 universo
1360 1333 1506 1390 generi
1535 1332 1741 1376 tenebra-

341 1420 439 1448 rum
458 1439 468 1459 ,
497 1405 542 1448 in
563 1403 769 1449 omnibus
801 1403 1101 1447 meretricibus
1131 1403 1409 1461 prostituitur
1426 1439 1436 1458 ,
1468 1405 1513 1447 in
1537 1404 1742 1448 omnibus

341 1476 532 1536 denique
555 1475 749 1519 maribus
772 1490 820 1518 ac
842 1474 1036 1518 foeminis
1068 1474 1155 1518 late
1188 1475 1394 1534 varieque
1423 1474 1742 1520 fornicantibus

340 1555 384 1590 et
427 1561 518 1590 sese
557 1545 943 1605 corrumpentibus
983 1544 1230 1600 volutatur,
1270 1544 1480 1601 solvitur,
1516 1545 1737 1605 illigatur,

341 1633 488 1662 rursus
506 1618 552 1662 in
573 1633 727 1662 eorum
747 1615 928 1661 foetibus
948 1615 1231 1671 volutandus,
1252 1616 1505 1672 solvendus,
1519 1616 1738 1676 ligandus,

340 1690 482 1734 donec
500 1688 556 1732 ad
574 1688 780 1733 ultimum
804 1688 986 1746 globum
1011 1703 1108 1747 pars
1125 1686 1474 1733 immundissima
1498 1687 1567 1732 dei
1585 1691 1738 1746 vestri,

342 1770 552 1821 tanquam
583 1759 856 1819 inexpiabilis
884 1760 1087 1803 meretrix
1120 1759 1406 1819 perducatur.
1438 1763 1544 1805 Haec
1578 1761 1740 1807 scilicet

342 1830 475 1876 malas
509 1831 586 1875 has
619 1828 940 1890 turpitudines,
977 1831 1071 1874 haec
1107 1829 1322 1875 dedecora
1357 1847 1380 1876 a
1411 1832 1618 1877 membris
1653 1833 1740 1877 suis

342 1902 451 1945 deus
471 1910 613 1946 vester
631 1915 834 1945 amovere
850 1916 937 1944 non
956 1900 1123 1960 potuit,
1149 1910 1191 1944 et
1210 1901 1343 1946 hostis
1366 1903 1566 1946 immanis
1590 1918 1741 1948 neces-

340 1973 466 2018 sitate
483 1972 740 2032 compulsus
763 1971 819 2016 ad
840 1972 919 2016 ista
943 1972 1142 2031 pervenit
1163 1991 1171 2017 :
1197 1988 1341 2033 neque
1362 1974 1478 2017 enim
1504 1975 1648 2032 potuit
1669 1976 1739 2018 in-

343 2046 542 2088 terimere
562 2045 823 2104 injuriosum
841 2053 973 2104 atque
996 2042 1262 2099 violentum,
1288 2045 1374 2089 suis
1396 2044 1466 2089 vel
1487 2045 1653 2090 civibus
1669 2046 1738 2091 vel

341 2115 538 2175 partibus
556 2113 698 2159 salvis.
715 2117 891 2168 Quanto
909 2128 1011 2172 ergo
1029 2113 1102 2157 ille
1121 2114 1294 2171 melior,
1315 2115 1392 2175 qui
1415 2116 1556 2160 occiso
1575 2118 1740 2176 AEgyp·

346 2189 429 2243 tio,
477 2186 658 2232 fratrem
696 2186 893 2232 defendit
922 2185 1104 2230 illaesum
1122 2221 1133 2240 ,
1170 2202 1302 2246 quem
1334 2187 1521 2230 mirabili
1550 2188 1740 2232 vanitate

344 2262 531 2304 Faustus
550 2260 720 2318 arguit,
744 2268 788 2303 et
814 2258 946 2302 deum
980 2273 1107 2302 suum
1137 2257 1402 2302 mirabiliore
1426 2259 1620 2303 caecitate
1649 2274 1740 2303 non

343 2331 531 2389 respicit.
549 2332 726 2383 Quanto
746 2328 901 2373 melius
917 2331 1008 2388 ipse
1024 2343 1123 2372 vasa
1146 2343 1275 2372 aurea
1298 2338 1340 2373 et
1361 2339 1563 2387 argentea
1589 2330 1740 2374 abstu-

345 2400 461 2444 lisset
486 2401 541 2444 de
563 2409 690 2459 gente
713 2401 1042 2460 AEgyptiorum‚
1072 2414 1203 2458 quam
1232 2400 1322 2459 ejus
1352 2400 1547 2444 membra
1567 2399 1739 2460 deprae-

346 2469 523 2516 daretur
558 2486 662 2530 gens
699 2471 992 2515 tenebrarum.
1041 2472 1097 2514 Et
1135 2479 1281 2514 tamen
1315 2485 1417 2514 cum
1451 2470 1614 2514 bellum
1650 2479 1740 2514 tam

347 2542 551 2586 miserum
579 2542 667 2602 ipsc
695 2543 914 2600 gessisset,
955 2541 1143 2587 cultores
1177 2543 1268 2601 ejus
1303 2540 1466 2586 famulo
1498 2542 1573 2585 Dei
1604 2542 1740 2586 nostri
