<?xml version="1.0" encoding="UTF-8"?>
<!DOCTYPE html PUBLIC "-//W3C//DTD XHTML 1.0 Transitional//EN"
    "http://www.w3.org/TR/xhtml1/DTD/xhtml1-transitional.dtd">
<html xmlns="http://www.w3.org/1999/xhtml" xml:lang="en" lang="en">
 <head>
  <title>
</title>
<meta http-equiv="Content-Type" content="text/html;charset=utf-8" />
  <meta name='ocr-system' content='tesseract 3.04.00' />
  <meta name='ocr-capabilities' content='ocr_page ocr_carea ocr_par ocr_line ocrx_word'/>
</head>
<body>
  <div class='ocr_page' id='page_1' title='image "./operaomniaaccura29auguuoft/operaomniaaccura29auguuoft_0257.png"; bbox 0 0 1803 3250; ppageno 0'>
   <div class='ocr_carea' id='block_1_1' title="bbox 335 188 1514 238">
    <p class='ocr_par' dir='ltr' id='par_1_1' title="bbox 335 188 1514 238">
     <span class='ocr_line' id='line_1_1' title="bbox 335 188 1514 238; baseline 0.002 -10"><span class='ocrx_word' id='word_1_1' title='bbox 335 200 388 228; x_wconf 73' lang='lat' dir='ltr'><strong>nr:</strong></span> <span class='ocrx_word' id='word_1_2' title='bbox 420 197 533 229; x_wconf 69' lang='lat' dir='ltr'><strong>Acus</strong></span> <span class='ocrx_word' id='word_1_3' title='bbox 562 200 653 227; x_wconf 71' lang='lat' dir='ltr'><strong>cum</strong></span> <span class='ocrx_word' id='word_1_4' title='bbox 684 197 833 227; x_wconf 63' lang='lat' dir='ltr'><strong>rumen</strong></span> <span class='ocrx_word' id='word_1_5' title='bbox 865 194 1114 238; x_wconf 66' lang='lat' dir='ltr'><strong>nnmerum,</strong></span> <span class='ocrx_word' id='word_1_6' title='bbox 1148 199 1232 228; x_wconf 74' lang='lat' dir='ltr'><strong>mn.</strong></span> <span class='ocrx_word' id='word_1_7' title='bbox 1267 201 1316 229; x_wconf 84' lang='lat'><strong>11.</strong></span> <span class='ocrx_word' id='word_1_8' title='bbox 1431 188 1514 230; x_wconf 72' lang='lat'><strong>24⁷</strong></span> 
     </span>
    </p>
   </div>
   <div class='ocr_carea' id='block_1_2' title="bbox 136 263 1520 326">
    <p class='ocr_par' dir='ltr' id='par_1_2' title="bbox 136 263 1520 326">
     <span class='ocr_line' id='line_1_2' title="bbox 136 263 1520 326; baseline -0.001 -13"><span class='ocrx_word' id='word_1_9' title='bbox 136 264 257 313; x_wconf 87' lang='lat' dir='ltr'><strong>venit</strong></span> <span class='ocrx_word' id='word_1_10' title='bbox 268 300 280 321; x_wconf 88' lang='lat'>‚</span> <span class='ocrx_word' id='word_1_11' title='bbox 304 273 348 310; x_wconf 91' lang='lat' dir='ltr'><strong>et</strong></span> <span class='ocrx_word' id='word_1_12' title='bbox 364 264 436 310; x_wconf 91' lang='lat' dir='ltr'><strong>illa</strong></span> <span class='ocrx_word' id='word_1_13' title='bbox 451 280 548 325; x_wconf 90' lang='lat' dir='ltr'><strong>pars</strong></span> <span class='ocrx_word' id='word_1_14' title='bbox 567 264 643 308; x_wconf 87' lang='lat' dir='ltr'><strong>Dei</strong></span> <span class='ocrx_word' id='word_1_15' title='bbox 658 277 791 324; x_wconf 86' lang='lat' dir='ltr'><strong>quam</strong></span> <span class='ocrx_word' id='word_1_16' title='bbox 806 263 1073 309; x_wconf 69' lang='lat' dir='ltr'><strong>Manichacus</strong></span> <span class='ocrx_word' id='word_1_17' title='bbox 1089 263 1210 321; x_wconf 92' lang='lat' dir='ltr'><strong>dicit,</strong></span> <span class='ocrx_word' id='word_1_18' title='bbox 1226 263 1364 325; x_wconf 93' lang='lat' dir='ltr'><strong>pollui</strong></span> <span class='ocrx_word' id='word_1_19' title='bbox 1377 275 1520 326; x_wconf 90' lang='lat' dir='ltr'><strong>potest</strong></span> 
     </span>
    </p>
   </div>
   <div class='ocr_carea' id='block_1_3' title="bbox 137 332 1518 467">
    <p class='ocr_par' dir='ltr' id='par_1_3' title="bbox 137 332 1518 467">
     <span class='ocr_line' id='line_1_3' title="bbox 137 332 1077 395; baseline -0.007 -13"><span class='ocrx_word' id='word_1_20' title='bbox 137 344 182 382; x_wconf 89' lang='lat' dir='ltr'><strong>et</strong></span> <span class='ocrx_word' id='word_1_21' title='bbox 202 335 403 380; x_wconf 90' lang='lat' dir='ltr'><strong>mundari</strong></span> <span class='ocrx_word' id='word_1_22' title='bbox 425 350 503 395; x_wconf 91' lang='lat' dir='ltr'><strong>per</strong></span> <span class='ocrx_word' id='word_1_23' title='bbox 518 333 773 379; x_wconf 88' lang='lat' dir='ltr'><strong>mandatum</strong></span> <span class='ocrx_word' id='word_1_24' title='bbox 790 332 922 392; x_wconf 88' lang='lat' dir='ltr'><strong>ipsius</strong></span> <span class='ocrx_word' id='word_1_25' title='bbox 945 334 1036 379; x_wconf 90' lang='lat' dir='ltr'><strong>Dei.</strong></span> <span class='ocrx_word' id='word_1_26' title='bbox 1056 352 1077 376; x_wconf 93' lang='lat'>»</span> 
     </span>
     <span class='ocr_line' id='line_1_4' title="bbox 191 401 1518 467; baseline 0.002 -16"><span class='ocrx_word' id='word_1_27' title='bbox 191 408 305 451; x_wconf 67' lang='lat' dir='ltr'><strong>Aua.</strong></span> <span class='ocrx_word' id='word_1_28' title='bbox 329 406 439 451; x_wconf 88' lang='lat' dir='ltr'><strong>dixit</strong></span> <span class='ocrx_word' id='word_1_29' title='bbox 458 425 468 451; x_wconf 89' lang='lat'><strong>:</strong></span> <span class='ocrx_word' id='word_1_30' title='bbox 489 408 602 450; x_wconf 92' lang='lat' dir='ltr'><strong>Ecce</strong></span> <span class='ocrx_word' id='word_1_31' title='bbox 621 405 780 448; x_wconf 90' lang='lat' dir='ltr'><strong>iterum</strong></span> <span class='ocrx_word' id='word_1_32' title='bbox 794 401 898 447; x_wconf 89' lang='lat' dir='ltr'><strong>dicis</strong></span> <span class='ocrx_word' id='word_1_33' title='bbox 916 413 1083 462; x_wconf 89' lang='lat' dir='ltr'><strong>partem</strong></span> <span class='ocrx_word' id='word_1_34' title='bbox 1097 405 1175 449; x_wconf 89' lang='lat' dir='ltr'><strong>Dei</strong></span> <span class='ocrx_word' id='word_1_35' title='bbox 1189 404 1401 464; x_wconf 89' lang='lat' dir='ltr'><strong>pollutam</strong></span> <span class='ocrx_word' id='word_1_36' title='bbox 1414 423 1518 467; x_wconf 92' lang='lat' dir='ltr'><strong>pur-</strong></span> 
     </span>
    </p>
   </div>
   <div class='ocr_carea' id='block_1_4' title="bbox 116 474 1523 2596">
    <p class='ocr_par' dir='ltr' id='par_1_4' title="bbox 130 474 1523 1167">
     <span class='ocr_line' id='line_1_5' title="bbox 136 474 1520 538; baseline 0.003 -17"><span class='ocrx_word' id='word_1_37' title='bbox 136 477 252 537; x_wconf 79' lang='lat' dir='ltr'><strong>gari,</strong></span> <span class='ocrx_word' id='word_1_38' title='bbox 275 486 319 522; x_wconf 89' lang='lat' dir='ltr'><strong>et</strong></span> <span class='ocrx_word' id='word_1_39' title='bbox 339 476 470 537; x_wconf 87' lang='lat' dir='ltr'><strong>paulo</strong></span> <span class='ocrx_word' id='word_1_40' title='bbox 493 485 593 520; x_wconf 89' lang='lat' dir='ltr'><strong>ante</strong></span> <span class='ocrx_word' id='word_1_41' title='bbox 613 474 778 519; x_wconf 85' lang='lat' dir='ltr'><strong>dixeras</strong></span> <span class='ocrx_word' id='word_1_42' title='bbox 795 474 1165 519; x_wconf 83' lang='lat' dir='ltr'><strong>anathemandum</strong></span> <span class='ocrx_word' id='word_1_43' title='bbox 1181 491 1292 532; x_wconf 88' lang='lat' dir='ltr'><strong>esse,</strong></span> <span class='ocrx_word' id='word_1_44' title='bbox 1309 478 1386 538; x_wconf 89' lang='lat' dir='ltr'><strong>qui</strong></span> <span class='ocrx_word' id='word_1_45' title='bbox 1400 477 1520 525; x_wconf 88' lang='lat' dir='ltr'><strong>illam</strong></span> 
     </span>
     <span class='ocr_line' id='line_1_6' title="bbox 134 543 1523 607; baseline 0.003 -15"><span class='ocrx_word' id='word_1_46' title='bbox 134 546 239 593; x_wconf 90' lang='lat' dir='ltr'><strong>dicit</strong></span> <span class='ocrx_word' id='word_1_47' title='bbox 252 546 582 607; x_wconf 85' lang='lat' dir='ltr'><strong>corruptibilem</strong></span> <span class='ocrx_word' id='word_1_48' title='bbox 602 564 612 592; x_wconf 93' lang='lat'><strong>:</strong></span> <span class='ocrx_word' id='word_1_49' title='bbox 631 545 764 590; x_wconf 91' lang='lat' dir='ltr'><strong>modo</strong></span> <span class='ocrx_word' id='word_1_50' title='bbox 781 543 888 590; x_wconf 91' lang='lat' dir='ltr'><strong>dicis</strong></span> <span class='ocrx_word' id='word_1_51' title='bbox 901 545 1003 605; x_wconf 89' lang='lat' dir='ltr'><strong>quia</strong></span> <span class='ocrx_word' id='word_1_52' title='bbox 1016 544 1155 605; x_wconf 90' lang='lat' dir='ltr'><strong>pollui</strong></span> <span class='ocrx_word' id='word_1_53' title='bbox 1169 547 1336 606; x_wconf 75' lang='lat' dir='ltr'><strong>potuit3</strong></span> <span class='ocrx_word' id='word_1_54' title='bbox 1355 558 1399 594; x_wconf 91' lang='lat' dir='ltr'><strong>et</strong></span> <span class='ocrx_word' id='word_1_55' title='bbox 1415 548 1523 596; x_wconf 88' lang='lat' dir='ltr'><strong>dicis</strong></span> 
     </span>
     <span class='ocr_line' id='line_1_7' title="bbox 134 615 1521 678; baseline 0.003 -16"><span class='ocrx_word' id='word_1_56' title='bbox 134 619 238 678; x_wconf 88' lang='lat' dir='ltr'><strong>quia</strong></span> <span class='ocrx_word' id='word_1_57' title='bbox 257 616 459 662; x_wconf 90' lang='lat' dir='ltr'><strong>mundari</strong></span> <span class='ocrx_word' id='word_1_58' title='bbox 479 625 637 677; x_wconf 85' lang='lat' dir='ltr'><strong>potest,</strong></span> <span class='ocrx_word' id='word_1_59' title='bbox 661 625 712 660; x_wconf 93' lang='lat' dir='ltr'><strong>ut</strong></span> <span class='ocrx_word' id='word_1_60' title='bbox 733 616 960 660; x_wconf 84' lang='lat' dir='ltr'><strong>confirmes</strong></span> <span class='ocrx_word' id='word_1_61' title='bbox 973 616 1075 676; x_wconf 85' lang='lat' dir='ltr'><strong>quia</strong></span> <span class='ocrx_word' id='word_1_62' title='bbox 1093 615 1231 675; x_wconf 90' lang='lat' dir='ltr'><strong>pollui</strong></span> <span class='ocrx_word' id='word_1_63' title='bbox 1245 619 1403 677; x_wconf 87' lang='lat' dir='ltr'><strong>potuit.</strong></span> <span class='ocrx_word' id='word_1_64' title='bbox 1426 623 1521 667; x_wconf 88' lang='lat' dir='ltr'><strong>Hoc</strong></span> 
     </span>
     <span class='ocr_line' id='line_1_8' title="bbox 133 684 1521 751; baseline 0.003 -18"><span class='ocrx_word' id='word_1_65' title='bbox 133 704 212 734; x_wconf 91' lang='lat' dir='ltr'><strong>nos</strong></span> <span class='ocrx_word' id='word_1_66' title='bbox 227 687 283 733; x_wconf 90' lang='lat' dir='ltr'><strong>de</strong></span> <span class='ocrx_word' id='word_1_67' title='bbox 303 697 425 749; x_wconf 88' lang='lat' dir='ltr'><strong>parte</strong></span> <span class='ocrx_word' id='word_1_68' title='bbox 441 688 518 734; x_wconf 91' lang='lat' dir='ltr'><strong>Dei</strong></span> <span class='ocrx_word' id='word_1_69' title='bbox 535 702 625 732; x_wconf 89' lang='lat' dir='ltr'><strong>non</strong></span> <span class='ocrx_word' id='word_1_70' title='bbox 641 686 828 732; x_wconf 87' lang='lat' dir='ltr'><strong>dicimus</strong></span> <span class='ocrx_word' id='word_1_71' title='bbox 844 704 854 731; x_wconf 70' lang='grc' dir='ltr'><strong>ε</strong></span> <span class='ocrx_word' id='word_1_72' title='bbox 875 684 951 731; x_wconf 87' lang='lat' dir='ltr'><strong>sed</strong></span> <span class='ocrx_word' id='word_1_73' title='bbox 966 686 1021 730; x_wconf 89' lang='lat' dir='ltr'><strong>de</strong></span> <span class='ocrx_word' id='word_1_74' title='bbox 1037 686 1182 731; x_wconf 85' lang='lat' dir='ltr'><strong>anima</strong></span> <span class='ocrx_word' id='word_1_75' title='bbox 1196 686 1401 748; x_wconf 78' lang='lat' dir='ltr'><strong>dicimus3</strong></span> <span class='ocrx_word' id='word_1_76' title='bbox 1418 692 1521 751; x_wconf 86' lang='lat' dir='ltr'><strong>quia</strong></span> 
     </span>
     <span class='ocr_line' id='line_1_9' title="bbox 133 758 1521 821; baseline 0.003 -17"><span class='ocrx_word' id='word_1_77' title='bbox 133 768 343 821; x_wconf 83' lang='lat' dir='ltr'><strong>tanquam</strong></span> <span class='ocrx_word' id='word_1_78' title='bbox 365 774 474 819; x_wconf 90' lang='lat' dir='ltr'><strong>opus</strong></span> <span class='ocrx_word' id='word_1_79' title='bbox 495 760 586 819; x_wconf 87' lang='lat' dir='ltr'><strong>ejus</strong></span> <span class='ocrx_word' id='word_1_80' title='bbox 609 774 659 803; x_wconf 90' lang='lat' dir='ltr'><strong>ex</strong></span> <span class='ocrx_word' id='word_1_81' title='bbox 683 758 777 818; x_wconf 89' lang='lat' dir='ltr'><strong>ipso</strong></span> <span class='ocrx_word' id='word_1_82' title='bbox 808 766 901 812; x_wconf 88' lang='lat' dir='ltr'><strong>est,</strong></span> <span class='ocrx_word' id='word_1_83' title='bbox 936 773 1029 803; x_wconf 91' lang='lat' dir='ltr'><strong>non</strong></span> <span class='ocrx_word' id='word_1_84' title='bbox 1059 767 1270 819; x_wconf 87' lang='lat' dir='ltr'><strong>tanquam</strong></span> <span class='ocrx_word' id='word_1_85' title='bbox 1299 760 1440 820; x_wconf 90' lang='lat' dir='ltr'><strong>proles</strong></span> <span class='ocrx_word' id='word_1_86' title='bbox 1465 761 1521 808; x_wconf 90' lang='lat' dir='ltr'><strong>de</strong></span> 
     </span>
     <span class='ocr_line' id='line_1_10' title="bbox 131 827 1518 891; baseline 0.002 -17"><span class='ocrx_word' id='word_1_87' title='bbox 131 831 242 890; x_wconf 88' lang='lat' dir='ltr'><strong>ipso.</strong></span> <span class='ocrx_word' id='word_1_88' title='bbox 266 829 378 874; x_wconf 87' lang='lat' dir='ltr'><strong>Redi</strong></span> <span class='ocrx_word' id='word_1_89' title='bbox 405 844 508 888; x_wconf 85' lang='lat' dir='ltr'><strong>ergo</strong></span> <span class='ocrx_word' id='word_1_90' title='bbox 529 828 586 873; x_wconf 87' lang='lat' dir='ltr'><strong>ad</strong></span> <span class='ocrx_word' id='word_1_91' title='bbox 611 828 658 874; x_wconf 92' lang='lat' dir='ltr'><strong>id</strong></span> <span class='ocrx_word' id='word_1_92' title='bbox 686 827 808 889; x_wconf 92' lang='lat' dir='ltr'><strong>quod</strong></span> <span class='ocrx_word' id='word_1_93' title='bbox 830 827 935 873; x_wconf 92' lang='lat' dir='ltr'><strong>dicis</strong></span> <span class='ocrx_word' id='word_1_94' title='bbox 949 863 960 884; x_wconf 93' lang='lat'>‚</span> <span class='ocrx_word' id='word_1_95' title='bbox 985 837 1028 873; x_wconf 89' lang='lat' dir='ltr'><strong>et</strong></span> <span class='ocrx_word' id='word_1_96' title='bbox 1049 827 1245 875; x_wconf 87' lang='lat' dir='ltr'><strong>discerne</strong></span> <span class='ocrx_word' id='word_1_97' title='bbox 1266 831 1387 891; x_wconf 91' lang='lat' dir='ltr'><strong>quod</strong></span> <span class='ocrx_word' id='word_1_98' title='bbox 1407 832 1518 877; x_wconf 91' lang='lat' dir='ltr'><strong>dici-</strong></span> 
     </span>
     <span class='ocr_line' id='line_1_11' title="bbox 130 899 1519 958; baseline 0.002 -13"><span class='ocrx_word' id='word_1_99' title='bbox 130 915 244 945; x_wconf 91' lang='lat' dir='ltr'><strong>mus.</strong></span> <span class='ocrx_word' id='word_1_100' title='bbox 270 901 427 946; x_wconf 88' lang='lat' dir='ltr'><strong>Anima</strong></span> <span class='ocrx_word' id='word_1_101' title='bbox 448 915 528 945; x_wconf 88' lang='lat' dir='ltr'><strong>nec</strong></span> <span class='ocrx_word' id='word_1_102' title='bbox 546 902 660 944; x_wconf 92' lang='lat' dir='ltr'><strong>Deus</strong></span> <span class='ocrx_word' id='word_1_103' title='bbox 677 908 770 955; x_wconf 89' lang='lat' dir='ltr'><strong>est,</strong></span> <span class='ocrx_word' id='word_1_104' title='bbox 794 914 875 944; x_wconf 88' lang='lat' dir='ltr'><strong>nec</strong></span> <span class='ocrx_word' id='word_1_105' title='bbox 897 914 994 958; x_wconf 87' lang='lat' dir='ltr'><strong>pars</strong></span> <span class='ocrx_word' id='word_1_106' title='bbox 1013 899 1105 944; x_wconf 88' lang='lat' dir='ltr'><strong>Dei.</strong></span> <span class='ocrx_word' id='word_1_107' title='bbox 1128 903 1194 945; x_wconf 90' lang='lat' dir='ltr'><strong>Tu</strong></span> <span class='ocrx_word' id='word_1_108' title='bbox 1215 910 1361 946; x_wconf 90' lang='lat' dir='ltr'><strong>autem</strong></span> <span class='ocrx_word' id='word_1_109' title='bbox 1378 904 1519 948; x_wconf 87' lang='lat' dir='ltr'><strong>Mani-</strong></span> 
     </span>
     <span class='ocr_line' id='line_1_12' title="bbox 131 969 1519 1035; baseline 0.003 -19"><span class='ocrx_word' id='word_1_110' title='bbox 131 971 304 1016; x_wconf 84' lang='lat' dir='ltr'><strong>chaeum</strong></span> <span class='ocrx_word' id='word_1_111' title='bbox 325 970 431 1016; x_wconf 85' lang='lat' dir='ltr'><strong>dicis</strong></span> <span class='ocrx_word' id='word_1_112' title='bbox 453 970 608 1016; x_wconf 86' lang='lat' dir='ltr'><strong>dixisse</strong></span> <span class='ocrx_word' id='word_1_113' title='bbox 628 969 766 1030; x_wconf 90' lang='lat' dir='ltr'><strong>pollui</strong></span> <span class='ocrx_word' id='word_1_114' title='bbox 787 979 956 1030; x_wconf 88' lang='lat' dir='ltr'><strong>partem</strong></span> <span class='ocrx_word' id='word_1_115' title='bbox 985 971 1087 1027; x_wconf 89' lang='lat' dir='ltr'><strong>Dei,</strong></span> <span class='ocrx_word' id='word_1_116' title='bbox 1118 988 1253 1033; x_wconf 86' lang='lat' dir='ltr'><strong>quam</strong></span> <span class='ocrx_word' id='word_1_117' title='bbox 1282 973 1388 1020; x_wconf 89' lang='lat' dir='ltr'><strong>dicit</strong></span> <span class='ocrx_word' id='word_1_118' title='bbox 1410 990 1519 1035; x_wconf 86' lang='lat' dir='ltr'><strong>pur—</strong></span> 
     </span>
     <span class='ocr_line' id='line_1_13' title="bbox 130 1040 1516 1103; baseline 0.005 -18"><span class='ocrx_word' id='word_1_119' title='bbox 130 1041 247 1101; x_wconf 86' lang='lat' dir='ltr'><strong>gari,</strong></span> <span class='ocrx_word' id='word_1_120' title='bbox 271 1050 323 1086; x_wconf 89' lang='lat' dir='ltr'><strong>ut</strong></span> <span class='ocrx_word' id='word_1_121' title='bbox 342 1041 569 1087; x_wconf 89' lang='lat' dir='ltr'><strong>confirmet</strong></span> <span class='ocrx_word' id='word_1_122' title='bbox 585 1041 688 1101; x_wconf 90' lang='lat' dir='ltr'><strong>quia</strong></span> <span class='ocrx_word' id='word_1_123' title='bbox 702 1040 927 1100; x_wconf 88' lang='lat' dir='ltr'><strong>polluitur.</strong></span> <span class='ocrx_word' id='word_1_124' title='bbox 949 1044 1099 1088; x_wconf 85' lang='lat' dir='ltr'><strong>Restat</strong></span> <span class='ocrx_word' id='word_1_125' title='bbox 1110 1057 1212 1103; x_wconf 85' lang='lat' dir='ltr'><strong>ergo</strong></span> <span class='ocrx_word' id='word_1_126' title='bbox 1225 1054 1275 1090; x_wconf 91' lang='lat' dir='ltr'><strong>ut</strong></span> <span class='ocrx_word' id='word_1_127' title='bbox 1292 1060 1395 1090; x_wconf 91' lang='lat' dir='ltr'><strong>eum</strong></span> <span class='ocrx_word' id='word_1_128' title='bbox 1411 1062 1516 1092; x_wconf 86' lang='lat' dir='ltr'><strong>ana-</strong></span> 
     </span>
     <span class='ocr_line' id='line_1_14' title="bbox 131 1112 1038 1167; baseline -0.001 -10"><span class='ocrx_word' id='word_1_129' title='bbox 131 1112 318 1167; x_wconf 90' lang='lat' dir='ltr'><strong>themes,</strong></span> <span class='ocrx_word' id='word_1_130' title='bbox 343 1122 419 1156; x_wconf 84' lang='lat' dir='ltr'><strong>aut</strong></span> <span class='ocrx_word' id='word_1_131' title='bbox 434 1112 513 1156; x_wconf 89' lang='lat' dir='ltr'><strong>ista</strong></span> <span class='ocrx_word' id='word_1_132' title='bbox 530 1112 717 1156; x_wconf 88' lang='lat' dir='ltr'><strong>sentiens</strong></span> <span class='ocrx_word' id='word_1_133' title='bbox 735 1112 1038 1157; x_wconf 87' lang='lat' dir='ltr'><strong>anathemeris.</strong></span> 
     </span>
    </p>

    <p class='ocr_par' dir='ltr' id='par_1_5' title="bbox 128 1181 1517 1312">
     <span class='ocr_line' id='line_1_15' title="bbox 187 1181 1517 1249; baseline 0.006 -23"><span class='ocrx_word' id='word_1_134' title='bbox 187 1183 311 1227; x_wconf 87' lang='lat' dir='ltr'>XXI.</span> <span class='ocrx_word' id='word_1_135' title='bbox 337 1184 444 1227; x_wconf 74' lang='lat' dir='ltr'><strong>Fm..</strong></span> <span class='ocrx_word' id='word_1_136' title='bbox 465 1181 574 1226; x_wconf 90' lang='lat' dir='ltr'><strong>dixit</strong></span> <span class='ocrx_word' id='word_1_137' title='bbox 603 1200 612 1227; x_wconf 89' lang='lat'>:</span> <span class='ocrx_word' id='word_1_138' title='bbox 648 1200 669 1224; x_wconf 91' lang='lat'>«</span> <span class='ocrx_word' id='word_1_139' title='bbox 690 1181 883 1226; x_wconf 84' lang='lat' dir='ltr'><strong>Pertinet</strong></span> <span class='ocrx_word' id='word_1_140' title='bbox 904 1182 961 1226; x_wconf 88' lang='lat' dir='ltr'><strong>ad</strong></span> <span class='ocrx_word' id='word_1_141' title='bbox 988 1185 1127 1228; x_wconf 90' lang='lat' dir='ltr'><strong>Deum</strong></span> <span class='ocrx_word' id='word_1_142' title='bbox 1153 1186 1296 1231; x_wconf 89' lang='lat' dir='ltr'><strong>anima</strong></span> <span class='ocrx_word' id='word_1_143' title='bbox 1319 1202 1419 1249; x_wconf 84' lang='lat' dir='ltr'><strong>quae</strong></span> <span class='ocrx_word' id='word_1_144' title='bbox 1440 1202 1517 1248; x_wconf 89' lang='lat' dir='ltr'><strong>per</strong></span> 
     </span>
     <span class='ocr_line' id='line_1_16' title="bbox 128 1252 1016 1312; baseline -0.002 -15"><span class='ocrx_word' id='word_1_145' title='bbox 128 1261 357 1312; x_wconf 87' lang='lat' dir='ltr'><strong>peccatum</strong></span> <span class='ocrx_word' id='word_1_146' title='bbox 373 1252 656 1312; x_wconf 88' lang='lat' dir='ltr'><strong>coinquinata</strong></span> <span class='ocrx_word' id='word_1_147' title='bbox 673 1260 762 1307; x_wconf 81' lang='lat' dir='ltr'><strong>est,</strong></span> <span class='ocrx_word' id='word_1_148' title='bbox 783 1267 838 1296; x_wconf 88' lang='lat' dir='ltr'><strong>an</strong></span> <span class='ocrx_word' id='word_1_149' title='bbox 856 1267 945 1297; x_wconf 93' lang='lat' dir='ltr'><strong>non</strong></span> <span class='ocrx_word' id='word_1_150' title='bbox 960 1254 978 1297; x_wconf 81' lang='lat' dir='ltr'><strong>P</strong></span> <span class='ocrx_word' id='word_1_151' title='bbox 995 1271 1016 1295; x_wconf 94' lang='lat'>»</span> 
     </span>
    </p>

    <p class='ocr_par' dir='ltr' id='par_1_6' title="bbox 185 1322 1232 1385">
     <span class='ocr_line' id='line_1_17' title="bbox 185 1322 1232 1385; baseline 0.003 -17"><span class='ocrx_word' id='word_1_152' title='bbox 185 1326 300 1368; x_wconf 67' lang='lat' dir='ltr'><strong>Aue.</strong></span> <span class='ocrx_word' id='word_1_153' title='bbox 327 1323 436 1368; x_wconf 87' lang='lat' dir='ltr'><strong>dixit</strong></span> <span class='ocrx_word' id='word_1_154' title='bbox 457 1342 466 1369; x_wconf 90' lang='lat'><strong>:</strong></span> <span class='ocrx_word' id='word_1_155' title='bbox 491 1323 706 1379; x_wconf 87' lang='lat' dir='ltr'><strong>Pertinet,</strong></span> <span class='ocrx_word' id='word_1_156' title='bbox 730 1322 806 1368; x_wconf 93' lang='lat' dir='ltr'><strong>sed</strong></span> <span class='ocrx_word' id='word_1_157' title='bbox 820 1338 910 1368; x_wconf 93' lang='lat' dir='ltr'><strong>non</strong></span> <span class='ocrx_word' id='word_1_158' title='bbox 926 1332 990 1368; x_wconf 84' lang='lat' dir='ltr'><strong>est</strong></span> <span class='ocrx_word' id='word_1_159' title='bbox 1006 1339 1104 1384; x_wconf 88' lang='lat' dir='ltr'><strong>pars</strong></span> <span class='ocrx_word' id='word_1_160' title='bbox 1124 1326 1232 1385; x_wconf 78' lang='lat' dir='ltr'><strong>ejus·</strong></span> 
     </span>
    </p>

    <p class='ocr_par' dir='ltr' id='par_1_7' title="bbox 185 1393 1079 1453">
     <span class='ocr_line' id='line_1_18' title="bbox 185 1393 1079 1453; baseline -0.001 -14"><span class='ocrx_word' id='word_1_161' title='bbox 185 1396 221 1439; x_wconf 85' lang='lat' dir='ltr'>F</span> <span class='ocrx_word' id='word_1_162' title='bbox 226 1412 293 1439; x_wconf 77' lang='lat' dir='ltr'><strong>m..</strong></span> <span class='ocrx_word' id='word_1_163' title='bbox 323 1393 431 1439; x_wconf 86' lang='lat' dir='ltr'><strong>dixit</strong></span> <span class='ocrx_word' id='word_1_164' title='bbox 454 1411 465 1436; x_wconf 78' lang='lat' dir='ltr'><em>z</em></span> <span class='ocrx_word' id='word_1_165' title='bbox 493 1413 514 1437; x_wconf 89' lang='lat'>«</span> <span class='ocrx_word' id='word_1_166' title='bbox 534 1397 632 1440; x_wconf 92' lang='lat' dir='ltr'><strong>Non</strong></span> <span class='ocrx_word' id='word_1_167' title='bbox 653 1395 737 1439; x_wconf 94' lang='lat' dir='ltr'><strong>hoc</strong></span> <span class='ocrx_word' id='word_1_168' title='bbox 754 1394 1036 1453; x_wconf 86' lang='lat' dir='ltr'><strong>interrogavi.</strong></span> <span class='ocrx_word' id='word_1_169' title='bbox 1057 1413 1079 1438; x_wconf 88' lang='lat'>»</span> 
     </span>
    </p>

    <p class='ocr_par' dir='ltr' id='par_1_8' title="bbox 184 1464 994 1525">
     <span class='ocr_line' id='line_1_19' title="bbox 184 1464 994 1525; baseline 0 -16"><span class='ocrx_word' id='word_1_170' title='bbox 184 1467 298 1510; x_wconf 65' lang='lat' dir='ltr'><strong>Aac..</strong></span> <span class='ocrx_word' id='word_1_171' title='bbox 325 1465 432 1510; x_wconf 87' lang='lat' dir='ltr'><strong>dixit</strong></span> <span class='ocrx_word' id='word_1_172' title='bbox 453 1484 462 1511; x_wconf 72' lang='grc' dir='ltr'>ε</span> <span class='ocrx_word' id='word_1_173' title='bbox 490 1468 547 1510; x_wconf 89' lang='lat' dir='ltr'><strong>Et</strong></span> <span class='ocrx_word' id='word_1_174' title='bbox 563 1464 670 1525; x_wconf 88' lang='lat' dir='ltr'><strong>quid</strong></span> <span class='ocrx_word' id='word_1_175' title='bbox 687 1466 994 1524; x_wconf 75' lang='lat' dir='ltr'><strong>interrogasti?</strong></span> 
     </span>
    </p>

    <p class='ocr_par' dir='ltr' id='par_1_9' title="bbox 184 1535 1419 1597">
     <span class='ocr_line' id='line_1_20' title="bbox 184 1535 1419 1597; baseline 0 -17"><span class='ocrx_word' id='word_1_176' title='bbox 184 1538 290 1580; x_wconf 67' lang='lat' dir='ltr'><strong>Fu.</strong></span> <span class='ocrx_word' id='word_1_177' title='bbox 316 1536 425 1581; x_wconf 89' lang='lat' dir='ltr'><strong>dixit</strong></span> <span class='ocrx_word' id='word_1_178' title='bbox 443 1555 453 1582; x_wconf 90' lang='lat'>:</span> <span class='ocrx_word' id='word_1_179' title='bbox 477 1554 495 1577; x_wconf 90' lang='lat'>«</span> <span class='ocrx_word' id='word_1_180' title='bbox 517 1538 710 1582; x_wconf 84' lang='lat' dir='ltr'><strong>Pertinet</strong></span> <span class='ocrx_word' id='word_1_181' title='bbox 730 1535 787 1581; x_wconf 92' lang='lat' dir='ltr'><strong>ad</strong></span> <span class='ocrx_word' id='word_1_182' title='bbox 806 1540 962 1592; x_wconf 91' lang='lat' dir='ltr'><strong>Deum,</strong></span> <span class='ocrx_word' id='word_1_183' title='bbox 980 1551 1036 1580; x_wconf 89' lang='lat' dir='ltr'><strong>an</strong></span> <span class='ocrx_word' id='word_1_184' title='bbox 1052 1551 1142 1582; x_wconf 91' lang='lat' dir='ltr'><strong>non</strong></span> <span class='ocrx_word' id='word_1_185' title='bbox 1161 1537 1382 1597; x_wconf 78' lang='lat' dir='ltr'><strong>pertinet?</strong></span> <span class='ocrx_word' id='word_1_186' title='bbox 1397 1555 1419 1581; x_wconf 84' lang='lat'>»</span> 
     </span>
    </p>

    <p class='ocr_par' dir='ltr' id='par_1_10' title="bbox 122 1606 1507 1738">
     <span class='ocr_line' id='line_1_21' title="bbox 181 1606 1507 1670; baseline 0.005 -19"><span class='ocrx_word' id='word_1_187' title='bbox 181 1608 297 1651; x_wconf 68' lang='grc' dir='ltr'><strong>Αυο.</strong></span> <span class='ocrx_word' id='word_1_188' title='bbox 322 1606 432 1652; x_wconf 87' lang='lat' dir='ltr'><strong>dixit</strong></span> <span class='ocrx_word' id='word_1_189' title='bbox 464 1627 473 1653; x_wconf 90' lang='grc'>;</span> <span class='ocrx_word' id='word_1_190' title='bbox 508 1610 606 1653; x_wconf 89' lang='lat' dir='ltr'><strong>Jam</strong></span> <span class='ocrx_word' id='word_1_191' title='bbox 631 1607 742 1664; x_wconf 81' lang='lat' dir='ltr'><strong>dixi,</strong></span> <span class='ocrx_word' id='word_1_192' title='bbox 773 1616 817 1653; x_wconf 85' lang='lat' dir='ltr'><strong>et</strong></span> <span class='ocrx_word' id='word_1_193' title='bbox 842 1607 946 1668; x_wconf 88' lang='lat' dir='ltr'><strong>quia</strong></span> <span class='ocrx_word' id='word_1_194' title='bbox 978 1608 1189 1667; x_wconf 83' lang='lat' dir='ltr'><strong>pertinet,</strong></span> <span class='ocrx_word' id='word_1_195' title='bbox 1220 1618 1264 1654; x_wconf 86' lang='lat' dir='ltr'><strong>et</strong></span> <span class='ocrx_word' id='word_1_196' title='bbox 1283 1609 1507 1670; x_wconf 86' lang='lat' dir='ltr'><strong>quomodo</strong></span> 
     </span>
     <span class='ocr_line' id='line_1_22' title="bbox 122 1679 328 1738; baseline -0.005 -14"><span class='ocrx_word' id='word_1_197' title='bbox 122 1679 328 1738; x_wconf 80' lang='lat' dir='ltr'><strong>pertinet.</strong></span> 
     </span>
    </p>

    <p class='ocr_par' dir='ltr' id='par_1_11' title="bbox 181 1747 1406 1811">
     <span class='ocr_line' id='line_1_23' title="bbox 181 1747 1406 1811; baseline 0 -16"><span class='ocrx_word' id='word_1_198' title='bbox 181 1752 289 1795; x_wconf 64' lang='lat' dir='ltr'><strong>Fu.</strong></span> <span class='ocrx_word' id='word_1_199' title='bbox 314 1747 449 1796; x_wconf 87' lang='lat' dir='ltr'><strong>dixit:</strong></span> <span class='ocrx_word' id='word_1_200' title='bbox 477 1768 500 1793; x_wconf 89' lang='lat'>«</span> <span class='ocrx_word' id='word_1_201' title='bbox 519 1752 612 1808; x_wconf 87' lang='lat' dir='ltr'><strong>Ego</strong></span> <span class='ocrx_word' id='word_1_202' title='bbox 636 1765 788 1811; x_wconf 79' lang='lat' dir='ltr'><strong>quaero</strong></span> <span class='ocrx_word' id='word_1_203' title='bbox 809 1758 960 1795; x_wconf 90' lang='lat' dir='ltr'><strong>utrum</strong></span> <span class='ocrx_word' id='word_1_204' title='bbox 980 1766 1083 1796; x_wconf 87' lang='lat' dir='ltr'><strong>vere</strong></span> <span class='ocrx_word' id='word_1_205' title='bbox 1103 1760 1168 1797; x_wconf 90' lang='lat' dir='ltr'><strong>est</strong></span> <span class='ocrx_word' id='word_1_206' title='bbox 1188 1766 1241 1797; x_wconf 87' lang='lat' dir='ltr'><strong>ex</strong></span> <span class='ocrx_word' id='word_1_207' title='bbox 1258 1754 1364 1799; x_wconf 91' lang='lat' dir='ltr'><strong>Deo.</strong></span> <span class='ocrx_word' id='word_1_208' title='bbox 1384 1770 1406 1796; x_wconf 89' lang='lat'>»</span> 
     </span>
    </p>

    <p class='ocr_par' dir='ltr' id='par_1_12' title="bbox 180 1819 989 1877">
     <span class='ocr_line' id='line_1_24' title="bbox 180 1819 989 1877; baseline -0.001 -11"><span class='ocrx_word' id='word_1_209' title='bbox 180 1823 295 1866; x_wconf 66' lang='lat' dir='ltr'><strong>Ans..</strong></span> <span class='ocrx_word' id='word_1_210' title='bbox 321 1819 428 1865; x_wconf 88' lang='lat' dir='ltr'><strong>dixit</strong></span> <span class='ocrx_word' id='word_1_211' title='bbox 446 1840 456 1867; x_wconf 74' lang='grc' dir='ltr'>ι</span> <span class='ocrx_word' id='word_1_212' title='bbox 480 1823 545 1866; x_wconf 87' lang='lat' dir='ltr'><strong>Ex</strong></span> <span class='ocrx_word' id='word_1_213' title='bbox 566 1824 671 1877; x_wconf 92' lang='lat' dir='ltr'><strong>Deo,</strong></span> <span class='ocrx_word' id='word_1_214' title='bbox 695 1837 786 1866; x_wconf 91' lang='lat' dir='ltr'><strong>non</strong></span> <span class='ocrx_word' id='word_1_215' title='bbox 807 1819 863 1864; x_wconf 88' lang='lat' dir='ltr'><strong>de</strong></span> <span class='ocrx_word' id='word_1_216' title='bbox 884 1824 989 1865; x_wconf 91' lang='lat' dir='ltr'><strong>Deo.</strong></span> 
     </span>
    </p>

    <p class='ocr_par' dir='ltr' id='par_1_13' title="bbox 118 1891 1511 2221">
     <span class='ocr_line' id='line_1_25' title="bbox 179 1891 1511 1951; baseline 0.003 -15"><span class='ocrx_word' id='word_1_217' title='bbox 179 1893 214 1936; x_wconf 89' lang='lat' dir='ltr'><strong>F</strong></span> <span class='ocrx_word' id='word_1_218' title='bbox 220 1909 287 1936; x_wconf 70' lang='grc' dir='ltr'><strong>η.</strong></span> <span class='ocrx_word' id='word_1_219' title='bbox 333 1891 443 1936; x_wconf 87' lang='lat' dir='ltr'><strong>dixit</strong></span> <span class='ocrx_word' id='word_1_220' title='bbox 480 1910 491 1938; x_wconf 75' lang='grc' dir='ltr'>ι</span> <span class='ocrx_word' id='word_1_221' title='bbox 532 1910 553 1935; x_wconf 92' lang='lat'>«</span> <span class='ocrx_word' id='word_1_222' title='bbox 587 1892 632 1937; x_wconf 90' lang='lat' dir='ltr'><strong>Si</strong></span> <span class='ocrx_word' id='word_1_223' title='bbox 668 1891 778 1936; x_wconf 90' lang='lat' dir='ltr'><strong>nihil</strong></span> <span class='ocrx_word' id='word_1_224' title='bbox 809 1902 1036 1951; x_wconf 89' lang='lat' dir='ltr'><strong>peccatum</strong></span> <span class='ocrx_word' id='word_1_225' title='bbox 1065 1901 1128 1937; x_wconf 85' lang='lat' dir='ltr'><strong>est</strong></span> <span class='ocrx_word' id='word_1_226' title='bbox 1144 1927 1156 1949; x_wconf 91' lang='lat'><strong>‚</strong></span> <span class='ocrx_word' id='word_1_227' title='bbox 1195 1902 1240 1938; x_wconf 90' lang='lat' dir='ltr'><strong>et</strong></span> <span class='ocrx_word' id='word_1_228' title='bbox 1276 1894 1422 1940; x_wconf 89' lang='lat' dir='ltr'><strong>anima</strong></span> <span class='ocrx_word' id='word_1_229' title='bbox 1459 1910 1511 1940; x_wconf 88' lang='lat' dir='ltr'><strong>ex</strong></span> 
     </span>
     <span class='ocr_line' id='line_1_26' title="bbox 121 1961 1504 2023; baseline 0.003 -16"><span class='ocrx_word' id='word_1_230' title='bbox 121 1964 213 2007; x_wconf 90' lang='lat' dir='ltr'><strong>Deo</strong></span> <span class='ocrx_word' id='word_1_231' title='bbox 234 1971 319 2018; x_wconf 89' lang='lat' dir='ltr'><strong>est,</strong></span> <span class='ocrx_word' id='word_1_232' title='bbox 349 1970 394 2007; x_wconf 90' lang='lat' dir='ltr'><strong>et</strong></span> <span class='ocrx_word' id='word_1_233' title='bbox 424 1961 593 2022; x_wconf 90' lang='lat' dir='ltr'><strong>polluta</strong></span> <span class='ocrx_word' id='word_1_234' title='bbox 615 1971 701 2018; x_wconf 87' lang='lat' dir='ltr'><strong>est,</strong></span> <span class='ocrx_word' id='word_1_235' title='bbox 727 1971 772 2008; x_wconf 89' lang='lat' dir='ltr'><strong>et</strong></span> <span class='ocrx_word' id='word_1_236' title='bbox 798 1964 916 2008; x_wconf 88' lang='lat' dir='ltr'><strong>venit</strong></span> <span class='ocrx_word' id='word_1_237' title='bbox 937 1963 1136 2009; x_wconf 90' lang='lat' dir='ltr'><strong>Christus</strong></span> <span class='ocrx_word' id='word_1_238' title='bbox 1166 1963 1353 2010; x_wconf 88' lang='lat' dir='ltr'><strong>liberare</strong></span> <span class='ocrx_word' id='word_1_239' title='bbox 1385 1981 1504 2023; x_wconf 88' lang='lat' dir='ltr'><strong>eam,</strong></span> 
     </span>
     <span class='ocr_line' id='line_1_27' title="bbox 122 2032 1503 2094; baseline 0.002 -16"><span class='ocrx_word' id='word_1_240' title='bbox 122 2042 167 2078; x_wconf 89' lang='lat' dir='ltr'><strong>et</strong></span> <span class='ocrx_word' id='word_1_241' title='bbox 189 2048 286 2078; x_wconf 87' lang='lat' dir='ltr'><strong>eam</strong></span> <span class='ocrx_word' id='word_1_242' title='bbox 314 2032 515 2079; x_wconf 88' lang='lat' dir='ltr'><strong>liberavit</strong></span> <span class='ocrx_word' id='word_1_243' title='bbox 536 2049 560 2078; x_wconf 91' lang='lat' dir='ltr'><strong>a</strong></span> <span class='ocrx_word' id='word_1_244' title='bbox 580 2042 759 2094; x_wconf 88' lang='lat' dir='ltr'><strong>peccato</strong></span> <span class='ocrx_word' id='word_1_245' title='bbox 774 2068 785 2090; x_wconf 83' lang='lat'>‚</span> <span class='ocrx_word' id='word_1_246' title='bbox 810 2033 919 2094; x_wconf 89' lang='lat' dir='ltr'><strong>quid</strong></span> <span class='ocrx_word' id='word_1_247' title='bbox 939 2034 1166 2094; x_wconf 88' lang='lat' dir='ltr'><strong>culpamus</strong></span> <span class='ocrx_word' id='word_1_248' title='bbox 1188 2037 1503 2094; x_wconf 80' lang='lat' dir='ltr'><strong>Manichaeum‚</strong></span> 
     </span>
     <span class='ocr_line' id='line_1_28' title="bbox 120 2104 1507 2166; baseline 0.004 -18"><span class='ocrx_word' id='word_1_249' title='bbox 120 2105 198 2165; x_wconf 92' lang='lat' dir='ltr'><strong>qui</strong></span> <span class='ocrx_word' id='word_1_250' title='bbox 233 2105 340 2151; x_wconf 89' lang='lat' dir='ltr'><strong>dicit</strong></span> <span class='ocrx_word' id='word_1_251' title='bbox 381 2114 548 2165; x_wconf 87' lang='lat' dir='ltr'><strong>partem</strong></span> <span class='ocrx_word' id='word_1_252' title='bbox 591 2107 669 2151; x_wconf 89' lang='lat' dir='ltr'><strong>Dei</strong></span> <span class='ocrx_word' id='word_1_253' title='bbox 701 2104 913 2166; x_wconf 82' lang='lat' dir='ltr'><strong>pollutam</strong></span> <span class='ocrx_word' id='word_1_254' title='bbox 954 2121 1066 2163; x_wconf 89' lang='lat' dir='ltr'><strong>esse,</strong></span> <span class='ocrx_word' id='word_1_255' title='bbox 1105 2116 1150 2153; x_wconf 88' lang='lat' dir='ltr'><strong>et</strong></span> <span class='ocrx_word' id='word_1_256' title='bbox 1184 2107 1343 2153; x_wconf 89' lang='lat' dir='ltr'><strong>iterum</strong></span> <span class='ocrx_word' id='word_1_257' title='bbox 1374 2123 1507 2154; x_wconf 85' lang='lat' dir='ltr'><strong>mun·</strong></span> 
     </span>
     <span class='ocr_line' id='line_1_29' title="bbox 118 2174 270 2221; baseline -0.013 0"><span class='ocrx_word' id='word_1_258' title='bbox 118 2174 227 2221; x_wconf 82' lang='lat' dir='ltr'><strong>dari.</strong></span> <span class='ocrx_word' id='word_1_259' title='bbox 249 2194 270 2219; x_wconf 76' lang='lat' dir='ltr'><strong>n</strong></span> 
     </span>
    </p>

    <p class='ocr_par' dir='ltr' id='par_1_14' title="bbox 116 2246 1507 2596">
     <span class='ocr_line' id='line_1_30' title="bbox 177 2246 1507 2308; baseline 0.004 -16"><span class='ocrx_word' id='word_1_260' title='bbox 177 2249 292 2292; x_wconf 67' lang='lat' dir='ltr'><strong>Aua.</strong></span> <span class='ocrx_word' id='word_1_261' title='bbox 317 2246 425 2291; x_wconf 87' lang='lat' dir='ltr'><strong>dixit</strong></span> <span class='ocrx_word' id='word_1_262' title='bbox 448 2266 458 2293; x_wconf 75' lang='grc' dir='ltr'>ε</span> <span class='ocrx_word' id='word_1_263' title='bbox 482 2247 588 2302; x_wconf 86' lang='lat' dir='ltr'><strong>Quia</strong></span> <span class='ocrx_word' id='word_1_264' title='bbox 605 2247 696 2308; x_wconf 84' lang='lat' dir='ltr'><strong>jam</strong></span> <span class='ocrx_word' id='word_1_265' title='bbox 716 2247 939 2294; x_wconf 86' lang='lat' dir='ltr'><strong>confessus</strong></span> <span class='ocrx_word' id='word_1_266' title='bbox 966 2263 1010 2293; x_wconf 89' lang='lat' dir='ltr'><strong>es</strong></span> <span class='ocrx_word' id='word_1_267' title='bbox 1030 2249 1324 2295; x_wconf 86' lang='lat' dir='ltr'><strong>Manichaeum</strong></span> <span class='ocrx_word' id='word_1_268' title='bbox 1353 2249 1507 2297; x_wconf 90' lang='lat' dir='ltr'><strong>dixisse</strong></span> 
     </span>
     <span class='ocr_line' id='line_1_31' title="bbox 117 2316 1503 2380; baseline 0.004 -18"><span class='ocrx_word' id='word_1_269' title='bbox 117 2325 286 2377; x_wconf 86' lang='lat' dir='ltr'><strong>partem</strong></span> <span class='ocrx_word' id='word_1_270' title='bbox 308 2316 386 2361; x_wconf 91' lang='lat' dir='ltr'><strong>Dei</strong></span> <span class='ocrx_word' id='word_1_271' title='bbox 407 2332 496 2362; x_wconf 91' lang='lat' dir='ltr'><strong>esse</strong></span> <span class='ocrx_word' id='word_1_272' title='bbox 516 2317 747 2378; x_wconf 85' lang='lat' dir='ltr'><strong>pollutam,</strong></span> <span class='ocrx_word' id='word_1_273' title='bbox 772 2327 816 2363; x_wconf 90' lang='lat' dir='ltr'><strong>et</strong></span> <span class='ocrx_word' id='word_1_274' title='bbox 837 2317 943 2364; x_wconf 92' lang='lat' dir='ltr'><strong>dicis</strong></span> <span class='ocrx_word' id='word_1_275' title='bbox 964 2335 1053 2364; x_wconf 90' lang='lat' dir='ltr'><strong>non</strong></span> <span class='ocrx_word' id='word_1_276' title='bbox 1075 2334 1165 2364; x_wconf 91' lang='lat' dir='ltr'><strong>esse</strong></span> <span class='ocrx_word' id='word_1_277' title='bbox 1183 2330 1413 2380; x_wconf 87' lang='lat' dir='ltr'><strong>peccatum</strong></span> <span class='ocrx_word' id='word_1_278' title='bbox 1434 2330 1503 2367; x_wconf 88' lang='lat' dir='ltr'><strong>ta-</strong></span> 
     </span>
     <span class='ocr_line' id='line_1_32' title="bbox 116 2386 1505 2447; baseline 0.003 -13"><span class='ocrx_word' id='word_1_279' title='bbox 116 2386 204 2434; x_wconf 89' lang='lat' dir='ltr'><strong>lem</strong></span> <span class='ocrx_word' id='word_1_280' title='bbox 226 2387 522 2447; x_wconf 87' lang='lat' dir='ltr'><strong>blaphemiam</strong></span> <span class='ocrx_word' id='word_1_281' title='bbox 540 2389 585 2433; x_wconf 92' lang='lat' dir='ltr'><strong>in</strong></span> <span class='ocrx_word' id='word_1_282' title='bbox 604 2392 743 2434; x_wconf 91' lang='lat' dir='ltr'><strong>Deum</strong></span> <span class='ocrx_word' id='word_1_283' title='bbox 763 2390 990 2435; x_wconf 86' lang='lat' dir='ltr'><strong>effundere</strong></span> <span class='ocrx_word' id='word_1_284' title='bbox 1016 2410 1025 2436; x_wconf 90' lang='lat'>:</span> <span class='ocrx_word' id='word_1_285' title='bbox 1051 2406 1129 2436; x_wconf 89' lang='lat' dir='ltr'><strong>nos</strong></span> <span class='ocrx_word' id='word_1_286' title='bbox 1149 2401 1296 2437; x_wconf 87' lang='lat' dir='ltr'><strong>autem</strong></span> <span class='ocrx_word' id='word_1_287' title='bbox 1319 2393 1505 2439; x_wconf 90' lang='lat' dir='ltr'><strong>dicimus</strong></span> 
     </span>
     <span class='ocr_line' id='line_1_33' title="bbox 117 2456 1498 2524; baseline 0.005 -22"><span class='ocrx_word' id='word_1_288' title='bbox 117 2456 296 2519; x_wconf 90' lang='lat' dir='ltr'><strong>quidem</strong></span> <span class='ocrx_word' id='word_1_289' title='bbox 316 2473 512 2518; x_wconf 88' lang='lat' dir='ltr'><strong>peccasse</strong></span> <span class='ocrx_word' id='word_1_290' title='bbox 532 2459 720 2504; x_wconf 87' lang='lat' dir='ltr'><strong>animam</strong></span> <span class='ocrx_word' id='word_1_291' title='bbox 735 2476 812 2520; x_wconf 90' lang='lat' dir='ltr'><strong>per</strong></span> <span class='ocrx_word' id='word_1_292' title='bbox 828 2459 1015 2505; x_wconf 86' lang='lat' dir='ltr'><strong>liberum</strong></span> <span class='ocrx_word' id='word_1_293' title='bbox 1036 2462 1280 2520; x_wconf 84' lang='lat' dir='ltr'><strong>arbitrium,</strong></span> <span class='ocrx_word' id='word_1_294' title='bbox 1300 2474 1344 2509; x_wconf 88' lang='lat' dir='ltr'><strong>et</strong></span> <span class='ocrx_word' id='word_1_295' title='bbox 1357 2465 1498 2524; x_wconf 87' lang='lat' dir='ltr'><strong>poeni-</strong></span> 
     </span>
     <span class='ocr_line' id='line_1_34' title="bbox 119 2528 1503 2596; baseline 0.003 -21"><span class='ocrx_word' id='word_1_296' title='bbox 119 2528 253 2577; x_wconf 88' lang='lat' dir='ltr'><strong>tendo</strong></span> <span class='ocrx_word' id='word_1_297' title='bbox 273 2530 452 2591; x_wconf 88' lang='lat' dir='ltr'><strong>purgari</strong></span> <span class='ocrx_word' id='word_1_298' title='bbox 472 2545 551 2591; x_wconf 89' lang='lat' dir='ltr'><strong>per</strong></span> <span class='ocrx_word' id='word_1_299' title='bbox 566 2531 908 2579; x_wconf 88' lang='lat' dir='ltr'><strong>misericordiam</strong></span> <span class='ocrx_word' id='word_1_300' title='bbox 930 2533 1260 2596; x_wconf 24' lang='lat' dir='ltr'><strong>Creatorishsui3</strong></span> <span class='ocrx_word' id='word_1_301' title='bbox 1282 2536 1394 2596; x_wconf 64' lang='lat' dir='ltr'><strong>aquia</strong></span> <span class='ocrx_word' id='word_1_302' title='bbox 1414 2550 1503 2581; x_wconf 91' lang='lat' dir='ltr'><strong>non</strong></span> 
     </span>
    </p>
   </div>
  </div>
 </body>
</html>
