1803 3250
306 188 354 225 “A
736 195 768 222 s.
809 194 1034 222 AUGUS'NNI
1069 193 1248 220 museopr

307 274 424 323 peret
447 265 555 307 sicut
580 264 738 318 homo3
777 262 895 321 quod
928 261 1042 304 bono
1078 275 1155 303 suo
1185 258 1446 313 custodiret,
1481 258 1592 303 malo
1615 274 1693 303 suo

303 342 622 383 contemneret„
649 333 693 376 in
715 342 902 392 utroque
923 341 1067 376 tamen
1092 338 1213 374 inotu
1233 329 1366 373 animi
1382 327 1519 373 libera
1536 329 1693 375 volun-

307 416 391 451 tate
415 415 625 460 uteretur,
644 405 788 464 potius
806 419 938 465 quam
958 413 1107 446 eontra
1131 401 1402 446 voluntatem
1421 400 1476 445 ad
1491 410 1696 446 contene-

308 475 517 521 brandam
547 476 689 520 lucem
714 491 835 520 suam
868 472 1109 517 inevitabili
1133 473 1386 516 necessitate
1407 481 1692 532 permeretur.

303 551 410 593 Nam
431 547 539 592 illud
565 548 704 591 multo
723 548 875 607 utique
899 545 1052 590 melius
1074 553 1198 598 esset,
1222 553 1271 588 ut
1293 554 1560 604 praeceptum
1577 544 1698 589 daret

307 621 509 662 humanae
540 628 708 662 naturae
737 633 868 677 quam
899 625 1174 676 peccaturam
1206 630 1295 659 esse
1319 617 1528 670 nesciret,
1564 631 1697 676 quam

304 699 503 734 naturam
527 705 648 734 suam
671 689 864 733 divinam
887 688 1139 732 necessitate
1169 702 1339 746 pressus
1371 701 1548 745 peceare
1577 701 1700 730 com-

303 761 498 821 pelleret.
530 761 764 820 Evigilate‚
791 769 833 803 et
861 759 991 804 dicite
1023 759 1146 802 nobis
1169 757 1393 818 quomodo
1413 757 1549 803 vincit
1580 766 1700 802 tene-

306 835 426 888 bras,
459 849 591 893 quem
627 833 763 877 vincit
798 832 1042 876 necessitas.
1073 832 1174 875 Haec
1202 832 1290 889 jam
1321 840 1412 874 erat
1436 831 1552 888 apud
1575 829 1699 874 illum

299 904 430 947 hostis
455 905 613 962 major,
639 919 660 947 a
682 918 768 962 qua
788 904 926 945 vietus
945 903 1139 961 etjussus
1157 917 1258 945 eum
1278 902 1446 945 minore
1466 902 1695 960 pugnavit.

303 977 475 1026 Quanto
497 973 649 1017 melius
668 973 851 1017 nesciret
870 972 988 1032 quod
1012 973 1067 1015 ab
1086 973 1176 1031 ejus
1209 973 1320 1016 faeie
1344 971 1522 1031 fugisset
1542 971 1699 1026 Adam,

303 1060 435 1103 quam
470 1045 559 1103 ipse
591 1045 731 1102 primo
764 1059 787 1086 a
826 1042 933 1087 faeie
967 1042 1090 1086 durae
1121 1059 1170 1086 ac
1193 1042 1300 1086 dirae
1338 1043 1629 1095 necessitatis,
1662 1052 1703 1086 et

306 1125 449 1174 postea
478 1133 496 1158 a
529 1115 634 1158 facie
662 1115 842 1158 diversae
878 1124 1009 1173 atque
1046 1115 1236 1157 adversae
1259 1114 1397 1171 gentis
1422 1129 1510 1172 quo
1538 1112 1704 1170 sugeret

305 1201 392 1229 non
434 1187 628 1228 haberet.
668 1192 841 1238 Quanto
875 1185 1028 1228 melius
1062 1193 1232 1228 natura-3
1263 1185 1467 1227 humanae
1491 1183 1706 1228 invideret

306 1260 436 1301 vitam
468 1258 653 1311 beatam,
670 1274 801 1316 quam
828 1266 1028 1301 naturam
1051 1257 1243 1300 divinam
1260 1256 1383 1300 daret
1401 1257 1444 1299 in
1465 1257 1703 1301 miseriam:

310 1328 575 1372 desideraret
611 1330 865 1387 sanguinem
901 1338 943 1372 et
977 1328 1148 1387 adipem
1179 1327 1488 1371 sacrificiorum
1527 1329 1671 1386 potius
1693 1363 1704 1383 ,

309 1415 440 1460 quam
465 1401 554 1458 ipse
583 1400 706 1443 toties
743 1400 872 1443 etiam
906 1399 1032 1443 idolis
1065 1408 1355 1453 mactaretur,
1397 1400 1559 1442 mixtus
1591 1399 1706 1458 adipi

307 1480 349 1515 et
371 1471 568 1527 sanguini
597 1471 795 1514 omnium
823 1471 1100 1515 victimarum
1125 1490 1133 1514 ε
1162 1471 1494 1529 perturbaretur
1520 1470 1638 1524 zelo,
1673 1472 1707 1515 si

309 1540 380 1585 illa
404 1541 609 1585 sacrificia
628 1551 672 1585 et
687 1540 767 1584 diis
791 1540 884 1584 aliis
908 1541 1189 1595 offerrentur,
1217 1541 1360 1600 potius
1383 1557 1516 1600 quam
1537 1541 1628 1600 ipse
1652 1541 1706 1585 li-

309 1621 456 1670 gatus,
490 1627 579 1656 non
606 1610 746 1655 solum
772 1613 815 1654 in
840 1611 1043 1655 omnibus
1074 1611 1292 1656 fructibus
1312 1647 1322 1667 ‚
1349 1613 1633 1656 verumetiam
1664 1613 1708 1656 in

309 1682 514 1726 omnibus
537 1682 741 1725 carnibus
757 1718 766 1735 ,
804 1697 879 1740 per
903 1697 1054 1725 omnes
1082 1697 1175 1726 aras
1197 1683 1403 1728 omnibus
1434 1682 1710 1728 daemonibus

310 1753 556 1797 offerretur.
576 1756 751 1806 Quanto
776 1753 928 1796 melius
957 1752 1026 1797 vel
1048 1753 1241 1797 humana
1265 1753 1569 1813 indignatione
1586 1770 1709 1799 com—

311 1833 454 1867 motus
469 1838 516 1867 ae
530 1824 733 1866 turbidus
753 1823 1035 1882 peccantibus
1051 1833 1094 1867 et
1113 1824 1199 1867 suis
1214 1833 1254 1868 et
1271 1823 1706 1879 alienisiraseeretur‚

311 1910 440 1955 quam
454 1896 546 1954 ipse
560 1911 650 1939 non
667 1895 808 1940 solum
830 1896 875 1938 in
890 1896 1094 1939 omnibus
1109 1896 1408 1950 irascentibus,
1431 1897 1504 1940 sed
1520 1898 1649 1941 etiam
1666 1899 1710 1941 in

312 1967 518 2012 omnibus
544 1968 797 2011 timentibus
821 1968 1072 2011 turbaretur
1095 1989 1105 2023 3
1129 1968 1173 2012 in
1203 1970 1482 2028 peccantibus
1505 1970 1711 2014 omnibus

313 2040 695 2098 coinquinaretur,
722 2041 766 2083 in
786 2039 1002 2084 damnatis
1025 2040 1228 2084 omnibus
1252 2041 1511 2100 puniretur3
1547 2041 1711 2102 ubique

312 2109 470 2167 ligatus
493 2125 543 2153 ex
566 2109 637 2154 illa
661 2126 736 2154 sua
755 2120 899 2170 parte,
926 2126 1057 2171 quarn
1083 2112 1137 2155 ad
1170 2111 1252 2155 tale
1283 2113 1474 2157 dedecus
1497 2113 1711 2157 innoeen-

315 2192 401 2225 tem
426 2183 515 2240 ipse
538 2182 786 2236 damnavit,
821 2192 868 2226 ut
899 2198 975 2241 per
996 2182 1114 2226 illam
1138 2183 1333 2227 vinceret
1355 2183 1473 2243 quod
1499 2185 1709 2241 timebat3

315 2253 443 2296 etiarn
468 2253 557 2311 ipse
581 2253 662 2296 sub
691 2263 778 2297 tam
801 2254 977 2298 exitiosa
1012 2256 1262 2298 necessitate
1297 2254 1527 2299 damnatus
1545 2291 1554 2309 ‚
1589 2265 1637 2300 ut
1672 2256 1710 2300 ei

316 2322 521 2366 damnata
542 2339 636 2380 pars
653 2325 744 2383 ejus
770 2334 911 2382 posset
930 2324 1167 2382 ignoscere,
1194 2325 1227 2368 si
1250 2340 1349 2368 eum
1368 2327 1458 2384 ¹jam
1483 2326 1611 2370 miser
1632 2326 1708 2381 sit,

318 2393 384 2437 vel
417 2394 589 2437 humilis
624 2404 746 2437 esset.
790 2397 914 2439 Nune
954 2404 1098 2438 autem
1126 2398 1223 2454 quis
1257 2394 1367 2439 ferat
1403 2397 1663 2455 reprehendi
1689 2413 1711 2441 a

320 2465 440 2507 vobis
470 2469 602 2507 Deum
627 2465 879 2509 irascentem
904 2466 988 2509 suis
1013 2465 1248 2526 alienisque
1272 2467 1553 2525 peccantibus
1575 2504 1585 2522 ‚
1611 2482 1710 2511 eum

320 2534 425 2577 deus
448 2551 578 2594 quein
605 2536 787 2593 tingitis„
817 2536 1008 2580 membra
1038 2552 1137 2587 sua,
1163 2553 1261 2596 quse
1285 2546 1458 2582 coactus
1489 2538 1630 2595 coegit
1651 2538 1712 2581 ire
