1803 3250
335 195 418 238 204
767 203 801 233 s.
837 204 1069 237 Aucus-nm
1101 207 1285 238 zmscon

332 278 523 336 ipsorum
547 272 708 318 debere
731 287 939 319 evacuare
956 276 1201 321 doctrinam
1218 277 1471 334 Manichaei,
1497 279 1630 324 modo
1649 295 1720 326 au-

332 357 415 391 tem
440 344 575 389 sancti
600 345 797 405 Apostoli
819 362 908 392 non
930 358 1031 392 sunt
1061 349 1105 392 in
1138 363 1320 407 corpore
1346 368 1355 394 :
1380 364 1461 409 ego
1483 350 1690 396 minimus
1706 387 1720 409 ‚

329 432 417 462 non
440 415 581 461 solum
597 418 791 462 omnium
810 420 1135 478 Apostolorum,
1158 419 1232 464 sed
1248 421 1443 465 omnium
1457 422 1719 481 episcorum,

326 496 456 545 (nam
478 487 532 532 ad
557 489 708 533 merita
732 489 1039 550 Apostolorum
1069 491 1248 552 quando
1272 492 1413 552 aspiro
1430 494 1477 551 ‘?)
1506 503 1721 554 quantum

327 559 433 603 mihi
464 560 673 604 Dominus
707 561 761 604 dc
789 561 882 620 ipso
917 563 1079 621 Spiritu
1109 578 1187 607 suo
1220 562 1368 622 largiri
1395 565 1599 623 dignatus
1627 573 1719 620 est,

326 646 489 675 evacuo
510 631 754 676 doctrinam
781 633 1034 688 Manichaei,
1062 649 1163 679 cum
1184 635 1400 693 coeperint
1419 633 1506 694 legi
1528 650 1721 695 sequen-

327 703 385 746 tia
427 701 540 747 illius
583 703 775 763 epistolae
796 740 807 760 ,
854 720 987 764 quam
1021 713 1069 749 tu
1104 706 1194 763 ipse
1231 705 1462 750 Manichaei
1501 721 1592 751 esse
1635 722 1724 752 non

327 789 471 832 negas.

387 849 492 890 FssL.
529 845 636 889 dixit
657 864 665 890 :
703 864 722 887 «
741 845 891 889 Dixisti
913 846 1015 905 quia
1039 846 1236 905 Apostoli
1260 845 1316 890 de
1337 862 1521 906 corpore
1538 863 1725 893 recesse-

327 926 454 970 runt,
478 918 703 972 scripturae
727 932 876 960 corum
910 916 1058 961 valent
1081 933 1220 977 usque
1249 934 1367 962 nunc
1398 937 1407 962 ε
1431 928 1474 962 et
1493 919 1593 978 quia
1617 919 1725 963 dixit

329 987 541 1032 Sanctitas
567 989 674 1041 Tua,
700 997 741 1030 et
757 988 856 1047 quia
880 988 1038 1033 dedisti
1060 998 1319 1048 potestatem
1336 989 1509 1033 dicendi
1526 1005 1626 1050 quae
1642 1006 1724 1035 vo-

326 1058 535 1102 lucrimus
557 1058 648 1101 sine
671 1058 760 1103 ulla
785 1058 1034 1115 formidine,
1061 1059 1202 1104 dixisti
1229 1079 1238 1106 z
1264 1063 1440 1105 Evacuo
1462 1061 1602 1120 legem
1626 1064 1716 1107 Ma-

326 1130 481 1174 nichaei
505 1149 512 1174 :
541 1139 581 1173 et
606 1145 686 1187 ego
709 1130 807 1173 dico
826 1151 833 1174 ε
866 1151 881 1171 «
903 1132 1055 1176 Omnis
1074 1133 1206 1176 homo
1224 1133 1452 1188 mendax¹‚
1473 1134 1589 1178 solus
1607 1137 1722 1179 Deus

330 1220 349 1243 »
370 1217 501 1246 verax
523 1219 530 1245 :
552 1220 570 1241 »
601 1200 835 1260 Scripturae
864 1202 935 1244 Dei
959 1200 1218 1261 loquuntur.
1238 1222 1258 1244 »

387 1275 485 1316 Vll.
522 1275 634 1317 Ano.
662 1272 767 1316 dixit
795 1292 803 1317 :
833 1275 898 1316 Tu
921 1273 1099 1333 quidem
1124 1284 1166 1319 et
1188 1275 1320 1319 homo
1344 1291 1411 1330 es,
1448 1286 1491 1320 et
1519 1277 1629 1321 sicut
1659 1271 1726 1321 res

327 1345 417 1404 ipsa
440 1343 572 1388 modo
595 1344 839 1388 indicatura
862 1354 950 1400 est,
977 1344 1178 1389 mendax.
1216 1349 1271 1390 Et
1306 1347 1514 1406 quoniam
1550 1346 1725 1393 locutus

327 1431 370 1460 es
392 1432 491 1476 quae
511 1414 711 1469 voluisti,
733 1432 822 1460 non
841 1416 895 1460 de
918 1417 1136 1476 Scriptura
1157 1417 1231 1461 Dei
1255 1427 1429 1475 oportet
1447 1428 1490 1462 ct
1511 1434 1579 1462 me
1602 1418 1727 1479 loqui

327 1487 446 1548 quod
470 1487 585 1532 volo.
615 1488 658 1531 Si
691 1487 807 1530 enim
839 1488 996 1532 veritas
1029 1496 1092 1531 est
1119 1487 1352 1532 Manichaei
1386 1489 1476 1544 tui,
1503 1504 1583 1534 nec
1606 1506 1630 1533 a
1658 1504 1727 1533 me

328 1559 492 1604 destrui
514 1558 702 1618 poterit:
729 1558 763 1602 si
787 1556 949 1603 falsitas
979 1568 1065 1614 est,
1105 1559 1213 1619 quid
1242 1560 1418 1604 interest
1453 1577 1476 1605 a
1504 1577 1594 1621 quo
1628 1561 1728 1606 des-

328 1631 537 1674 truatur?
562 1632 725 1673 Tamen
754 1630 855 1689 quia
888 1628 942 1673 de
974 1629 1286 1689 Apostolorum
1321 1632 1532 1691 scriptura
1555 1631 1726 1688 dixisti,

329 1701 449 1762 quod
472 1700 551 1745 etsi
579 1699 641 1744 illi
672 1716 762 1745 non
783 1702 869 1745 sint
891 1700 936 1744 in
957 1716 1139 1760 corpore
1155 1737 1166 1756 ,
1192 1711 1293 1746 sunt
1315 1702 1385 1746 hic
1406 1703 1632 1762 scripturae
1653 1717 1727 1747 eo-

329 1788 426 1818 rum
449 1792 457 1818 :
484 1781 586 1818 ante
608 1772 818 1832 assumpti
839 1780 942 1816 sunt
960 1772 1179 1832 Apostoli,
1206 1789 1338 1833 quam
1358 1789 1478 1817 error
1496 1774 1727 1819 Manichaei

330 1854 456 1889 natus
481 1845 523 1887 in
547 1843 715 1888 mundo
733 1843 900 1899 fuerat3
926 1853 1155 1903 propterea
1180 1859 1267 1888 non
1288 1845 1572 1889 inveniuntur
1592 1845 1728 1905 scrip-

332 1925 441 1962 turae
467 1916 773 1976 Apostolorum
793 1914 1017 1960 evidenter
1035 1925 1186 1960 contra
1204 1916 1498 1961 Manichaeum
1519 1915 1727 1961 disseren-

333 1997 408 2033 tes.
443 1991 753 2032 Verumtamen
777 1988 898 2049 quod
928 1987 1147 2047 apostolus
1176 1988 1336 2032 Paulus
1370 1989 1415 2032 in
1449 1988 1612 2048 Spiritu
1644 1988 1728 2034 isto

331 2070 480 2105 sancto
504 2059 729 2105 Paraclcto
746 2075 879 2121 quem
903 2068 1149 2118 acceperat,
1178 2057 1376 2103 futurum
1400 2059 1650 2119 praeviderit
1673 2059 1728 2104 de

332 2131 490 2176 talibus
506 2168 517 2187 ,
543 2132 684 2192 qualis
707 2131 976 2177 Manichacus
998 2130 1096 2185 fuit,
1117 2130 1267 2191 quales
1291 2133 1388 2175 estis
1411 2141 1453 2175 ct
1471 2147 1568 2185 vos,
1594 2131 1728 2176 recito

331 2213 380 2246 ut
398 2218 618 2261 agnoscas.
651 2206 707 2248 Et
729 2213 905 2262 accepta
930 2201 1123 2262 Epistola
1149 2201 1333 2261 apostoli
1359 2203 1477 2246 Pauli
1507 2201 1563 2246 ad
1582 2202 1730 2246 Timo-

334 2274 482 2318 theum
519 2275 623 2334 legit
650 2295 658 2320 :
696 2276 921 2335 «Spiritus
955 2284 1101 2318 autem
1138 2272 1363 2317 manifeste
1396 2273 1523 2328 dicit,
1550 2273 1652 2333 quia
1684 2274 1729 2316 in

335 2362 355 2385 »
382 2344 622 2389 novissimis
654 2346 925 2405 temporibus
959 2344 1163 2388 recedent
1194 2344 1371 2400 quidem
1396 2361 1418 2384 a
1443 2345 1529 2383 fide
1546 2376 1557 2395 ‚
1583 2350 1728 2385 atten-

337 2434 356 2458 »
392 2414 544 2458 dentes
574 2418 793 2472 spiritibus
822 2416 1147 2465 seductor-ihm,
1174 2410 1383 2455 doctrinis
1406 2410 1727 2456 daemoniorum

337 2505 356 2529 »
392 2486 436 2529 in
458 2485 677 2544 hypocrisi
705 2482 1140 2542 mendaciloquorum
1161 2518 1171 2537 ‚
1205 2483 1487 2529 cauteriatam
1516 2484 1727 2528 habentes

386 2580 393 2597 ι
413 2570 494 2604 Psal.
514 2580 596 2611 cxv,
617 2579 648 2602 2.
