1803 3250
343 183 423 221 338
777 188 809 216 s.
847 190 1078 219 Aucus-rim
1113 192 1292 220 ssmscori

339 274 442 318 ergo
464 257 622 301 mirum
645 256 679 300 si
700 255 747 299 in
774 264 862 300 tam
891 272 1046 316 magna
1069 258 1350 302 universitate
1369 266 1537 302 naturae
1558 268 1623 303 est
1645 258 1726 302 ali-

336 330 458 391 quod
475 328 674 372 infimum
694 327 857 373 bonum
888 329 933 374 in
962 330 1190 374 ordinibus
1209 339 1471 390 temporum,
1496 330 1615 390 quod
1638 346 1727 375 non

337 398 638 460 permansione
662 414 822 455 rerum,
837 400 949 445 sicut
963 401 1175 445 nonnulla
1193 400 1394 445 sublimia
1413 395 1728 460 spiritalia,‘sed

336 487 412 531 pro
433 470 592 516 decore
615 470 680 514 sui
699 473 890 530 generis,
916 473 1003 518 imo
1021 483 1153 533 atquc
1176 482 1349 518 terreno
1372 483 1527 518 exortu
1549 488 1728 518 occasu-

333 557 421 603 que
441 542 497 586 sit
521 541 795 602 pulchrum?

391 616 471 658 lx.
507 616 616 666 Quae
637 629 739 658 cum
761 614 821 658 ita
846 615 949 669 sint,
975 630 1065 659 non
1086 615 1378 659 calumnietur
1395 614 1557 659 dicenti
1583 615 1730 674 Scrip-

334 694 471 730 turae:
506 684 663 729 «Vidit
695 688 807 729 Deus
834 685 977 729 lucem
1008 687 1110 745 quia
1142 687 1255 730 bona
1285 689 1390 730 cst¹.
1411 705 1432 728 »
1459 689 1557 731 Non
1587 686 1730 731 solum

330 757 447 802 enim
469 756 611 800 lucem
645 772 777 817 quam
802 756 972 801 vocavit
1005 757 1144 811 diem,
1182 767 1225 801 ct
1252 759 1576 802 firmamentum
1607 757 1730 818 quod

331 829 504 874 vocavit
524 827 688 872 coelum
707 861 717 881 ‚
744 837 788 871 et
809 828 945 871 solem
971 837 1015 871 et
1034 828 1185 872 lunam
1207 838 1251 873 et
1273 839 1429 874 caetera
1451 830 1591 874 sidera
1617 849 1626 874 :
1650 845 1726 873 ve·-

331 899 560 943 rumetiam
594 898 712 956 ligna
736 907 779 942 et
807 898 962 943 herhas
977 934 988 952 ,
1011 900 1120 943 etin
1142 901 1265 960 aquis
1288 917 1338 945 ac
1359 902 1484 945 terris
1503 916 1731 961 quaecum·

330 985 417 1030 que
441 967 655 1023 mortalia,
680 977 725 1012 et
746 969 908 1014 creavit
935 973 1045 1015 Dens
1061 987 1237 1016 summe
1260 973 1419 1028 bonus⁷
1439 982 1483 1016 et
1501 972 1609 1017 vidit
1628 972 1734 1032 quia

332 1043 448 1086 hona
463 1050 568 1086 sunt
588 1041 630 1084 in
649 1056 806 1099 genere
822 1051 956 1101 atque
975 1042 1130 1087 ordine
1144 1059 1238 1088 suo.
1265 1046 1354 1089 Nec
1379 1044 1524 1088 timuit
1540 1044 1616 1104 qui
1636 1044 1734 1103 Spi-

332 1113 418 1157 ritu
442 1113 518 1157 Dei
551 1111 770 1157 revelante
797 1114 968 1173 scripsit
998 1114 1120 1158 hunc
1151 1113 1340 1170 librum,
1374 1114 1547 1160 futuros
1575 1115 1734 1174 impios

332 1184 681 1244 reprehensores,
705 1183 981 1245 vaniloquos,
1001 1193 1047 1228 et
1070 1189 1227 1229 mentis
1245 1185 1514 1240 seductores,
1532 1186 1736 1245 primitus

331 1270 438 1310 suae,
464 1254 625 1299 deinde
639 1255 839 1310 aliorum,
862 1271 972 1316 quos
985 1255 1176 1300 delectat
1191 1255 1445 1317 blasphema
1463 1256 1732 1317 loquacitas:

333 1326 439 1388 quia
460 1335 505 1370 et
526 1327 641 1385 ipsos
662 1327 708 1372 in
731 1336 950 1387 quantum
974 1327 1173 1372 homines
1193 1337 1321 1383 sunt,
1346 1329 1393 1371 in
1408 1337 1625 1388 quantum
1641 1343 1731 1372 cor⁴

334 1413 438 1459 pore
459 1406 591 1458 atque
614 1398 758 1443 anima
779 1398 980 1443 rationali
1003 1408 1228 1454 constant,
1263 1399 1312 1442 in
1343 1408 1563 1460 quantum
1593 1414 1736 1444 mem-

334 1470 412 1514 bra
445 1470 638 1529 corporis
671 1485 825 1514 eorum
859 1470 946 1514 suis
976 1470 1312 1528 distinguuntur
1340 1471 1497 1516 officiis
1518 1506 1529 1527 ,
1562 1480 1606 1516 et
1624 1486 1736 1516 con-

333 1541 584 1586 cordissima
620 1539 874 1586 differentia
917 1542 963 1585 in
1000 1541 1217 1586 unitatem
1257 1558 1347 1587 suae
1383 1543 1504 1603 pacis
1545 1542 1736 1588 mirabili

291 1628 294 1631 ’
334 1611 609 1658 ordinatione
628 1613 940 1668 consentiunt,
970 1613 1017 1657 in
1037 1623 1256 1674 quantum
1287 1615 1431 1660 anima
1454 1614 1514 1660 cis
1545 1614 1736 1659 naturali

332 1682 588 1729 excellentia
602 1693 779 1743 praestat
801 1693 934 1744 atque
951 1684 1154 1744 imperat,
1170 1684 1217 1730 in
1229 1695 1446 1746 quantum
1463 1701 1614 1731 sensus
1638 1701 1734 1731 car-

334 1756 400 1800 nis
418 1755 621 1817 quinque
635 1757 816 1815 partitos
836 1755 991 1816 implet
1013 1772 1061 1802 ac
1080 1766 1268 1816 vegetat,
1291 1756 1490 1802 dissimili
1507 1758 1703 1818 potentia
1718 1792 1731 1813 ‚

332 1827 480 1874 sociali
497 1828 804 1872 convenientia
822 1863 833 1882 ,
858 1828 905 1872 in
936 1838 1153 1889 quantum
1176 1829 1308 1874 etiam
1332 1839 1479 1874 mente
1505 1839 1733 1890 atque-ra-

334 1901 470 1953 tione,
495 1899 617 1960 quod
643 1898 831 1944 bestialis
850 1899 994 1944 anima
1016 1915 1108 1944 non
1128 1899 1260 1956 valet,
1279 1911 1424 1960 potest
1442 1917 1592 1961 sapere
1605 1911 1738 1962 atque

335 1969 594 2029 intelligere,
610 1969 719 2014 vidit
735 1974 847 2015 Deus
863 1970 967 2031 quia
985 1971 1092 2015 boni
1112 1981 1241 2030 sunt3
1266 1982 1308 2016 et
1321 1972 1422 2017 idco
1442 1973 1620 2018 creavit.
1641 1975 1739 2018 Non

337 2042 453 2086 enim
488 2051 660 2086 tantum
687 2050 856 2086 creatos
884 2051 1034 2102 postea
1061 2042 1202 2101 vidit3
1231 2043 1307 2089 sed
1337 2053 1381 2088 et
1405 2044 1614 2090 creandos
1636 2053 1738 2089 ante

338 2112 536 2173 praevidit
555 2132 568 2159 ι
590 2121 635 2158 et
655 2112 778 2173 quod
800 2129 1000 2174 perversa
1020 2114 1250 2160 voluntate
1272 2125 1316 2160 et
1338 2131 1455 2161 coeco
1473 2131 1618 2161 errore
1641 2132 1735 2161 ma-

338 2182 444 2244 ligni
466 2193 595 2240 sunt‚
621 2200 713 2229 non
735 2184 836 2230 ideo
858 2184 970 2230 vidit
991 2185 1113 2247 quod
1132 2202 1221 2231 non
1243 2187 1599 2246 essentcreandi3
1622 2203 1738 2248 prae-

338 2256 447 2300 vidit
469 2256 587 2301 enim
607 2255 684 2300 uhi
701 2258 791 2301 sint
809 2256 1047 2302 ordinandi
1070 2276 1080 2303 ε
1105 2267 1150 2302 et
1169 2258 1231 2303 sic
1253 2274 1326 2304 eos
1349 2275 1399 2303 ex
1425 2259 1577 2304 eadem
1601 2275 1737 2305 massa

337 2327 489 2387 primae
508 2328 878 2388 praevaricationis
900 2328 1054 2373 merito
1076 2325 1283 2375 damnata
1312 2329 1418 2375 feeit
1438 2346 1538 2376 vasa
1556 2331 1634 2376 irae
1646 2335 1680 2386 ²,
1704 2332 1741 2376 si

336 2414 476 2460 usque
505 2399 551 2444 in
575 2400 708 2444 fidem
729 2399 776 2445 in
797 2401 880 2445 hac
901 2399 1175 2461 malignitate
1198 2403 1466 2463 perdurant,
1489 2412 1539 2448 ut
1566 2403 1738 2464 prosint

335 2470 446 2516 vasis
465 2470 791 2529 misericordiae,
815 2487 906 2533 quo
923 2487 1001 2533 per
1020 2488 1175 2518 eorum
1192 2476 1393 2520 acumina
1415 2475 1617 2520 vanitatis
1630 2472 1736 2519 dili-

382 2558 395 2577 ¹
412 2558 493 2590 Gen.
515 2568 538 2598 1,
557 2555 591 2599 4.
608 2574 649 2583 —
666 2564 677 2581 ²
703 2559 795 2591 Rom.
811 2569 858 2600 ix,
876 2559 930 2591 23.
