1803 3250
341 186 419 223 176
780 191 814 220 5.
852 190 1080 221 Aucos‘rtm
1116 194 1294 222 Episcopi

337 261 614 320 praeceperit,
643 258 761 304 aliud
783 274 892 314 cras,
912 260 1148 319 prohibens
1165 260 1295 304 etiam
1312 258 1432 319 quod
1451 268 1549 304 ante
1567 275 1720 320 praecc-

335 340 454 390 perat
476 350 486 384 3
510 331 568 374 sic
591 330 704 374 enim
738 345 782 374 se
810 330 941 375 habet
969 330 1150 375 sanandi
1171 332 1262 390 ejus
1285 331 1477 390 corporis
1497 332 1605 375 ratio
1629 351 1636 376 :
1662 332 1721 376 ita

331 417 466 460 genus
484 401 727 445 humanum
745 401 799 446 ab
818 402 956 446 Adam
972 417 1109 462 usque
1127 402 1171 445 iu
1190 401 1320 445 finem
1339 401 1502 457 saeculi,
1524 402 1721 462 quandiu

328 487 485 531 corpus
527 471 647 531 quod
683 472 1006 532 corrumpitur,
1046 482 1249 532 aggravat
1285 472 1517 525 animam¹‚
1550 487 1716 532 aegrum

327 552 457 603 atque
480 544 696 599 saucium,
722 559 811 588 non
829 543 961 588 debet
979 543 1170 588 divinam
1194 544 1512 603 reprehendere
1535 543 1717 589 medici-

331 630 429 659 nam
445 649 455 669 ,
501 615 534 658 si
576 615 620 658 in
653 615 919 674 quibusdam
956 615 1036 659 lioc
1074 615 1205 670 idem,
1242 615 1284 658 in
1315 614 1581 674 quibusdam
1619 630 1722 659 vero

329 684 450 729 aliud
468 685 610 744 prius,
637 683 758 729 aliud
780 685 1011 744 posterius,
1037 685 1361 729 observandum
1384 700 1474 728 esse
1496 685 1719 744 praecipit,

330 757 565 816 praesertim
587 757 690 816 quia
712 771 756 800 se
779 755 898 799 aliud
918 764 1234 814 praecepturam
1258 770 1347 798 esse
1368 756 1577 814 promisit.

387 831 482 872 XV.
518 827 647 872 Nulla
676 841 780 885 ergo
799 826 1068 884 comparatio
1086 835 1147 869 est
1168 860 1178 880 ,
1205 842 1334 886 quam
1354 829 1538 871 Faustus
1560 827 1720 872 obten-

325 899 416 952 dit,
450 899 508 942 ita
526 899 649 942 vobis
675 896 949 942 Paracletum
967 913 1018 940 ex
1039 899 1161 942 Novo
1181 899 1458 942 Testamento
1482 898 1603 958 quod
1625 915 1720 944 cre-

325 969 436 1013 datis
459 968 651 1026 elegisse,
675 977 719 1012 et
742 966 863 1027 quod
882 968 1092 1026 respuatis
1115 968 1492 1023 demonstravisse,
1513 971 1721 1030 cumipse

324 1043 446 1086 Novo
477 1042 754 1083 Testamento
775 1039 908 1082 fuerit
940 1040 1254 1098 prophetatus,
1292 1040 1403 1084 sicut
1423 1041 1549 1085 nobis
1571 1042 1720 1087 Chris-

326 1120 393 1156 tus
419 1110 524 1156 fecit
561 1126 611 1153 ex
645 1112 818 1164 Vetere,
855 1124 944 1169 quo
977 1109 1173 1154 similiter
1196 1111 1480 1169 prophetatus
1511 1120 1587 1156 est.
1626 1116 1719 1159 Hoc

323 1183 442 1228 enim
471 1182 616 1242 aliqua
637 1180 857 1226 verisimili
888 1182 1056 1226 ratione
1081 1181 1326 1237 diceretur,
1353 1183 1387 1226 si
1414 1192 1523 1228 esset
1553 1183 1717 1245 aliquid

324 1256 369 1298 in
385 1253 551 1298 Veteris
571 1252 832 1297 Testamenti
851 1251 988 1307 libris,
1010 1252 1131 1313 quod
1149 1269 1226 1298 nos
1244 1253 1488 1299 diceremus
1501 1271 1589 1300 non
1607 1265 1718 1302 recte

323 1325 509 1379 dietum,
541 1339 629 1369 non
659 1322 1084 1383 divinitusjussnm,
1124 1339 1214 1368 non
1249 1325 1456 1369 veraciter
1487 1327 1712 1386 scriptum.

323 1394 439 1441 Nihil
464 1396 621 1440 horum
644 1394 828 1438 dicimus
850 1413 858 1438 :
880 1393 955 1438 sed
978 1394 1213 1454 accipimus
1237 1396 1397 1448 omnia,
1423 1397 1510 1441 sive
1526 1414 1625 1458 quae
1642 1398 1716 1443 ob·

321 1482 567 1521 servamus,
594 1474 643 1509 ut
664 1474 779 1510 recte
802 1466 995 1509 vivamus
1016 1487 1026 1523 ·,
1050 1466 1138 1509 sive
1169 1482 1269 1526 quac
1292 1482 1380 1511 non
1403 1467 1683 1514 observamus
1701 1504 1712 1524 ,

323 1547 372 1582 ut
390 1547 536 1582 tamen
558 1545 600 1580 et
622 1536 712 1595 ipsa
732 1545 835 1580 tuuc
850 1535 894 1579 in
911 1536 1137 1596 prophetia
1158 1538 1275 1596 jussa
1293 1546 1336 1581 et
1355 1537 1580 1583 observata
1596 1555 1714 1584 nunc

314 1609 404 1668 jam
424 1606 633 1667 compleri
653 1606 892 1651 videamus.
916 1607 1081 1651 Deinde
1102 1607 1374 1652 Paracletum
1398 1609 1510 1653 sicut
1529 1611 1713 1669 promis-

320 1695 415 1724 sum
433 1678 615 1738 legimus
637 1678 682 1722 in
711 1677 759 1721 iis
779 1676 915 1731 libris,
940 1692 1130 1737 quorum
1154 1693 1244 1723 non
1271 1679 1415 1723 omnia
1444 1679 1574 1725 vultis
1598 1682 1713 1726 acci-

322 1766 449 1810 pere,
471 1749 531 1794 ita
554 1758 597 1794 et
617 1749 795 1794 missum
820 1747 1004 1806 legimus
1028 1748 1074 1792 in
1091 1765 1142 1793 eo
1165 1748 1296 1805 libro,
1329 1765 1462 1810 quem
1487 1752 1713 1797 nominare

319 1822 450 1866 etiam
473 1819 728 1865 formidatis.
756 1822 805 1863 In
835 1819 1015 1863 Actibus
1037 1820 1201 1879 quippe
1232 1820 1564 1879 Apostolorum,
1598 1823 1711 1868 sicut

319 1902 362 1938 et
384 1908 496 1952 saepe
525 1900 569 1936 et
594 1890 727 1951 paulo
752 1899 852 1934 ante
881 1891 1240 1946 commemoravi,
1267 1892 1530 1951 apertissime
1555 1892 1711 1952 legitur

319 1964 471 2009 missus
494 1962 564 2007 die
587 1966 864 2008 Pentecostes
884 1961 1067 2021 Spiritus
1089 1971 1286 2017 sanctus,
1313 1963 1390 2023 qui
1421 1963 1549 2009 etiam
1580 1981 1711 2026 opere

318 2033 609 2079 manifestavit
646 2027 748 2094 quis*
777 2036 931 2077 esset²²
972 2032 1149 2092 Linguis
1183 2033 1299 2076 enim
1332 2033 1534 2080 omnibus
1574 2035 1709 2081 locuti

315 2115 432 2162 sunt,
454 2107 529 2167 qui
552 2121 654 2150 eum
681 2105 882 2166 primitus
910 2114 1171 2165 acceperunt
1197 2125 1205 2149 2
1239 2114 1286 2149 ut
1317 2106 1400 2150 hoe
1433 2107 1562 2161 etiam
1586 2109 1708 2166 siguo

317 2179 587 2239 promitteret
612 2178 657 2222 in
679 2177 834 2236 linguis
859 2176 1078 2231 omnibus,
1106 2177 1188 2221 hoc
1208 2185 1287 2231 est,
1309 2177 1354 2220 in
1377 2178 1582 2223 omnibus
1596 2195 1706 2239 gen-

317 2249 431 2294 tibus
456 2249 648 2294 futuram
667 2246 920 2303 Ecclesiam,
947 2263 1046 2307 quae
1067 2247 1190 2292 illum
1217 2248 1330 2292 sicut
1353 2250 1525 2294 Patrem
1559 2259 1601 2294 et
1630 2251 1705 2294 Fi-

312 2321 419 2366 lium
444 2321 663 2366 verissime
681 2318 952 2380 praedicaret.

372 2394 492 2436 XVI.
530 2393 615 2436 Vos
639 2406 739 2450 ergo
756 2391 846 2450 jam
865 2389 1013 2445 dicite,
1045 2405 1180 2449 quare
1204 2405 1292 2434 non
1319 2390 1536 2450 accipiatis
1557 2393 1703 2437 omnia

314 2479 366 2508 ex
387 2461 507 2507 libris
527 2463 638 2509 Novi
665 2462 926 2507 Testamenti
945 2496 955 2516 ,
982 2469 1130 2506 utrum
1152 2461 1253 2520 quia
1277 2477 1365 2506 non
1385 2471 1486 2507 sunt
1514 2465 1703 2523 Aposto-

362 2554 369 2571 ¹
396 2550 470 2590 Sap.
490 2558 533 2590 ix,
558 2546 607 2580 15.
629 2564 668 2572 -
686 2554 695 2569 ²
724 2549 794 2580 Act.
817 2557 850 2588 n,
868 2545 901 2589 4.
