1803 3250
348 226 431 266 382
779 236 811 262 s.
848 232 1078 264 Auousnm
1114 236 1291 263 EPlscom

349 319 370 343 ι)
395 306 638 359 operante8‚
661 306 703 341 et
726 298 971 343 mercedem
992 309 1190 344 mutuam
1209 315 1341 360 quam
1360 304 1554 360 oportuit
1576 318 1730 348 erroris

349 390 368 412 »
392 370 457 414 sui
480 370 525 413 in
547 368 787 428 semetipsis
821 370 1116 429 recipientes¹.
1141 391 1158 412 »
1198 370 1240 415 Si
1274 371 1504 431 quisquam
1535 372 1733 418 inimicus

347 438 543 500 Apostoli
565 438 696 484 vellet
721 456 772 484 ex
794 440 860 484 his
883 441 1024 486 verbis
1050 440 1148 485 talia
1179 441 1322 486 dicere
1337 477 1347 497 ,
1383 443 1528 502 qualia
1551 443 1656 488 dicit
1683 461 1734 489 ex

347 512 558 556 librorum
602 513 810 555 Veterum
852 512 1114 572 quibusdam
1155 512 1256 558 locis
1300 515 1378 558 iste
1421 514 1700 574 blasphemus
1720 551 1731 571 ‚

347 597 495 627 nonne
515 582 697 626 haberet
716 582 903 642 amplam
927 584 1149 628 materiam
1175 585 1217 627 in
1240 599 1327 644 qua
1354 584 1596 645 loquaciter
1621 586 1736 631 insa-

349 656 461 699 niret
478 675 489 712 3
513 664 555 698 et
575 664 742 715 quanto
761 655 840 699 sibi
857 655 1110 699 viderentur
1130 655 1352 701 disertiora
1371 657 1502 711 dieta,
1522 667 1643 702 tanto
1658 658 1736 702 de-

348 726 611 771 testabiliora
635 725 864 770 maledicta
884 727 1095 786 jactaret3
1122 728 1307 770 maxime
1325 729 1426 787 quia
1448 727 1613 772 dietum
1638 739 1702 773 est
1724 749 1732 774 ;

350 817 370 840 «
395 797 640 844 Mercedem
666 808 864 840 mutuam
882 812 1011 856 qnam
1030 799 1224 856 oportuit
1248 798 1403 842 erroris
1424 800 1489 843 sui
1512 800 1557 843 in
1578 810 1735 844 semet—

349 887 370 910 »
392 869 493 929 ipsis
522 868 805 927 recipientes?
826 886 846 908 η
883 868 1135 927 Oportuisse
1162 869 1326 928 quippe
1360 885 1448 914 non
1483 881 1546 915 est
1573 872 1736 915 veritus

346 940 489 984 dicere
517 939 750 998 Apostolus
770 974 780 993 ‚
816 948 866 982 ut
887 940 961 999 qui
984 950 1193 983 creaturae
1215 940 1359 999 potius
1388 957 1519 1000 quam
1542 943 1736 986 Creatori

346 1011 609 1064 servierunt,
634 1010 790 1053 erroris
816 1009 881 1053 sui
908 1009 1151 1054 mercedem
1170 1045 1180 1065 ,
1213 1027 1300 1055 non
1326 1012 1448 1056 inviti
1472 1013 1565 1056 haec
1594 1014 1737 1072 turpia

345 1080 567 1140 patiendo,
592 1079 667 1124 sed
688 1079 874 1124 libenter
895 1080 1113 1135 faciendo,
1137 1082 1379 1140 reciperent
1400 1101 1408 1126 :
1428 1083 1594 1142 judicio
1617 1083 1734 1128 scili-

345 1162 414 1198 cet
431 1188 442 1207 ,
467 1168 556 1197 non
577 1151 760 1212 alicujus
778 1153 966 1198 hominis
991 1152 1348 1208 immundissimi,
1374 1170 1504 1214 quem
1527 1154 1629 1199 talia
1656 1155 1736 1200 de-

346 1224 572 1279 lectarent,
598 1223 671 1268 sed
689 1224 914 1284 justissimi
936 1225 1040 1280 Dei,
1067 1225 1142 1285 qui
1163 1225 1341 1270 tradidit
1363 1242 1435 1270 eos
1458 1228 1502 1270 in
1521 1227 1737 1286 passiones

345 1296 592 1354 ignominiae
608 1317 619 1354 3
638 1305 688 1340 ut
702 1296 881 1340 erimina
896 1297 1148 1340 criminibus
1162 1296 1453 1351 vindicentur,
1468 1307 1512 1342 et
1523 1298 1735 1357 supplicia

345 1366 620 1426 peccantium
644 1382 732 1411 non
755 1367 840 1411 sint
861 1376 1102 1422 tormenta,
1127 1367 1201 1411 sed
1223 1369 1491 1412 incrementa
1510 1369 1732 1412 vitiorum.

347 1437 525 1496 Sapiens
540 1447 685 1481 autem
702 1453 802 1482 eum
814 1438 908 1482 haec
922 1437 1060 1492 audit,
1082 1439 1216 1496 ipsam
1231 1439 1364 1496 magis
1378 1440 1422 1482 in
1434 1439 1515 1483 hac
1529 1440 1616 1484 vita
1629 1440 1737 1484 iram

344 1508 421 1552 Dei
445 1509 592 1563 timet,
617 1524 704 1568 qua
728 1510 860 1552 homo
877 1524 966 1552 nou
985 1509 1150 1568 patitur
1172 1510 1291 1569 quod
1309 1510 1463 1554 acriter
1489 1510 1634 1566 dolet,
1661 1511 1737 1556 sed

343 1578 447 1623 facit
468 1579 590 1638 quod
620 1580 804 1638 turpiter
835 1579 972 1637 libet,
997 1588 1041 1623 et
1062 1581 1151 1639 ejus
1175 1580 1245 1623 cui
1269 1580 1368 1624 talia
1386 1580 1550 1641 judicia
1581 1581 1735 1641 displi-

342 1661 458 1706 cent,
484 1651 616 1696 verba
636 1651 784 1695 insana
810 1651 1068 1705 contemnit,
1095 1652 1196 1712 quia
1220 1652 1264 1694 in
1287 1653 1381 1710 ipso
1411 1668 1586 1711 poenam
1620 1654 1734 1697 Pha·

342 1722 500 1776 raonis,
516 1723 600 1766 hoc
617 1730 697 1776 est,
721 1721 913 1766 indurati
929 1721 1072 1766 cordis
1094 1723 1301 1783 agnoscit.
1324 1724 1368 1768 Si
1385 1724 1500 1767 enirn
1522 1723 1736 1784 quosdam

342 1792 417 1851 qui
442 1808 531 1837 non
552 1793 851 1852 probaverunt
889 1796 1023 1836 Deum
1062 1794 1223 1838 habere
1253 1794 1298 1838 in
1333 1795 1515 1850 notitia,
1559 1795 1737 1840 tradidit

344 1866 456 1907 Deus
480 1865 524 1908 in
557 1864 789 1923 reprobam
813 1873 1030 1918 mentem,
1066 1874 1114 1908 ut
1146 1863 1310 1909 faciant
1337 1882 1438 1925 quae
1468 1882 1556 1910 non
1579 1881 1736 1911 conve-

342 1935 493 1993 niunt3
516 1935 624 1996 quid
644 1935 818 1990 mirum,
837 1935 871 1978 si
888 1944 931 1978 et
947 1935 1079 1979 istum
1097 1935 1172 1995 qui
1191 1936 1337 1980 divina
1359 1938 1630 1996 blasphemat
1647 1937 1732 1982 elo-

342 2006 460 2066 quia,
487 2006 664 2051 tradidit
689 2010 802 2051 Deus
830 2007 875 2050 in
904 2006 1132 2066 reprobam
1162 2017 1354 2052 mentem
1373 2044 1384 2064 ‚
1417 2018 1468 2052 ut
1495 2008 1612 2054 dieat
1634 2025 1734 2070 quae

342 2092 431 2122 non
445 2079 744 2123 conveniunt?
770 2078 839 2123 Sic
861 2078 978 2122 enim
1005 2079 1221 2138 «Oportet
1239 2080 1422 2124 haereses
1439 2096 1544 2135 esse,
1566 2090 1615 2125 ut
1634 2097 1734 2140 pro-

344 2167 364 2191 »
388 2149 501 2205 bati,
528 2151 672 2211 inquit
700 2150 956 2210 Apostolus,
982 2149 1197 2194 manifesti
1220 2151 1327 2195 fiant
1354 2152 1397 2196 in
1426 2152 1549 2197 vobis
1563 2156 1595 2196 2.
1617 2171 1636 2193 »
1667 2153 1735 2198 Sic

341 2235 440 2266 vasa
463 2222 537 2266 irae
552 2221 658 2267 locis
676 2221 879 2281 congruis
894 2230 937 2265 et
954 2222 1223 2281 temporibus
1241 2221 1516 2279 ordinantur,
1541 2233 1591 2268 ut
1604 2224 1732 2268 etiam

342 2293 397 2337 de
419 2293 519 2353 ipsis
540 2302 663 2338 notas
682 2292 812 2338 faciat
837 2297 948 2338 Deus
968 2291 1139 2338 divitias
1157 2293 1306 2353 gloriae
1326 2310 1416 2339 suae
1432 2295 1477 2339 in
1492 2310 1594 2340 vasa
1611 2295 1733 2339 mise-

342 2365 581 2420 ricordiae³‚
620 2381 719 2426 quae
751 2366 806 2409 de
839 2381 975 2409 massa
1008 2365 1201 2425 ejusdem
1232 2364 1524 2411 damnationis
1552 2367 1666 2411 fiunt
1687 2367 1734 2410 in

342 2435 570 2491 honorem,
595 2436 729 2494 gratia
752 2435 886 2491 illius,
911 2451 1000 2480 non
1018 2436 1180 2480 meritis
1202 2437 1303 2481 suis.
1324 2436 1404 2481 Ille
1419 2437 1583 2498 quippe
1596 2437 1734 2482 donat

344 2505 545 2565 prodesse
556 2507 698 2563 nobis,
714 2523 803 2552 non
814 2506 956 2552 solum
973 2506 1096 2566 quod
1109 2505 1239 2552 docet
1257 2508 1429 2563 veritas,
1446 2509 1731 2553 verumetiam

395 2597 400 2613 ¹
424 2594 513 2624 Rom.
535 2604 559 2632 1,
578 2593 632 2624 26.
651 2609 691 2615 —-
709 2601 718 2614 ²
745 2605 753 2624 1
778 2595 853 2626 Cor.
878 2604 924 2626 xi,
950 2591 1084 2633 19.——³
1106 2595 1194 2625 Rom.
1217 2604 1259 2629 ix,
1276 2602 1329 2625 22.
