1803 3250
348 257 511 287 CONTRA
544 255 847 285 AnvEnsAan
881 256 1015 293 LEGIS,
1052 258 1134 283 Lm.
1172 259 1200 282 1.
1385 246 1468 283 359

85 325 341 385 significatas
361 339 438 384 per
457 339 587 368 uvam
609 321 720 367 fellis
740 330 781 364 et
802 321 976 365 botrum
1003 322 1315 375 amaritudinis,
1336 332 1379 367 et
1400 322 1467 366 fu-

85 412 227 442 rorem
244 397 483 441 draconum
500 404 629 454 atque
652 393 847 451 aspidum
865 395 895 445 ¹,
915 392 1116 437 collectas
1129 393 1236 438 dicit
1249 409 1339 438 esse
1358 398 1471 439 Deus

83 469 202 528 apud
221 483 281 521 se,
305 476 349 511 et
369 468 555 525 signatas
576 466 621 508 in
647 463 856 507 thesauris
879 464 963 507 suis
978 499 989 519 ,
1026 464 1268 509 reddendas
1292 466 1338 509 in
1361 475 1474 510 tem-

82 554 214 599 pore,
244 552 343 581 cum
377 537 520 595 lapsus
548 534 680 578 fuerit
705 549 779 593 pes
800 549 952 578 eorum
981 554 989 579 :
1015 534 1217 593 ignorans
1247 537 1473 582 thesauros

82 611 154 655 hic
190 608 426 669 appellatas
462 606 653 651 occultas
691 605 992 664 dispositiones
1026 607 1124 661 Dei,
1165 607 1241 666 qui
1280 608 1475 667 disponit

83 678 265 725 reddere
283 678 520 737 unicuique
541 675 782 721 seeundum
804 691 936 738 opera
959 678 1064 736 ejus.
1095 676 1218 721 Unde
1241 678 1474 736 Apostolus

83 751 190 796 dicit
213 768 224 795 ι
254 768 276 792 «
297 752 364 793 Tu
385 758 532 793 autem
563 747 803 792 secundum
834 748 1042 792 duritiam
1069 746 1210 792 cordis
1240 748 1305 791 tui
1329 759 1373 793 et
1401 764 1476 794 cor

88 843 106 865 »
130 822 426 882 impoenitens,
453 821 730 875 thesaurizas,
753 820 832 864 tibi
853 820 961 864 iram
987 820 1035 864 in
1053 820 1124 864 die
1145 820 1220 863 irae
1241 829 1284 864 et
1306 821 1476 864 revela-

85 911 106 936 »
130 893 261 937 tionis
277 892 383 952 justi
397 891 551 952 judicii
576 892 674 945 Dei,
700 891 777 951 qui
796 892 949 936 reddet
966 890 1205 950 unicuique
1231 891 1475 936 secundum

86 983 106 1007 »
130 979 261 1024 opera
283 965 376 1024 ejus
390 967 422 1007 ².
446 981 466 1004 »
498 962 630 1023 Apud
660 978 792 1023 quem
815 964 930 1007 enim
964 963 1053 1008 sibi.
1079 962 1340 1007 thesaurizat
1367 964 1475 1008 iram

82 1051 157 1082 cor
177 1034 476 1095 impoenitens,
501 1035 581 1078 nisi
600 1033 718 1093 apud
740 1049 840 1078 eum
861 1035 937 1094 qui
965 1035 1084 1079 vivos
1110 1045 1174 1078 est
1199 1033 1475 1094 judicaturus

82 1116 126 1152 et
146 1107 378 1150 mortuos?
399 1108 551 1166 Neque
572 1106 688 1149 enim
719 1106 919 1150 nesciunt
946 1106 1075 1150 etiam
1102 1104 1165 1149 illi
1188 1115 1353 1150 veteres
1375 1105 1475 1151 libri

87 1197 105 1218 «
133 1177 402 1221 Thesaurum
433 1175 795 1237 desiderabilem,
832 1177 888 1220 de
918 1192 1007 1237 quo
1044 1176 1103 1220 ibi
1135 1176 1343 1235 scriptum
1378 1186 1469 1233 est,

86 1266 107 1291 »
132 1247 254 1308 quod
270 1246 512 1307 requiescat
528 1247 573 1290 in
596 1262 670 1290 ore
687 1247 890 1306 sapientis
904 1248 935 1291 ³.
956 1265 976 1288 »
1006 1250 1062 1291 Et
1084 1248 1129 1292 in
1147 1247 1389 1293 Proverbiis
1407 1248 1474 1292 le-

83 1319 216 1379 gitur,
239 1317 342 1378 quia
368 1335 389 1360 «
407 1321 521 1362 Deus
545 1317 805 1362 thesaurizat
828 1316 1110 1376 diligentibus
1138 1333 1182 1362 se
1203 1317 1428 1364 salutem4.
1450 1337 1470 1361 υ

81 1392 139 1434 Et
160 1391 292 1433 isaias
314 1389 527 1448 propheta
549 1387 654 1432 dicit
680 1407 688 1433 :
717 1406 738 1430 «
757 1391 809 1432 In
831 1388 1043 1433 thesauris
1065 1387 1179 1432 salus
1204 1399 1351 1434 nostra
1375 1408 1385 1433 z
1411 1390 1473 1433 ibi

86 1477 107 1502 »
131 1459 341 1519 sapientia
363 1467 406 1503 et
427 1458 653 1517 disciplina
682 1468 726 1503 et
756 1458 893 1517 pietas
926 1459 981 1504 ad
1016 1460 1264 1504 Dominum.
1296 1460 1351 1503 Hi
1372 1469 1475 1504 sunt

85 1548 106 1573 »
129 1530 319 1575 thesauri
337 1530 519 1590 justitiae
533 1532 564 1573 5.
584 1548 604 1571 »
634 1529 718 1574 Sed
740 1530 962 1590 vaniloqui
982 1540 1026 1575 et
1048 1532 1204 1574 mentis
1225 1530 1473 1576 seductores

82 1602 359 1646 adversantes
376 1601 549 1646 Litteris
571 1601 715 1655 sacris,
736 1616 842 1660 quas
856 1600 1096 1659 intelligere
1110 1600 1284 1656 nolunt,
1305 1600 1473 1661 eligunt

81 1689 134 1718 ex
150 1673 209 1717 eis
231 1687 382 1732 aspera
403 1688 501 1732 quae
519 1672 581 1717 ibi
597 1672 805 1731 leguntur
825 1672 879 1716 ad
901 1672 1294 1717 commendandam
1312 1674 1472 1717 severi-

81 1754 215 1790 tatem
240 1745 340 1802 Dei,
365 1754 408 1788 et
429 1744 484 1788 de
505 1744 657 1788 litteris
676 1743 944 1802 Evangelicis
968 1753 1101 1804 atque
1124 1744 1383 1803 Apostolicis
1404 1744 1470 1789 le—

80 1817 153 1861 nia
176 1831 276 1876 quae
298 1816 356 1859 ibi
370 1815 580 1874 leguntur
601 1814 657 1858 ad
677 1814 1071 1859 commendandam
1097 1817 1335 1860 honitatem
1359 1817 1436 1860 Dei
1459 1836 1467 1861 :

80 1896 124 1932 et
141 1885 260 1947 apud
279 1886 476 1931 homines
498 1885 720 1946 imperitos
743 1886 844 1930 hinc
867 1886 1071 1944 ingerunt
1093 1888 1317 1931 horrorem
1332 1921 1342 1940 ,
1368 1887 1470 1931 inde

79 1966 286 2019 quaerunt
307 1956 500 2003 favorem
522 1975 532 2002 ε
557 1957 680 2018 quasi
702 1956 879 2001 difficile
896 1957 974 2012 sit,
999 1966 1049 2002 ut
1070 1959 1302 2018 quisquam
1319 1957 1471 2002 simili-

80 2040 146 2075 ter
168 2028 446 2089 blasphemus
471 2037 602 2089 atque
628 2028 788 2087 impius
821 2043 873 2072 eo
904 2028 1036 2073 modo
1068 2029 1318 2074 adversetur
1346 2031 1470 2075 Novo

81 2103 372 2156 Testamento,
392 2116 482 2161 quo
499 2101 579 2145 iste
597 2101 758 2155 Veteri,
789 2115 967 2160 carpens
989 2102 1044 2144 de
1066 2103 1221 2146 Vetere
1234 2101 1394 2160 quibus
1410 2101 1469 2145 ibi

79 2172 412 2218 commendatur
434 2173 511 2218 Dei
529 2173 716 2228 bonitaS,
742 2182 786 2217 et
803 2188 826 2216 e
849 2174 1066 2218 contrario
1083 2173 1138 2217 de
1160 2176 1282 2218 Novo
1305 2174 1469 2233 quibus

78 2245 138 2289 ibi
159 2244 492 2290 commendatur
512 2245 588 2290 Dei
604 2245 806 2289 severitas
822 2266 833 2302 3
851 2254 894 2289 et
910 2244 1067 2289 clamet
1083 2245 1320 2289 invidiosus
1336 2254 1469 2305 atque

76 2331 318 2361 venenosus
336 2335 345 2361 :
371 2319 484 2361 Ecce
504 2317 580 2377 qui
600 2319 712 2360 Deus
729 2315 937 2361 colendus
956 2326 1033 2370 est,
1055 2317 1295 2361 misericors
1321 2327 1365 2361 et
1382 2317 1466 2376 mi-

77 2396 262 2443 serator,
286 2387 545 2446 longanimis
567 2398 610 2432 et
637 2387 789 2432 multae
810 2388 1115 2433 misericordiae
1133 2391 1177 2446 ὃς
1202 2389 1278 2448 qui
1307 2404 1397 2433 non
1422 2389 1468 2432 in

79 2459 212 2505 finem
230 2459 453 2514 irascetur,
479 2475 622 2520 neque
643 2460 689 2504 in
711 2469 923 2504 aeternum
944 2460 1268 2519 indignabitur3
1288 2461 1468 2520 quinon

127 2568 139 2584 1
155 2563 250 2594 Deut.
271 2572 371 2603 xxxii,
390 2562 431 2594 32
446 2579 466 2584 —
483 2561 536 2603 34.
550 2579 591 2585 --
607 2569 619 2585 ²
633 2565 724 2595 Rom.
744 2574 779 2604 11,
798 2562 831 2601 5,
850 2562 883 2594 6.
904 2581 946 2586 —
964 2561 976 2586 3
994 2565 1088 2595 Prov.
1113 2575 1179 2600 xxi,
1199 2563 1354 2603 20,juxta
1372 2564 1466 2595 LXX.

81 2634 120 2640 -
134 2615 150 2646 4
172 2617 220 2651 ld.
241 2627 310 2660 vm,
330 2625 386 2651 21.
404 2634 442 2640 -—
460 2617 475 2642 ⁵
491 2618 562 2650 Isai.
581 2629 693 2661 xxxin,
715 2620 749 2651 6.
765 2636 806 2642 --
821 2617 837 2641 6
856 2618 934 2650 psal,
956 2630 1006 2658 cn,
1027 2621 1065 2659 8,
1080 2623 1113 2651 et
1129 2621 1221 2651 Num.
1244 2630 1309 2660 xiv,
1333 2619 1383 2650 18.
