1803 3250
337 208 420 246 300
763 213 797 243 s.
832 217 1064 245 mensum
1098 218 1281 247 emscom

334 300 382 327 ex
411 282 574 326 artifice
593 290 637 325 et
653 281 880 326 conditore
901 285 1007 339 Deo,
1028 299 1117 328 non
1138 283 1313 329 dixisset
1336 287 1572 346 Apostolus
1595 308 1604 333 :
1631 308 1649 329 «
1670 293 1726 334 Et

337 373 357 396 »
382 354 631 407 coluerunt,
649 362 692 396 et
713 354 954 399 servierunt
976 364 1187 400 creaturae
1200 356 1344 416 potius
1361 373 1494 418 quam
1508 360 1727 416 Creatori,

336 444 356 467 »
373 424 450 485 qui
472 433 536 468 est
559 423 817 470 benedictus
840 425 884 470 in
904 426 1061 471 saecula
1075 429 1104 470 ¹.
1124 445 1144 469 »

392 498 491 540 VII.
527 498 579 540 In
600 496 682 542 hac
701 498 817 542 enim
843 499 1056 544 sententia
1078 500 1264 544 maxime
1287 499 1377 544 duo
1399 509 1503 545 sunt
1527 516 1728 549 necessa-

333 569 415 624 ria,
441 583 541 629 quae
562 583 735 614 mecum
762 570 967 615 intuearis
990 579 1095 630 peto
1126 590 1136 616 ς
1159 586 1299 615 unum
1316 606 1327 626 ‚
1363 572 1468 632 quia
1486 572 1520 616 si
1533 583 1730 619 creatura

333 642 471 686 aliena
492 651 603 686 esset
625 658 648 686 a
672 645 779 698 Deo,
805 659 894 688 non
918 644 1009 703 ejus
1032 652 1200 688 creator
1222 646 1338 688 Deus
1354 644 1409 688 ab
1426 645 1638 704 Apostolo
1660 646 1729 691 di-

333 724 506 760 ceretur
533 733 542 760 :
569 714 776 770 alterum,
805 715 908 775 quia
935 714 970 759 si
1005 714 1134 758 unius
1163 713 1448 775 ejusdemque
1476 717 1729 763 substantiae

330 788 510 832 Creator
532 795 576 831 et
597 795 794 831 creatura
819 795 945 841 esset,
969 800 1059 830 non
1074 783 1503 844 reprehenderentur
1520 788 1623 848 quia
1638 805 1729 833 ser-

330 859 505 904 vierunt
518 866 729 902 creaturae
744 857 889 917 potius
903 871 1036 917 quam
1053 857 1272 915 Creatori,
1297 858 1508 918 quoniam
1527 860 1730 905 cuicum-

330 944 417 989 que
453 928 705 984 servissent,
734 928 790 972 ab
821 929 974 973 eadem
1010 937 1167 973 natura
1196 938 1328 989 atque
1360 929 1603 975 substantia
1639 947 1730 977 non

331 1001 618 1046 recessissent.
645 1000 878 1054 Quomodo
892 1001 1009 1045 enim
1032 1016 1162 1045 nemo
1184 1010 1327 1061 potest
1340 1002 1501 1047 servire
1517 1001 1629 1048 Filio
1654 1005 1730 1065 qui

331 1089 420 1119 non
442 1073 599 1119 serviat
618 1082 661 1118 et
690 1074 831 1129 Patri,
869 1073 971 1134 quia
1002 1074 1233 1135 utriusque
1255 1083 1319 1118 est
1347 1089 1435 1119 una
1455 1074 1697 1120 substantia
1717 1096 1726 1123 :

331 1147 390 1190 sie
408 1161 536 1190 nemo
559 1154 700 1204 potest
723 1146 882 1190 servire
905 1155 1118 1190 creaturae
1136 1145 1218 1190 nisi
1240 1146 1431 1190 serviens
1454 1147 1672 1203 Creatori,
1696 1148 1728 1192 si

331 1227 439 1262 esset
456 1218 684 1278 utriusque
700 1232 787 1262 una
801 1217 1058 1262 substantia.
1077 1218 1202 1262 Unde
1220 1217 1254 1261 si
1264 1218 1353 1277 jam
1376 1216 1582 1262 discernis
1605 1227 1648 1262 et
1660 1234 1730 1263 sa-

331 1291 412 1350 pis,
425 1289 663 1350 plurimum
677 1289 922 1334 attenderes
935 1305 1024 1335 esse
1037 1290 1726 1336 interCreatoremetcreaturam:

332 1371 463 1422 atque
479 1371 652 1422 oportet
672 1361 886 1421 intelligas
910 1361 1077 1421 prolem
1102 1361 1319 1406 Creatoris
1344 1376 1433 1405 non
1451 1376 1541 1405 esse
1559 1371 1731 1407 creatu-

332 1450 423 1479 ram
444 1454 452 1479 :
474 1450 576 1478 nam
599 1434 633 1478 si
656 1443 781 1489 esset,
800 1449 890 1478 non
903 1432 1215 1488 essetinferior‚
1232 1432 1308 1477 sed
1319 1432 1498 1493 aequalis
1510 1433 1731 1493 ejusdem-

331 1521 417 1566 que
430 1506 685 1550 substantiae
703 1522 714 1549 :
736 1521 784 1550 ac
802 1521 880 1565 per
899 1506 983 1550 hoc
1004 1505 1200 1566 quisquis
1216 1504 1376 1549 coleret
1389 1505 1517 1566 eique
1531 1506 1728 1563 serviret,

330 1576 460 1622 simul
483 1579 612 1622 etiam
636 1577 830 1623 Creatori
852 1578 945 1637 ejus
974 1586 1018 1622 et
1046 1575 1161 1621 Patri
1184 1575 1356 1629 cultum
1387 1577 1731 1639 servitutemque

331 1649 562 1710 praeberet.
581 1651 694 1694 Cum
708 1664 811 1694 vero
825 1646 1209 1709 reprehenduntur
1224 1647 1278 1693 ab
1287 1647 1514 1708 Apostolo,
1530 1658 1574 1693 et
1587 1649 1731 1694 detes-

336 1732 374 1768 ta
382 1722 486 1767 biles
494 1722 714 1766 habentur
722 1722 799 1783 qui
813 1720 1046 1766 coluerunt
1057 1730 1099 1765 et
1112 1720 1357 1766 servierunt
1370 1730 1580 1765 creaturae
1590 1721 1732 1781 potius

331 1811 466 1856 quam
484 1794 697 1850 Creatori,
717 1794 817 1839 satis
837 1792 1082 1839 ostenditur
1097 1792 1214 1838 illius
1228 1802 1271 1838 et
1283 1794 1417 1854 hujus
1434 1792 1621 1838 diversas
1642 1810 1732 1839 esse

332 1867 607 1911 substantias.
638 1866 760 1911 Sicut
781 1866 897 1910 enim
912 1881 1001 1910 non
1018 1874 1160 1924 potest
1172 1865 1326 1921 videri,
1343 1866 1427 1910 hoc
1442 1874 1529 1921 est,
1546 1865 1729 1925 intelligi

334 1938 485 1994 Filius,
511 1939 591 1983 nisi
615 1939 661 1982 in
682 1939 776 1999 ipso
799 1937 1070 1996 intelligatur
1092 1947 1134 1983 et
1158 1941 1314 1996 Pater3
1338 1938 1429 1998 ipse
1452 1937 1569 1982 enim
1593 1936 1727 1984 dicit:

335 2029 356 2052 >›
381 2011 466 2063 Qui
489 2026 559 2054 me
579 2010 710 2066 vidit,
736 2009 847 2055 vidit
869 2018 912 2054 et
937 2011 1138 2054 Patrem2
1157 2029 1165 2054 :
1188 2011 1247 2054 sic
1265 2024 1355 2053 non
1376 2017 1520 2069 potest
1545 2008 1629 2054 coli
1655 2009 1732 2053 Fi-

334 2081 432 2137 lius,
458 2082 539 2126 nisi
562 2083 608 2125 in
625 2097 677 2126 eo
698 2081 868 2127 colatur
886 2090 930 2126 et
949 2084 1090 2126 Pater.
1119 2084 1175 2126 Et
1196 2081 1295 2127 ideo
1318 2082 1352 2125 si
1377 2090 1575 2126 creatura
1594 2081 1730 2126 Filius

333 2162 469 2209 esset,
506 2169 595 2199 non
626 2153 844 2198 coleretur
871 2153 964 2197 sine
991 2155 1213 2209 Creatore,
1240 2169 1386 2215 neque
1416 2154 1731 2198 damnarentur

333 2226 408 2286 qui
426 2235 667 2270 creaturam
681 2226 826 2286 potius
840 2241 974 2287 quam
988 2227 1239 2271 Creatorem
1253 2226 1502 2271 coluerunt.
1520 2225 1730 2285 Perspicis

334 2298 481 2357 itaque
502 2298 606 2357 jam,
637 2306 688 2341 ut
710 2297 897 2342 arbitror
914 2332 925 2353 ‚
950 2313 1040 2341 non
1064 2297 1144 2341 tibi
1167 2312 1408 2356 congruere
1430 2306 1480 2342 ut
1499 2297 1616 2340 dicas
1639 2297 1730 2355 pri-

334 2370 606 2428 mogenitum
640 2369 936 2414 secretissimae
970 2379 1102 2427 atque
1130 2367 1363 2411 ineffabilis
1392 2367 1651 2427 majestatis,
1687 2377 1730 2412 et

334 2441 531 2485 omnium
546 2439 765 2485 luminum
780 2453 924 2498 regem
941 2441 965 2482 J
969 2454 1088 2483 esum
1103 2439 1343 2494 Christum,
1364 2438 1445 2482 nisi
1458 2438 1729 2483 Manichaeus

337 2528 426 2558 esse
448 2512 677 2568 destiteriS,
701 2521 751 2557 ut
767 2521 1012 2558 creaturam
1030 2527 1052 2557 a
1067 2512 1273 2557 Creatore
1287 2509 1522 2568 discernas,
1542 2513 1728 2556 utJesus

382 2601 395 2621 ἲ
414 2602 506 2634 Rom.
526 2611 552 2638 1,
570 2598 624 2633 25.
642 2616 683 2625 —-
699 2606 712 2623 ²
732 2601 825 2633 Joan.
843 2609 914 2640 xw,
932 2610 966 2639 9·
