1803 3250
350 211 432 251 106
769 218 802 249 s.
838 218 1068 251 Ancus-nm
1102 224 1282 253 zmscom

345 288 444 342 det,
471 286 751 330 verumetiam
785 286 868 332 hoc
889 288 944 332 ab
967 289 1024 333 eis
1044 290 1302 349 praedictum
1320 287 1445 348 legit,
1467 290 1727 350 perfectum-

344 373 430 418 que
447 357 682 415 cognoscit.

402 429 578 472 XCVII.
599 427 924 489 Numquidnam
946 444 1073 489 ergo,
1096 431 1129 474 si
1145 432 1377 492 quisquam
1396 430 1543 490 legens
1561 430 1726 478 factum

344 497 536 553 David¹,
568 500 690 559 cujus
713 514 812 543 eum
838 501 1023 545 Domino
1051 511 1259 560 arguente
1283 517 1332 546 ac
1360 503 1557 547 minante
1581 504 1728 563 poeni-

344 569 449 625 tuit,
470 569 573 613 inde
594 570 672 614 sibi
699 569 750 614 ad
770 570 1039 630 peccandum
1060 571 1254 616 fomitem
1271 573 1481 632 praebeat,
1497 573 1570 617 illa
1588 574 1727 635 Scrip-

340 649 436 685 tura
457 640 674 701 culpanda
695 649 781 699 est,
807 657 855 686 ac
876 657 965 686 non
986 651 1110 687 tanto
1130 643 1320 688 severius
1342 644 1415 687 ille
1431 644 1723 700 damnandus,

338 722 504 773 quanto
526 713 670 773 potius
699 711 753 757 ad
776 728 820 757 se
837 713 1158 757 vulnerandum
1183 723 1257 757 aut
1285 713 1573 759 occidendum
1604 715 1725 760 abuti

337 783 476 828 voluit
494 799 540 828 ea
562 799 607 828 re
619 820 629 839 ,
651 799 749 844 quae
767 783 821 828 ad
839 783 1079 828 sanandum
1097 783 1465 845 liberandumque
1481 786 1725 845 conscripta

337 856 431 899 est?
448 855 558 908 Quia
575 855 690 899 enim
711 855 908 898 homines
936 854 980 897 in
1009 863 1237 912 peccatum
1267 854 1401 914 lapsi,
1425 856 1494 901 vel
1523 857 1727 916 superbia

338 926 567 985 negligunt
592 927 862 985 poenitentiae
895 924 1178 981 medicinam,
1202 926 1272 971 vel
1294 928 1553 987 recipiendae
1579 928 1729 974 salutis

337 997 566 1057 veniaet1ue
598 996 897 1056 promerendae
936 995 1181 1040 diffidentia
1217 999 1390 1056 penitus
1425 1008 1635 1058 pereunt,
1673 1000 1729 1044 de

335 1077 459 1113 tanto
476 1068 570 1113 viro
583 1067 829 1128 exemplum
848 1066 1119 1127 propositum
1136 1077 1215 1122 est,
1230 1083 1320 1127 quo
1334 1078 1542 1112 sanentur
1556 1071 1724 1128 aegroti,

334 1154 423 1183 non
442 1155 531 1199 quo
548 1139 593 1182 hi
616 1139 692 1199 qui
721 1139 814 1183 sani
835 1148 938 1183 sunt
967 1138 1230 1182 saucientur.
1263 1140 1415 1198 Neque
1436 1140 1550 1182 enim
1583 1139 1724 1183 medi-

333 1210 444 1253 cinae
473 1210 628 1254 vitium
651 1219 741 1264 est,
766 1209 801 1253 si
827 1208 896 1253 vel
917 1210 1057 1253 insani
1080 1224 1124 1253 se
1149 1209 1263 1268 ipsos
1281 1243 1291 1262 ,
1314 1208 1384 1253 vel
1414 1208 1594 1269 maligni
1621 1208 1726 1256 alios

334 1280 610 1325 ferramentis
632 1279 966 1324 medicinalibus
987 1281 1217 1339 perimant.

391 1353 597 1396 XCVIII.
622 1350 706 1395 Sed
736 1359 882 1394 tamen
902 1351 946 1394 hi
974 1360 1116 1410 patres
1137 1352 1273 1395 nostri
1302 1350 1566 1395 Patriarchae
1593 1360 1726 1412 atque

336 1422 567 1480 Prophetae
580 1421 741 1481 quibus
753 1430 839 1465 tam
854 1420 1020 1465 illustre
1033 1421 1331 1465 testimonium
1345 1421 1582 1465 sanctitatis
1595 1431 1727 1482 atque

333 1493 506 1553 pietatis
540 1508 588 1536 ea
615 1492 837 1551 Scriptura
865 1492 1088 1551 perhibet,
1121 1507 1254 1552 quam
1282 1490 1411 1535 saluti
1440 1492 1609 1550 generis
1638 1492 1726 1536 hu-

334 1565 450 1608 mani
469 1562 676 1608 divinitus
699 1561 989 1621 dispensatam
1021 1578 1111 1607 non
1136 1572 1289 1622 negat,
1319 1562 1400 1606 nisi
1426 1563 1623 1622 quisquis
1651 1573 1728 1608 aut

333 1651 428 1680 eam
452 1636 589 1680 nescit
605 1670 615 1690 ‚
642 1643 718 1679 aut
734 1649 907 1678 omnem
931 1649 1106 1678 sensum
1130 1633 1351 1678 rationalis
1369 1634 1726 1680 considerationis

333 1705 500 1761 amisit,
527 1705 656 1750 etiam
680 1706 713 1749 si
744 1703 963 1749 libidinosi
986 1713 1029 1748 et
1050 1704 1249 1749 crudeles
1276 1703 1458 1749 fuissent
1473 1740 1485 1760 ,
1517 1706 1630 1750 sicut
1654 1720 1727 1751 eos

331 1777 675 1823 Manichaeorum
713 1791 857 1830 error,
892 1774 962 1819 vel
1003 1776 1148 1834 potius
1184 1773 1307 1820 furor
1344 1785 1539 1830 accusat,
1579 1791 1727 1821 nonne

332 1848 463 1892 etiam
497 1849 581 1902 sic,
607 1863 696 1892 non
719 1845 820 1890 dico
847 1845 1007 1890 Electis
1040 1861 1191 1890 eorum
1210 1881 1222 1901 ,
1248 1846 1324 1890 sed
1356 1846 1450 1905 ipso
1483 1847 1611 1891 etiam
1642 1847 1727 1892 deo

332 1919 505 1965 illorum
526 1918 933 1963 demonstrarentur
954 1931 1044 1962 esse
1061 1916 1295 1962 meliores?
1313 1920 1469 1963 Nonne
1485 1917 1641 1962 melius
1663 1928 1726 1963 est

333 2005 434 2036 cum
456 1989 612 2050 pellice
641 1989 828 2034 volutari
858 1989 1000 2034 virum
1026 2005 1127 2034 cum
1155 1988 1359 2044 foemina,
1383 2005 1514 2050 quam
1532 2005 1622 2035 esse
1638 1991 1726 2035 sin-

331 2062 591 2107 cerissimam
611 2061 753 2106 lucem
774 2071 816 2106 et
835 2060 1058 2106 miscendo
1071 2077 1115 2105 se
1132 2062 1322 2106 tenebris
1345 2063 1594 2122 inquinari?
1614 2066 1725 2108 Ecce

332 2134 464 2178 homo
502 2132 692 2177 avaritiae
726 2147 775 2176 ac
810 2132 971 2176 ventris
1002 2147 1129 2176 causa
1166 2148 1344 2177 uxorem
1381 2148 1502 2177 suam
1532 2148 1722 2178 sororem

330 2205 562 2259 mentitus,
590 2205 633 2248 in
667 2203 849 2248 aliorum
880 2204 1164 2249 concubitum
1195 2204 1394 2248 vendidit
1422 2223 1430 2248 :
1455 2214 1622 2264 quanto
1650 2204 1725 2249 ille

333 2276 453 2336 pejor
474 2285 516 2319 et
539 2275 820 2319 execrabilior
837 2284 921 2328 est,
946 2275 1023 2334 qui
1047 2283 1247 2318 naturam
1266 2290 1385 2318 suam
1412 2275 1465 2319 ad
1493 2275 1721 2320 libidinem

331 2346 670 2391 desiderantium
695 2344 942 2389 simulando
973 2353 1217 2403 coaptatam
1235 2379 1245 2399 ,
1271 2345 1401 2402 gratis
1429 2345 1488 2390 eis
1517 2345 1719 2405 polluen-

331 2415 431 2460 dam
463 2416 918 2475 corrumpendamque
953 2415 1168 2474 subjecit‘?
1190 2417 1286 2458 Jam
1315 2431 1414 2459 cum
1445 2415 1618 2460 filiabus
1644 2417 1722 2477 qui

331 2486 461 2531 etiam
484 2486 621 2530 sciens
654 2485 965 2541 concubuerit,
997 2499 1145 2530 nonne
1167 2489 1311 2530 minus
1337 2485 1441 2531 mali
1472 2495 1718 2546 perpetrat,

383 2579 391 2595 ¹
410 2578 430 2602 2
450 2572 527 2612 Reg.
549 2581 607 2612 xu,
628 2570 677 2604 13.
