1803 3250
375 195 539 226 CONTRA
572 195 852 224 SECUNDINUM
885 194 1175 222 MANICHAEUM.
1387 182 1468 222 303

82 265 392 310 commixtione
414 263 636 309 mutabilis
656 282 665 308 :
691 262 813 322 quasi
832 276 934 306 vero
953 271 1192 322 quaeratur,
1218 275 1296 306 cur
1315 260 1374 305 ita
1397 263 1468 316 sit,

79 344 124 379 et
144 350 235 379 non
259 335 362 395 quia
379 335 438 379 ita
461 345 541 379 est.
567 336 664 378 Jam
686 334 768 377 hoc
788 332 919 377 modo
942 334 1071 377 etiam
1091 333 1288 377 Hectoris
1307 341 1350 376 ct
1367 334 1469 392 Aja-

80 405 156 461 cis,
177 406 371 450 imovero
387 414 647 456 cunctorum
661 402 888 447 hominum
905 412 1035 462 atque
1057 403 1344 447 animantium
1373 418 1470 448 cor-

81 492 186 536 pora
207 475 542 521 invulnerabilia
563 474 813 519 dicerentur
828 507 839 528 ,
864 473 898 516 si
922 473 1089 518 abesset
1115 475 1224 518 ictus
1253 483 1297 518 ct
1318 490 1440 519 casus
1457 509 1470 532 ,

80 546 242 608 quibus
273 545 333 590 eis
362 546 522 590 vulnus
550 544 684 604 possit
712 541 867 601 infligi.
904 542 987 588 Sed
1018 544 1224 588 nimirum
1243 555 1472 604 propterea

79 616 211 662 solius
233 613 414 660 Achillis
435 631 615 675 corpus,
640 613 729 658 sive
753 614 924 673 poetico
952 615 1186 673 figmento,
1218 615 1307 659 sive
1329 616 1474 675 aliqua

81 687 319 734 occultiore
341 687 383 732 vi
406 702 552 731 rerum
572 684 891 731 invulnerabile
909 686 1077 730 dictum
1095 695 1181 741 est,
1202 686 1322 746 quod
1344 687 1475 732 etiam

81 756 168 804 tela
189 774 290 803 cum
312 758 591 817 ingruerent,
624 773 714 802 non
736 757 1047 816 penetrabatur
1069 776 1077 801 2
1099 766 1142 800 ct
1174 772 1225 800 ex
1246 773 1331 817 qua
1354 767 1475 816 parte

82 829 298 890 penetrari
321 829 488 888 potuit,
521 843 571 872 ex
604 828 685 872 hac
719 827 872 887 utique
895 826 1217 872 invulnerabile
1245 843 1335 872 non
1372 827 1472 872 suit.

83 901 151 947 Sic
173 899 318 945 anima
339 901 372 944 si
395 909 506 944 esset
527 897 901 944 incommutabilis
916 934 927 954 ,
948 899 1007 943 ita
1025 898 1187 943 nullius
1206 900 1264 943 rei
1283 900 1476 960 permix-

80 974 200 1017 tione
222 981 584 1027 commutaretur,
608 971 720 1015 sicut
741 986 898 1030 corpus
916 971 1037 1032 quod
1055 981 1117 1016 est
1134 971 1472 1029 invulnerabile,

56 1041 245 1087 nullius
281 1042 343 1086 rei
376 1051 581 1087 contactu
613 1050 688 1086 aut
714 1042 882 1101 impetu
914 1041 1186 1087 vulneratur.
1220 1046 1373 1103 Itaque
1400 1058 1479 1088 nos

80 1113 184 1176 quia
206 1113 284 1158 Dei
310 1113 509 1157 Verbum
536 1112 921 1157 incontaminabile
949 1111 1159 1169 dicimus,
1191 1113 1322 1158 etiam
1348 1129 1479 1159 carne

82 1183 256 1230 mortali
267 1193 310 1228 et
326 1183 589 1228 vulnerabili
608 1192 843 1243 assumpta,
861 1192 912 1228 ut
923 1199 1003 1228 nos
1015 1193 1058 1228 et
1073 1193 1257 1229 mortem
1273 1194 1316 1230 et
1329 1185 1480 1245 quaeli-

83 1255 159 1300 bet
183 1252 463 1300 incommoda
491 1253 685 1314 corporis
717 1263 1000 1299 contemnere
1026 1254 1225 1312 doceret,
1251 1265 1404 1300 natum
1426 1257 1481 1300 de

85 1326 254 1385 virgine
280 1324 458 1371 credere
478 1340 571 1370 non
593 1325 797 1369 timemus
825 1344 834 1370 :
859 1340 935 1370 vos
951 1335 1097 1370 autem
1115 1326 1218 1387 quia
1235 1327 1367 1387 impia
1383 1343 1483 1387 per-

84 1396 286 1442 versitate
307 1395 695 1441 contaminabilem
718 1394 878 1440 Filium
904 1395 982 1440 Dei
1009 1396 1206 1453 creditis,
1237 1399 1355 1442 carni
1382 1413 1484 1442 eum

84 1467 338 1529 permittere
366 1466 632 1526 formidatis3
664 1467 788 1527 cujus
820 1477 970 1513 tamen
1000 1468 1290 1514 substantiam
1328 1472 1485 1514 animae

84 1549 290 1585 naturam
311 1554 401 1584 esse
423 1539 719 1598 perhibentes,
741 1540 801 1584 ita
823 1540 1111 1585 commixtum
1129 1541 1249 1585 carni
1267 1552 1484 1586 assevera-

84 1612 153 1673 tis,
176 1620 228 1656 ut
246 1611 378 1657 etiam
402 1612 449 1655 in
477 1609 671 1656 deterius
695 1621 1019 1656 commutatum
1041 1629 1131 1658 non
1154 1613 1366 1658 dubitetis
1388 1615 1486 1674 opi-

83 1683 194 1727 nari.
218 1682 345 1743 Elige
363 1683 498 1742 igitur
518 1681 626 1744 quid
645 1682 750 1729 velis
769 1703 778 1728 :
798 1693 948 1728 utrum
967 1687 1107 1728 Deum
1121 1685 1484 1730 commutabilem

84 1754 229 1799 dicere
250 1754 321 1800 vel
348 1754 546 1810 credere,
571 1764 622 1800 ut
643 1754 699 1800 de
720 1755 1044 1801 commutabilis
1074 1757 1212 1802 Patris
1240 1758 1486 1803 substantia

82 1824 443 1870 commutabilem
465 1824 635 1885 prolem
659 1826 852 1885 genitam
876 1842 967 1871 esse
989 1828 1152 1887 pariter
1176 1829 1326 1873 credas
1346 1850 1357 1887 3
1389 1845 1489 1889 quae

85 1905 252 1957 quanta
273 1896 329 1940 sit
349 1895 569 1956 impietas,
594 1895 796 1956 profecto
815 1898 945 1941 sentis
972 1918 981 1943 z
1007 1914 1063 1942 an
1080 1899 1491 1944 incommutabilem

87 1970 231 2011 Deum
250 1967 395 2011 dicere
407 2001 419 2024 ,
444 1966 522 2011 sed
536 1976 682 2011 tamen
696 1968 751 2012 de
763 1968 1006 2014 substantia
1020 1986 1096 2014 sua
1111 1971 1278 2031 prolem
1294 1971 1490 2031 genuisse

89 2037 378 2094 mutabilem,
408 2037 530 2099 quod
556 2038 843 2084 nihilominus
865 2039 984 2085 vides
1008 2057 1142 2101 quam
1170 2041 1304 2101 impie
1337 2044 1492 2087 absur-

87 2107 232 2170 deque
248 2107 421 2154 dicatur
442 2128 452 2154 ε
477 2125 533 2154 an
555 2125 659 2155 vero
678 2110 739 2155 ita
758 2113 899 2155 Deum
922 2112 1332 2157 incommutabilem
1353 2115 1492 2158 confi-

90 2179 217 2236 teris,
242 2188 293 2224 ut
312 2180 443 2225 etiam
464 2180 586 2242 quod
610 2180 665 2225 de
693 2181 935 2227 substantia
961 2198 1038 2227 sua
1066 2184 1241 2242 genuit,
1268 2185 1494 2244 aequaliter

90 2264 181 2295 non
194 2259 392 2295 mutetur
408 2272 422 2310 3
439 2251 693 2313 pariterque
709 2253 765 2298 sit
779 2269 1003 2298 summum
1021 2270 1070 2299 ac
1088 2256 1494 2314 praestantissimum

91 2320 282 2376 bonum,
313 2322 548 2381 ipsumque
569 2339 738 2369 summe
761 2340 852 2369 esse
875 2325 932 2370 ad
960 2326 1165 2370 eumdem
1189 2328 1372 2372 modum
1394 2343 1495 2387 per-

94 2393 317 2437 mansione
338 2391 580 2438 inviolabili
596 2394 817 2453 obtineat;
838 2406 995 2440 caetera
1011 2413 1114 2442 vero
1134 2398 1340 2444 inferiora
1359 2399 1491 2455 bona,

94 2478 227 2525 quam
248 2472 494 2509 creaturam
510 2479 732 2520 vocamus,
754 2480 846 2510 non
862 2465 917 2510 de
934 2467 1045 2526 ipso,
1066 2483 1168 2513 nam
1188 2479 1329 2515 essent
1346 2487 1495 2532 aequa-

96 2532 182 2592 lia3
212 2531 289 2579 sed
321 2542 471 2580 tamen
491 2533 594 2595 quia
621 2534 765 2591 bona,
790 2535 907 2596 ipse;
942 2536 1045 2596 quia
1080 2554 1170 2584 non
1191 2540 1406 2602 aequalia,
1440 2540 1495 2585 de
