1803 3250
487 207 650 238 CONTRA
687 205 902 245 unsrun,
940 208 1021 236 Lm.
1060 208 1170 235 xxu.
1467 197 1520 236 57

133 278 242 323 filios
274 276 493 336 diligatur.
522 276 666 320 Labor
687 274 802 317 enim
820 274 1036 332 justorum
1058 275 1295 319 niaximum
1326 274 1521 319 fructum

132 349 265 394 habet
286 349 331 392 in
353 350 411 392 eis
433 362 542 408 quos
565 360 697 404 regno
722 346 795 389 Dei
816 354 1039 403 generant,
1061 347 1174 390 inter
1194 345 1353 390 multas
1378 355 1520 392 tenta-

133 422 268 465 tiones
299 430 343 464 et
374 417 674 464 tribulationes
706 415 985 476 praedicando
1021 417 1335 475 Evangelium,
1374 428 1417 463 et
1451 434 1523 463 eos

131 500 309 551 propter
322 505 431 550 quos
447 498 549 534 sunt
571 489 617 533 in
637 488 861 532 laboribus
879 486 1190 541 abundantius,
1217 488 1263 531 in
1285 488 1420 547 plagis
1442 506 1519 534 su-

130 578 206 622 pra
237 561 433 617 modum,
471 561 516 604 in
549 560 762 605 mortibus
795 560 994 619 saepius¹,
1026 567 1204 618 propter
1226 575 1335 619 quos
1358 560 1522 606 habent

131 633 235 678 foris
266 648 448 692 pugnas,
483 633 598 677 intus
625 631 800 676 timores
815 632 846 686 ²,
874 630 1084 690 gaudium
1108 639 1151 674 et
1172 645 1378 675 coronam
1400 647 1523 677 suam

131 704 334 748 vocant3.
363 705 610 749 Nascuntur
631 710 779 746 autem
802 702 860 745 eis
891 700 1060 746 facilius
1084 709 1216 762 atque
1240 703 1454 762 copiosius
1472 718 1521 746 ex

129 773 205 819 illo
224 788 422 818 sermone
442 773 587 827 fldei4,
625 788 713 833 quo
735 771 977 833 praedicant
1001 772 1223 820 Christum
1246 772 1519 827 crucifixum,

129 855 171 890 et
204 844 422 905 quidquid
456 844 739 889 humanitatis
769 845 861 904 ejus
890 844 1016 888 citius
1042 844 1234 889 humana
1257 844 1520 904 cogitatione

128 915 381 976 percipitur,
416 924 460 960 et
492 917 687 960 infirmos
722 916 852 960 etiam
878 915 969 959 Liae
991 915 1141 960 oculos
1164 931 1254 960 non
1271 915 1518 976 perturbat.

128 987 293 1032 Rachel
311 996 456 1031 autem
475 986 591 1032 clara
614 990 835 1046 aspectuf’,
856 996 1002 1031 mente
1024 986 1192 1031 excedit
1212 989 1319 1042 Deo,
1341 997 1384 1032 et
1404 988 1524 1033 videt

128 1058 172 1102 in
201 1057 415 1117 principio
433 1057 628 1101 Verbum
651 1061 790 1102 Deum
815 1056 934 1117 apud
956 1058 1139 1112 Deumss,
1173 1066 1216 1102 et
1238 1057 1333 1102 vult
1355 1073 1521 1117 parere,

128 1137 171 1172 et
203 1144 292 1172 non
326 1136 490 1188 potest,
526 1128 628 1187 quia
664 1128 988 1187 generationem
1013 1128 1104 1187 ejus
1126 1128 1221 1188 quis
1244 1129 1524 1174 enarrabit7?

129 1198 317 1243 Proinde
338 1198 425 1242 vita
448 1213 548 1258 quae
570 1198 716 1256 studio
736 1198 1116 1257 contemplationis
1138 1200 1371 1258 competit,
1403 1209 1454 1244 ut
1475 1216 1524 1245 ea

127 1285 228 1330 quae
250 1269 370 1313 carni
387 1278 490 1313 sunt
507 1268 757 1323 invisibilia,
783 1284 873 1312 non
894 1269 1076 1313 infirmis
1099 1268 1235 1314 oculis
1253 1270 1425 1326 mentis,
1447 1286 1524 1330 per

127 1356 176 1384 ea
197 1356 297 1400 quae
319 1339 434 1384 facta
456 1349 573 1395 sunt,
610 1338 832 1383 intellecta
854 1339 1107 1399 conspiciat,
1142 1349 1184 1383 et
1216 1342 1522 1400 sempiternam

126 1412 204 1456 Dei
225 1411 432 1456 virtutem
468 1427 516 1456 ac
538 1409 810 1455 divinitatem
834 1409 1117 1455 ineffabiliter
1138 1420 1285 1456 cernat
1301 1413 1334 1467 3,
1370 1428 1524 1457 vacare

127 1482 221 1527 vult
250 1482 305 1526 ab
328 1483 446 1527 omni
468 1483 658 1541 negotio,
684 1491 727 1526 et
748 1481 847 1527 ideo
870 1482 1039 1526 sterilis.
1076 1482 1338 1528 Affectando
1360 1485 1523 1545 quippe

127 1554 283 1609 otium,
321 1568 411 1614 quo
443 1552 587 1597 studia
621 1552 1002 1613 contemplationis
1040 1555 1284 1613 ignescunt,
1310 1571 1400 1600 non
1418 1572 1525 1601 con-

128 1632 396 1684 temperatur
429 1624 672 1667 infirmitati
704 1625 952 1679 hominum,
983 1625 1058 1684 qui
1091 1626 1137 1669 in
1166 1627 1292 1670 variis
1317 1628 1524 1686 pressuris

126 1695 208 1740 sibi
246 1694 495 1739 desiderant
525 1694 763 1739 subveniri.
815 1695 898 1739 Sed
930 1695 1031 1754 quia
1066 1704 1110 1739 et
1140 1697 1231 1755 ipsa
1264 1699 1523 1756 procreandi

75 1796 87 1806 ·
126 1766 335 1811 charitate
361 1766 612 1821 inardescit,
638 1765 751 1823 (vult
772 1766 888 1809 enim
906 1765 1063 1811 docere
1084 1767 1205 1827 quod
1223 1769 1359 1825 novit,
1379 1786 1524 1830 neque

128 1852 228 1883 cum
251 1835 413 1881 invidia
430 1837 680 1881 tabescente
698 1837 780 1881 iter
802 1837 1000 1893 habere,)
1021 1837 1141 1883 videt
1162 1855 1351 1884 sororem
1375 1840 1524 1886 labore

127 1907 285 1968 agendi
304 1917 436 1968 atque
452 1906 647 1968 patiendi
667 1907 766 1953 filiis
789 1909 1116 1953 abundantem9
1134 1931 1145 1968 3
1171 1919 1214 1954 et
1236 1909 1356 1955 dolet
1378 1913 1523 1971 potius

126 1994 299 2024 currere
320 1979 518 2023 homines
541 1978 596 2024 ad
618 1994 713 2023 eam
736 1979 960 2035 virtutem,
982 1996 1069 2040 qua
1087 1996 1237 2025 eorum
1256 1982 1522 2027 infirmitati—

127 2052 210 2096 bus
233 2051 648 2111 necessitatibusque
668 2051 926 2107 consulitur,
947 2068 1080 2112 quam
1104 2054 1160 2097 ad
1178 2052 1294 2098 illam
1314 2054 1434 2099 unde
1454 2055 1522 2099 di-

127 2124 279 2168 vinum
303 2132 346 2167 et
367 2122 729 2168 incommutabile
751 2123 917 2183 aliquid
940 2123 1135 2169 discitur.
1160 2125 1241 2169 Hic
1263 2124 1389 2170 dolor
1407 2127 1522 2185 figu-

127 2202 245 2238 ratus
266 2192 439 2238 videtur
459 2193 504 2237 in
522 2209 573 2238 eo
592 2193 713 2254 quod
734 2195 943 2253 scriptum
967 2204 1031 2238 est
1050 2214 1058 2239 :
1077 2197 1165 2239 «Et
1187 2194 1342 2240 zelavit
1358 2197 1523 2241 Rachel

131 2283 151 2306 »
177 2279 368 2309 sororem
384 2280 505 2308 suam
520 2267 570 2308 ¹0.
585 2265 807 2310 »Proinde
824 2267 926 2326 quia
938 2265 1131 2326 liquidus
1152 2282 1375 2327 purusque
1391 2268 1522 2312 intel—

58 2381 60 2383 .
127 2334 264 2380 lectus
285 2333 340 2378 de
365 2333 437 2378 illa
459 2334 698 2380 substantia
719 2352 819 2396 quae
832 2352 989 2397 corpus
1007 2352 1097 2381 non
1115 2347 1193 2393 est,
1212 2353 1261 2382 ac
1278 2353 1353 2397 per
1372 2339 1455 2384 hoc
1467 2339 1521 2383 ad

172 2457 184 2474 ¹
207 2466 219 2487 1
239 2456 312 2487 Cor.
333 2465 380 2496 x1,
399 2455 453 2487 23.
468 2473 509 2478 —
524 2462 536 2477 ²
555 2464 574 2487 2
594 2457 664 2489 Cor.
692 2467 747 2498 vn,
765 2455 796 2487 5.
817 2473 855 2479 -—-
874 2455 886 2479 3
906 2456 1017 2499 Philip.
1040 2467 1086 2497 iv,
1113 2468 1141 2490 1.
1157 2455 1226 2487 -4
1250 2467 1262 2488 1
1284 2459 1355 2489 Cor.
1376 2470 1400 2498 1,
1415 2459 1516 2490 23.mm

128 2510 144 2535 5
163 2521 182 2544 2
199 2513 271 2544 Cor.
290 2521 320 2553 v,
350 2511 400 2543 13.
419 2528 460 2533 —
476 2509 490 2533 6
505 2512 594 2545 Joan.
613 2523 638 2554 1,
663 2523 691 2545 1.
716 2530 757 2536 —-
774 2519 787 2544 7
810 2513 882 2545 lsai.
903 2523 967 2553 tm,
984 2512 1015 2547 8.
1033 2529 1074 2536 —-
1093 2511 1108 2535 3
1128 2514 1219 2548 Rom.
1238 2525 1261 2554 i,
1280 2522 1333 2547 20.
1355 2531 1396 2539 --
1410 2522 1424 2541 s·
1443 2515 1515 2556 Sap.

127 2578 176 2610 vi,
195 2567 248 2601 25.
264 2585 305 2592 -
323 2574 354 2592 ¹0
370 2569 449 2601 Gen.
467 2577 542 2608 xxx,
570 2580 597 2601 1.
