<?xml version="1.0" encoding="UTF-8"?>
<!DOCTYPE html PUBLIC "-//W3C//DTD XHTML 1.0 Transitional//EN"
    "http://www.w3.org/TR/xhtml1/DTD/xhtml1-transitional.dtd">
<html xmlns="http://www.w3.org/1999/xhtml" xml:lang="en" lang="en">
 <head>
  <title>
</title>
<meta http-equiv="Content-Type" content="text/html;charset=utf-8" />
  <meta name='ocr-system' content='tesseract 3.04.00' />
  <meta name='ocr-capabilities' content='ocr_page ocr_carea ocr_par ocr_line ocrx_word'/>
</head>
<body>
  <div class='ocr_page' id='page_1' title='image "./operaomniaaccura29auguuoft/operaomniaaccura29auguuoft_0296.png"; bbox 0 0 1803 3250; ppageno 0'>
   <div class='ocr_carea' id='block_1_1' title="bbox 328 157 1262 199">
    <p class='ocr_par' dir='ltr' id='par_1_1' title="bbox 328 157 1262 199">
     <span class='ocr_line' id='line_1_1' title="bbox 328 157 1262 199; baseline 0.001 -1"><span class='ocrx_word' id='word_1_1' title='bbox 328 157 415 198; x_wconf 77' lang='lat'>286</span> <span class='ocrx_word' id='word_1_2' title='bbox 778 167 1006 198; x_wconf 73' lang='lat' dir='ltr'>sssctnwmr</span> <span class='ocrx_word' id='word_1_3' title='bbox 1037 165 1262 199; x_wconf 70' lang='lat' dir='ltr'>MAmcnAEr</span> 
     </span>
    </p>
   </div>
   <div class='ocr_carea' id='block_1_2' title="bbox 323 233 1727 2298">
    <p class='ocr_par' dir='ltr' id='par_1_2' title="bbox 323 233 1726 2226">
     <span class='ocr_line' id='line_1_2' title="bbox 326 233 1714 283; baseline 0.003 -4"><span class='ocrx_word' id='word_1_4' title='bbox 326 233 625 279; x_wconf 85' lang='lat' dir='ltr'>subsannasti:</span> <span class='ocrx_word' id='word_1_5' title='bbox 650 233 695 276; x_wconf 90' lang='lat' dir='ltr'>in</span> <span class='ocrx_word' id='word_1_6' title='bbox 717 234 912 280; x_wconf 90' lang='lat' dir='ltr'>medium</span> <span class='ocrx_word' id='word_1_7' title='bbox 933 234 1031 281; x_wconf 89' lang='lat' dir='ltr'>solis</span> <span class='ocrx_word' id='word_1_8' title='bbox 1053 250 1101 280; x_wconf 90' lang='lat' dir='ltr'>ac</span> <span class='ocrx_word' id='word_1_9' title='bbox 1117 236 1236 280; x_wconf 81' lang='lat' dir='ltr'>lunae</span> <span class='ocrx_word' id='word_1_10' title='bbox 1255 236 1460 281; x_wconf 89' lang='lat' dir='ltr'>inventus</span> <span class='ocrx_word' id='word_1_11' title='bbox 1481 251 1525 281; x_wconf 90' lang='lat' dir='ltr'>es</span> <span class='ocrx_word' id='word_1_12' title='bbox 1538 252 1714 283; x_wconf 68' lang='lat' dir='ltr'>accusa-</span> 
     </span>
     <span class='ocr_line' id='line_1_3' title="bbox 326 304 1716 368; baseline 0.003 -18"><span class='ocrx_word' id='word_1_13' title='bbox 326 315 408 350; x_wconf 89' lang='lat' dir='ltr'>tor.</span> <span class='ocrx_word' id='word_1_14' title='bbox 443 305 548 358; x_wconf 92' lang='lat' dir='ltr'>Quis</span> <span class='ocrx_word' id='word_1_15' title='bbox 582 304 713 363; x_wconf 84' lang='lat' dir='ltr'>igitur</span> <span class='ocrx_word' id='word_1_16' title='bbox 742 305 821 350; x_wconf 89' lang='lat' dir='ltr'>tibi</span> <span class='ocrx_word' id='word_1_17' title='bbox 850 317 1059 366; x_wconf 89' lang='lat' dir='ltr'>patronus</span> <span class='ocrx_word' id='word_1_18' title='bbox 1088 309 1169 352; x_wconf 88' lang='lat' dir='ltr'>erit</span> <span class='ocrx_word' id='word_1_19' title='bbox 1200 317 1301 353; x_wconf 86' lang='lat' dir='ltr'>aute</span> <span class='ocrx_word' id='word_1_20' title='bbox 1325 309 1492 368; x_wconf 87' lang='lat' dir='ltr'>justum</span> <span class='ocrx_word' id='word_1_21' title='bbox 1521 308 1716 354; x_wconf 84' lang='lat' dir='ltr'>tribunal</span> 
     </span>
     <span class='ocr_line' id='line_1_4' title="bbox 325 375 1717 440; baseline 0.004 -20"><span class='ocrx_word' id='word_1_22' title='bbox 325 378 349 420; x_wconf 89' lang='lat' dir='ltr'><strong>J</strong></span> <span class='ocrx_word' id='word_1_23' title='bbox 356 375 510 430; x_wconf 88' lang='lat' dir='ltr'>udicis,</span> <span class='ocrx_word' id='word_1_24' title='bbox 543 388 643 420; x_wconf 91' lang='lat' dir='ltr'>cum</span> <span class='ocrx_word' id='word_1_25' title='bbox 671 384 714 420; x_wconf 90' lang='lat' dir='ltr'>et</span> <span class='ocrx_word' id='word_1_26' title='bbox 736 375 792 421; x_wconf 91' lang='lat' dir='ltr'>de</span> <span class='ocrx_word' id='word_1_27' title='bbox 819 392 1017 423; x_wconf 83' lang='lat' dir='ltr'>sermone</span> <span class='ocrx_word' id='word_1_28' title='bbox 1039 389 1081 424; x_wconf 89' lang='lat' dir='ltr'>et</span> <span class='ocrx_word' id='word_1_29' title='bbox 1103 379 1159 424; x_wconf 91' lang='lat' dir='ltr'>de</span> <span class='ocrx_word' id='word_1_30' title='bbox 1181 394 1311 439; x_wconf 84' lang='lat' dir='ltr'>opere</span> <span class='ocrx_word' id='word_1_31' title='bbox 1339 381 1523 440; x_wconf 78' lang='lat' dir='ltr'>coeperis</span> <span class='ocrx_word' id='word_1_32' title='bbox 1545 389 1587 425; x_wconf 89' lang='lat' dir='ltr'>te</span> <span class='ocrx_word' id='word_1_33' title='bbox 1609 390 1717 426; x_wconf 87' lang='lat' dir='ltr'>teste</span> 
     </span>
     <span class='ocr_line' id='line_1_5' title="bbox 325 447 1714 511; baseline 0.002 -18"><span class='ocrx_word' id='word_1_34' title='bbox 325 447 550 493; x_wconf 86' lang='lat' dir='ltr'>convinci?</span> <span class='ocrx_word' id='word_1_35' title='bbox 571 451 696 493; x_wconf 90' lang='lat' dir='ltr'>Persa</span> <span class='ocrx_word' id='word_1_36' title='bbox 715 464 843 510; x_wconf 87' lang='lat' dir='ltr'>quem</span> <span class='ocrx_word' id='word_1_37' title='bbox 863 451 1084 506; x_wconf 86' lang='lat' dir='ltr'>incusasti,</span> <span class='ocrx_word' id='word_1_38' title='bbox 1110 466 1199 496; x_wconf 90' lang='lat' dir='ltr'>non</span> <span class='ocrx_word' id='word_1_39' title='bbox 1224 451 1375 496; x_wconf 87' lang='lat' dir='ltr'>aderit.</span> <span class='ocrx_word' id='word_1_40' title='bbox 1404 454 1497 496; x_wconf 86' lang='lat' dir='ltr'>Hoc</span> <span class='ocrx_word' id='word_1_41' title='bbox 1518 461 1714 511; x_wconf 87' lang='lat' dir='ltr'>excepto,</span> 
     </span>
     <span class='ocr_line' id='line_1_6' title="bbox 324 518 1719 579; baseline 0.004 -18"><span class='ocrx_word' id='word_1_42' title='bbox 324 518 421 579; x_wconf 89' lang='lat' dir='ltr'>quis</span> <span class='ocrx_word' id='word_1_43' title='bbox 444 527 485 563; x_wconf 86' lang='lat' dir='ltr'>te</span> <span class='ocrx_word' id='word_1_44' title='bbox 509 519 687 564; x_wconf 85' lang='lat' dir='ltr'>flentem</span> <span class='ocrx_word' id='word_1_45' title='bbox 709 521 1033 566; x_wconf 79' lang='lat' dir='ltr'>consolabitur?</span> <span class='ocrx_word' id='word_1_46' title='bbox 1055 522 1160 576; x_wconf 85' lang='lat' dir='ltr'>Quis</span> <span class='ocrx_word' id='word_1_47' title='bbox 1185 523 1400 566; x_wconf 91' lang='lat' dir='ltr'>Punicum</span> <span class='ocrx_word' id='word_1_48' title='bbox 1418 522 1627 567; x_wconf 80' lang='lat' dir='ltr'>salvabit?</span> <span class='ocrx_word' id='word_1_49' title='bbox 1650 526 1719 567; x_wconf 82' lang='lat' dir='ltr'>An</span> 
     </span>
     <span class='ocr_line' id='line_1_7' title="bbox 323 591 1720 653; baseline 0.002 -19"><span class='ocrx_word' id='word_1_50' title='bbox 323 591 605 635; x_wconf 88' lang='lat' dir='ltr'>emendatum</span> <span class='ocrx_word' id='word_1_51' title='bbox 623 591 667 636; x_wconf 94' lang='lat' dir='ltr'>in</span> <span class='ocrx_word' id='word_1_52' title='bbox 688 593 924 652; x_wconf 83' lang='lat' dir='ltr'>Evangelio</span> <span class='ocrx_word' id='word_1_53' title='bbox 941 603 1020 649; x_wconf 90' lang='lat' dir='ltr'>est,</span> <span class='ocrx_word' id='word_1_54' title='bbox 1039 594 1159 653; x_wconf 92' lang='lat' dir='ltr'>quod</span> <span class='ocrx_word' id='word_1_55' title='bbox 1177 595 1362 653; x_wconf 84' lang='lat' dir='ltr'>spatiosa</span> <span class='ocrx_word' id='word_1_56' title='bbox 1379 594 1447 639; x_wconf 89' lang='lat' dir='ltr'>via</span> <span class='ocrx_word' id='word_1_57' title='bbox 1470 609 1560 638; x_wconf 89' lang='lat' dir='ltr'>non</span> <span class='ocrx_word' id='word_1_58' title='bbox 1577 593 1720 637; x_wconf 81' lang='lat' dir='ltr'>dedu-</span> 
     </span>
     <span class='ocr_line' id='line_1_8' title="bbox 324 662 1719 725; baseline 0 -17"><span class='ocrx_word' id='word_1_59' title='bbox 324 671 394 708; x_wconf 85' lang='lat' dir='ltr'>cat</span> <span class='ocrx_word' id='word_1_60' title='bbox 414 662 460 706; x_wconf 92' lang='lat' dir='ltr'>in</span> <span class='ocrx_word' id='word_1_61' title='bbox 481 662 703 708; x_wconf 90' lang='lat' dir='ltr'>interitum</span> <span class='ocrx_word' id='word_1_62' title='bbox 718 666 727 688; x_wconf 92' lang='lat'><strong>¹</strong></span> <span class='ocrx_word' id='word_1_63' title='bbox 745 666 763 708; x_wconf 82' lang='lat' dir='ltr'>P</span> <span class='ocrx_word' id='word_1_64' title='bbox 784 668 852 708; x_wconf 88' lang='lat' dir='ltr'>An</span> <span class='ocrx_word' id='word_1_65' title='bbox 876 663 1032 708; x_wconf 87' lang='lat' dir='ltr'>falsum</span> <span class='ocrx_word' id='word_1_66' title='bbox 1053 665 1098 708; x_wconf 90' lang='lat' dir='ltr'>in</span> <span class='ocrx_word' id='word_1_67' title='bbox 1122 665 1258 709; x_wconf 85' lang='lat' dir='ltr'>Paulo</span> <span class='ocrx_word' id='word_1_68' title='bbox 1276 675 1356 720; x_wconf 87' lang='lat' dir='ltr'>est,</span> <span class='ocrx_word' id='word_1_69' title='bbox 1384 664 1507 725; x_wconf 90' lang='lat' dir='ltr'>quod</span> <span class='ocrx_word' id='word_1_70' title='bbox 1536 678 1719 725; x_wconf 88' lang='lat' dir='ltr'>operum</span> 
     </span>
     <span class='ocr_line' id='line_1_9' title="bbox 324 733 1720 792; baseline 0.001 -14"><span class='ocrx_word' id='word_1_71' title='bbox 324 733 480 792; x_wconf 80' lang='lat' dir='ltr'>singuli</span> <span class='ocrx_word' id='word_1_72' title='bbox 503 749 681 778; x_wconf 89' lang='lat' dir='ltr'>suorum</span> <span class='ocrx_word' id='word_1_73' title='bbox 700 749 789 779; x_wconf 84' lang='lat' dir='ltr'>non</span> <span class='ocrx_word' id='word_1_74' title='bbox 803 744 932 779; x_wconf 88' lang='lat' dir='ltr'>erunt</span> <span class='ocrx_word' id='word_1_75' title='bbox 950 734 1163 779; x_wconf 79' lang='lat' dir='ltr'>reddituri</span> <span class='ocrx_word' id='word_1_76' title='bbox 1184 736 1424 780; x_wconf 76' lang='lat' dir='ltr'>rationem?</span> <span class='ocrx_word' id='word_1_77' title='bbox 1446 737 1484 780; x_wconf 91' lang='grc' dir='ltr'><strong>Ο</strong></span> <span class='ocrx_word' id='word_1_78' title='bbox 1508 737 1679 780; x_wconf 89' lang='lat' dir='ltr'>utinam</span> <span class='ocrx_word' id='word_1_79' title='bbox 1695 750 1720 779; x_wconf 87' lang='lat' dir='ltr'>a</span> 
     </span>
     <span class='ocr_line' id='line_1_10' title="bbox 323 805 1720 865; baseline 0 -16"><span class='ocrx_word' id='word_1_80' title='bbox 323 806 567 849; x_wconf 73' lang='lat' dir='ltr'>Manichaeo</span> <span class='ocrx_word' id='word_1_81' title='bbox 587 805 804 859; x_wconf 81' lang='lat' dir='ltr'>recedens,</span> <span class='ocrx_word' id='word_1_82' title='bbox 824 806 1090 850; x_wconf 82' lang='lat' dir='ltr'>academiam</span> <span class='ocrx_word' id='word_1_83' title='bbox 1106 806 1311 865; x_wconf 86' lang='lat' dir='ltr'>petiisses,</span> <span class='ocrx_word' id='word_1_84' title='bbox 1328 816 1403 851; x_wconf 85' lang='lat' dir='ltr'>aut</span> <span class='ocrx_word' id='word_1_85' title='bbox 1419 809 1720 851; x_wconf 81' lang='lat' dir='ltr'>Romanorum</span> 
     </span>
     <span class='ocr_line' id='line_1_11' title="bbox 324 875 1722 937; baseline 0.001 -18"><span class='ocrx_word' id='word_1_86' title='bbox 324 875 455 930; x_wconf 79' lang='lat' dir='ltr'>bella,</span> <span class='ocrx_word' id='word_1_87' title='bbox 481 876 557 936; x_wconf 85' lang='lat' dir='ltr'>qui</span> <span class='ocrx_word' id='word_1_88' title='bbox 580 877 724 920; x_wconf 84' lang='lat' dir='ltr'>onmia</span> <span class='ocrx_word' id='word_1_89' title='bbox 745 885 1023 935; x_wconf 87' lang='lat' dir='ltr'>superarunt,</span> <span class='ocrx_word' id='word_1_90' title='bbox 1049 878 1357 937; x_wconf 83' lang='lat' dir='ltr'>interpretatus</span> <span class='ocrx_word' id='word_1_91' title='bbox 1382 877 1561 922; x_wconf 81' lang='lat' dir='ltr'>fuisses:</span> <span class='ocrx_word' id='word_1_92' title='bbox 1586 891 1722 937; x_wconf 88' lang='lat' dir='ltr'>quam</span> 
     </span>
     <span class='ocr_line' id='line_1_12' title="bbox 324 948 1722 1008; baseline 0 -17"><span class='ocrx_word' id='word_1_93' title='bbox 324 963 480 1007; x_wconf 84' lang='lat' dir='ltr'>magna</span> <span class='ocrx_word' id='word_1_94' title='bbox 503 948 580 1002; x_wconf 86' lang='lat' dir='ltr'>ibi,</span> <span class='ocrx_word' id='word_1_95' title='bbox 605 963 736 1007; x_wconf 88' lang='lat' dir='ltr'>quam</span> <span class='ocrx_word' id='word_1_96' title='bbox 756 948 924 1006; x_wconf 81' lang='lat' dir='ltr'>egregia</span> <span class='ocrx_word' id='word_1_97' title='bbox 946 949 1242 1008; x_wconf 80' lang='lat' dir='ltr'>comperisses,</span> <span class='ocrx_word' id='word_1_98' title='bbox 1263 959 1306 994; x_wconf 87' lang='lat' dir='ltr'>et</span> <span class='ocrx_word' id='word_1_99' title='bbox 1324 964 1413 993; x_wconf 87' lang='lat' dir='ltr'>non</span> <span class='ocrx_word' id='word_1_100' title='bbox 1433 959 1575 993; x_wconf 85' lang='lat' dir='ltr'>castus</span> <span class='ocrx_word' id='word_1_101' title='bbox 1590 949 1722 992; x_wconf 90' lang='lat' dir='ltr'>homo</span> 
     </span>
     <span class='ocr_line' id='line_1_13' title="bbox 324 1018 1723 1080; baseline -0.001 -17"><span class='ocrx_word' id='word_1_102' title='bbox 324 1020 478 1079; x_wconf 87' lang='lat' dir='ltr'>utique</span> <span class='ocrx_word' id='word_1_103' title='bbox 495 1019 628 1063; x_wconf 81' lang='lat' dir='ltr'>totius</span> <span class='ocrx_word' id='word_1_104' title='bbox 648 1018 868 1078; x_wconf 84' lang='lat' dir='ltr'>pudicitiae</span> <span class='ocrx_word' id='word_1_105' title='bbox 891 1028 935 1063; x_wconf 89' lang='lat' dir='ltr'>et</span> <span class='ocrx_word' id='word_1_106' title='bbox 955 1021 1241 1080; x_wconf 80' lang='lat' dir='ltr'>paupertatis,</span> <span class='ocrx_word' id='word_1_107' title='bbox 1266 1020 1367 1064; x_wconf 89' lang='lat' dir='ltr'>isses</span> <span class='ocrx_word' id='word_1_108' title='bbox 1391 1020 1446 1064; x_wconf 86' lang='lat' dir='ltr'>ad</span> <span class='ocrx_word' id='word_1_109' title='bbox 1465 1023 1488 1064; x_wconf 85' lang='lat' dir='ltr'>J</span> <span class='ocrx_word' id='word_1_110' title='bbox 1495 1019 1723 1064; x_wconf 82' lang='lat' dir='ltr'>udaeorum</span> 
     </span>
     <span class='ocr_line' id='line_1_14' title="bbox 323 1090 1718 1151; baseline 0 -17"><span class='ocrx_word' id='word_1_111' title='bbox 323 1101 472 1149; x_wconf 86' lang='lat' dir='ltr'>gentes</span> <span class='ocrx_word' id='word_1_112' title='bbox 496 1090 702 1135; x_wconf 87' lang='lat' dir='ltr'>barbaras</span> <span class='ocrx_word' id='word_1_113' title='bbox 725 1091 922 1135; x_wconf 87' lang='lat' dir='ltr'>moribus</span> <span class='ocrx_word' id='word_1_114' title='bbox 944 1110 953 1136; x_wconf 74' lang='grc' dir='ltr'>ε</span> <span class='ocrx_word' id='word_1_115' title='bbox 979 1106 1081 1135; x_wconf 91' lang='lat' dir='ltr'>cum</span> <span class='ocrx_word' id='word_1_116' title='bbox 1105 1092 1332 1151; x_wconf 85' lang='lat' dir='ltr'>praeceptis</span> <span class='ocrx_word' id='word_1_117' title='bbox 1358 1092 1506 1135; x_wconf 88' lang='lat' dir='ltr'>inseris</span> <span class='ocrx_word' id='word_1_118' title='bbox 1529 1090 1718 1145; x_wconf 70' lang='lat' dir='ltr'>fabulae,</span> 
     </span>
     <span class='ocr_line' id='line_1_15' title="bbox 324 1162 1722 1219; baseline 0 -13"><span class='ocrx_word' id='word_1_119' title='bbox 324 1171 367 1206; x_wconf 88' lang='lat' dir='ltr'>et</span> <span class='ocrx_word' id='word_1_120' title='bbox 385 1162 566 1207; x_wconf 89' lang='lat' dir='ltr'>adducis</span> <span class='ocrx_word' id='word_1_121' title='bbox 583 1179 759 1208; x_wconf 85' lang='lat' dir='ltr'>uxorem</span> <span class='ocrx_word' id='word_1_122' title='bbox 777 1162 1073 1219; x_wconf 84' lang='lat' dir='ltr'>fornicariam,</span> <span class='ocrx_word' id='word_1_123' title='bbox 1094 1172 1158 1219; x_wconf 89' lang='lat' dir='ltr'>et,</span> <span class='ocrx_word' id='word_1_124' title='bbox 1182 1183 1202 1206; x_wconf 75' lang='grc' dir='ltr'>ι(</span> <span class='ocrx_word' id='word_1_125' title='bbox 1224 1164 1373 1208; x_wconf 89' lang='lat' dir='ltr'>Facies</span> <span class='ocrx_word' id='word_1_126' title='bbox 1396 1164 1506 1207; x_wconf 84' lang='lat' dir='ltr'>filios</span> <span class='ocrx_word' id='word_1_127' title='bbox 1528 1163 1722 1207; x_wconf 85' lang='lat' dir='ltr'>fornica-</span> 
     </span>
     <span class='ocr_line' id='line_1_16' title="bbox 327 1233 1719 1290; baseline 0 -16"><span class='ocrx_word' id='word_1_128' title='bbox 327 1251 348 1275; x_wconf 88' lang='lat'>»</span> <span class='ocrx_word' id='word_1_129' title='bbox 383 1234 473 1289; x_wconf 87' lang='lat' dir='ltr'>riae,</span> <span class='ocrx_word' id='word_1_130' title='bbox 495 1251 515 1274; x_wconf 64' lang='grc' dir='ltr'><strong>η</strong></span> <span class='ocrx_word' id='word_1_131' title='bbox 537 1243 580 1278; x_wconf 88' lang='lat' dir='ltr'>et</span> <span class='ocrx_word' id='word_1_132' title='bbox 596 1269 608 1290; x_wconf 89' lang='lat'>,</span> <span class='ocrx_word' id='word_1_133' title='bbox 630 1254 650 1277; x_wconf 68' lang='lat' dir='ltr'>u</span> <span class='ocrx_word' id='word_1_134' title='bbox 671 1234 948 1279; x_wconf 88' lang='lat' dir='ltr'>Fornicando</span> <span class='ocrx_word' id='word_1_135' title='bbox 970 1234 1259 1279; x_wconf 85' lang='lat' dir='ltr'>fornicabitur</span> <span class='ocrx_word' id='word_1_136' title='bbox 1282 1244 1394 1278; x_wconf 86' lang='lat' dir='ltr'>terra</span> <span class='ocrx_word' id='word_1_137' title='bbox 1418 1250 1440 1279; x_wconf 85' lang='lat' dir='ltr'>a</span> <span class='ocrx_word' id='word_1_138' title='bbox 1466 1233 1669 1289; x_wconf 89' lang='lat' dir='ltr'>Domino,</span> <span class='ocrx_word' id='word_1_139' title='bbox 1699 1248 1719 1274; x_wconf 78' lang='lat'>»</span> 
     </span>
     <span class='ocr_line' id='line_1_17' title="bbox 324 1305 1720 1366; baseline 0 -17"><span class='ocrx_word' id='word_1_140' title='bbox 324 1313 394 1361; x_wconf 90' lang='lat' dir='ltr'>et,</span> <span class='ocrx_word' id='word_1_141' title='bbox 425 1324 446 1347; x_wconf 90' lang='lat'>«</span> <span class='ocrx_word' id='word_1_142' title='bbox 481 1307 578 1351; x_wconf 89' lang='lat' dir='ltr'>Non</span> <span class='ocrx_word' id='word_1_143' title='bbox 610 1305 774 1351; x_wconf 86' lang='lat' dir='ltr'>lavabis</span> <span class='ocrx_word' id='word_1_144' title='bbox 806 1321 961 1350; x_wconf 88' lang='lat' dir='ltr'>manus</span> <span class='ocrx_word' id='word_1_145' title='bbox 996 1316 1095 1366; x_wconf 88' lang='lat' dir='ltr'>post</span> <span class='ocrx_word' id='word_1_146' title='bbox 1125 1311 1292 1350; x_wconf 73' lang='lat' dir='ltr'>coitum</span> <span class='ocrx_word' id='word_1_147' title='bbox 1326 1306 1568 1366; x_wconf 80' lang='lat' dir='ltr'>conjugis³,</span> <span class='ocrx_word' id='word_1_148' title='bbox 1596 1323 1617 1346; x_wconf 86' lang='lat'>»</span> <span class='ocrx_word' id='word_1_149' title='bbox 1642 1314 1720 1361; x_wconf 86' lang='lat' dir='ltr'>et,</span> 
     </span>
     <span class='ocr_line' id='line_1_18' title="bbox 328 1377 1725 1437; baseline 0.002 -19"><span class='ocrx_word' id='word_1_150' title='bbox 328 1395 349 1419; x_wconf 89' lang='lat'>«</span> <span class='ocrx_word' id='word_1_151' title='bbox 383 1377 508 1422; x_wconf 89' lang='lat' dir='ltr'>Mitte</span> <span class='ocrx_word' id='word_1_152' title='bbox 544 1392 699 1422; x_wconf 90' lang='lat' dir='ltr'>manus</span> <span class='ocrx_word' id='word_1_153' title='bbox 736 1393 866 1437; x_wconf 87' lang='lat' dir='ltr'>super</span> <span class='ocrx_word' id='word_1_154' title='bbox 905 1378 1047 1421; x_wconf 82' lang='lat' dir='ltr'>femur</span> <span class='ocrx_word' id='word_1_155' title='bbox 1082 1379 1273 1432; x_wconf 77' lang='lat' dir='ltr'>meum⁴,</span> <span class='ocrx_word' id='word_1_156' title='bbox 1301 1395 1320 1418; x_wconf 91' lang='lat'>»</span> <span class='ocrx_word' id='word_1_157' title='bbox 1346 1386 1416 1432; x_wconf 88' lang='lat' dir='ltr'>et,</span> <span class='ocrx_word' id='word_1_158' title='bbox 1445 1396 1465 1419; x_wconf 89' lang='lat'>«</span> <span class='ocrx_word' id='word_1_159' title='bbox 1492 1380 1641 1422; x_wconf 89' lang='lat' dir='ltr'>Macta</span> <span class='ocrx_word' id='word_1_160' title='bbox 1679 1384 1725 1421; x_wconf 88' lang='lat' dir='ltr'>et</span> 
     </span>
     <span class='ocr_line' id='line_1_19' title="bbox 326 1447 1724 1508; baseline 0.002 -20"><span class='ocrx_word' id='word_1_161' title='bbox 326 1465 347 1488; x_wconf 91' lang='lat'>»</span> <span class='ocrx_word' id='word_1_162' title='bbox 382 1447 643 1503; x_wconf 83' lang='lat' dir='ltr'>manduca⁵,</span> <span class='ocrx_word' id='word_1_163' title='bbox 668 1465 688 1489; x_wconf 91' lang='lat'>»</span> <span class='ocrx_word' id='word_1_164' title='bbox 710 1457 752 1492; x_wconf 89' lang='lat' dir='ltr'>et</span> <span class='ocrx_word' id='word_1_165' title='bbox 767 1483 778 1502; x_wconf 87' lang='lat'>,</span> <span class='ocrx_word' id='word_1_166' title='bbox 801 1467 821 1490; x_wconf 88' lang='lat'>«</span> <span class='ocrx_word' id='word_1_167' title='bbox 841 1448 1032 1493; x_wconf 85' lang='lat' dir='ltr'>Crescite</span> <span class='ocrx_word' id='word_1_168' title='bbox 1050 1457 1093 1492; x_wconf 90' lang='lat' dir='ltr'>et</span> <span class='ocrx_word' id='word_1_169' title='bbox 1108 1449 1501 1508; x_wconf 83' lang='lat' dir='ltr'>multiplicamini⁶.</span> <span class='ocrx_word' id='word_1_170' title='bbox 1522 1467 1542 1490; x_wconf 85' lang='lat'>»</span> <span class='ocrx_word' id='word_1_171' title='bbox 1560 1452 1627 1493; x_wconf 83' lang='lat' dir='ltr'>An</span> <span class='ocrx_word' id='word_1_172' title='bbox 1642 1447 1724 1492; x_wconf 89' lang='lat' dir='ltr'>tibi</span> 
     </span>
     <span class='ocr_line' id='line_1_20' title="bbox 323 1518 1725 1580; baseline 0 -17"><span class='ocrx_word' id='word_1_173' title='bbox 323 1518 468 1563; x_wconf 88' lang='lat' dir='ltr'>leones</span> <span class='ocrx_word' id='word_1_174' title='bbox 490 1519 536 1563; x_wconf 91' lang='lat' dir='ltr'>in</span> <span class='ocrx_word' id='word_1_175' title='bbox 551 1519 651 1564; x_wconf 86' lang='lat' dir='ltr'>lacu</span> <span class='ocrx_word' id='word_1_176' title='bbox 674 1519 934 1579; x_wconf 86' lang='lat' dir='ltr'>placuerunt</span> <span class='ocrx_word' id='word_1_177' title='bbox 948 1522 980 1575; x_wconf 88' lang='lat'>7,</span> <span class='ocrx_word' id='word_1_178' title='bbox 1003 1520 1104 1580; x_wconf 87' lang='lat' dir='ltr'>quia</span> <span class='ocrx_word' id='word_1_179' title='bbox 1121 1535 1264 1565; x_wconf 85' lang='lat' dir='ltr'>caveae</span> <span class='ocrx_word' id='word_1_180' title='bbox 1280 1536 1368 1565; x_wconf 89' lang='lat' dir='ltr'>non</span> <span class='ocrx_word' id='word_1_181' title='bbox 1385 1522 1538 1564; x_wconf 82' lang='lat' dir='ltr'>erant?</span> <span class='ocrx_word' id='word_1_182' title='bbox 1556 1523 1624 1564; x_wconf 86' lang='lat' dir='ltr'>An</span> <span class='ocrx_word' id='word_1_183' title='bbox 1642 1518 1725 1563; x_wconf 85' lang='lat' dir='ltr'>tibi</span> 
     </span>
     <span class='ocr_line' id='line_1_21' title="bbox 323 1589 1725 1652; baseline 0.001 -18"><span class='ocrx_word' id='word_1_184' title='bbox 323 1591 523 1635; x_wconf 85' lang='lat' dir='ltr'>sterilitas</span> <span class='ocrx_word' id='word_1_185' title='bbox 559 1593 673 1636; x_wconf 89' lang='lat' dir='ltr'>Sarae</span> <span class='ocrx_word' id='word_1_186' title='bbox 707 1589 865 1647; x_wconf 87' lang='lat' dir='ltr'>doluit,</span> <span class='ocrx_word' id='word_1_187' title='bbox 900 1593 1024 1651; x_wconf 88' lang='lat' dir='ltr'>cujus</span> <span class='ocrx_word' id='word_1_188' title='bbox 1060 1592 1239 1652; x_wconf 91' lang='lat' dir='ltr'>pudoris</span> <span class='ocrx_word' id='word_1_189' title='bbox 1278 1593 1507 1638; x_wconf 88' lang='lat' dir='ltr'>distractor</span> <span class='ocrx_word' id='word_1_190' title='bbox 1543 1592 1725 1637; x_wconf 89' lang='lat' dir='ltr'>maritus</span> 
     </span>
     <span class='ocr_line' id='line_1_22' title="bbox 323 1663 1725 1724; baseline 0.001 -18"><span class='ocrx_word' id='word_1_191' title='bbox 323 1677 515 1707; x_wconf 90' lang='lat' dir='ltr'>sororem</span> <span class='ocrx_word' id='word_1_192' title='bbox 540 1664 709 1722; x_wconf 83' lang='lat' dir='ltr'>fingens</span> <span class='ocrx_word' id='word_1_193' title='bbox 742 1665 992 1708; x_wconf 61' lang='lat' dir='ltr'>extiteratssi&#39;</span> <span class='ocrx_word' id='word_1_194' title='bbox 1018 1663 1102 1709; x_wconf 89' lang='lat' dir='ltr'>Sed</span> <span class='ocrx_word' id='word_1_195' title='bbox 1125 1664 1238 1708; x_wconf 85' lang='lat' dir='ltr'>forte</span> <span class='ocrx_word' id='word_1_196' title='bbox 1261 1673 1358 1724; x_wconf 91' lang='lat' dir='ltr'>post</span> <span class='ocrx_word' id='word_1_197' title='bbox 1380 1664 1546 1709; x_wconf 87' lang='lat' dir='ltr'>Daretis</span> <span class='ocrx_word' id='word_1_198' title='bbox 1567 1673 1610 1708; x_wconf 87' lang='lat' dir='ltr'>et</span> <span class='ocrx_word' id='word_1_199' title='bbox 1630 1666 1725 1708; x_wconf 85' lang='lat' dir='ltr'>En-</span> 
     </span>
     <span class='ocr_line' id='line_1_23' title="bbox 324 1733 1725 1795; baseline 0 -17"><span class='ocrx_word' id='word_1_200' title='bbox 324 1733 417 1778; x_wconf 87' lang='lat' dir='ltr'>telli</span> <span class='ocrx_word' id='word_1_201' title='bbox 445 1736 708 1791; x_wconf 84' lang='lat' dir='ltr'>certamen⁹,</span> <span class='ocrx_word' id='word_1_202' title='bbox 743 1735 879 1780; x_wconf 84' lang='lat' dir='ltr'>Jacob</span> <span class='ocrx_word' id='word_1_203' title='bbox 911 1744 955 1780; x_wconf 87' lang='lat' dir='ltr'>et</span> <span class='ocrx_word' id='word_1_204' title='bbox 983 1735 1117 1795; x_wconf 87' lang='lat' dir='ltr'>ipsius</span> <span class='ocrx_word' id='word_1_205' title='bbox 1150 1736 1470 1795; x_wconf 82' lang='lat' dir='ltr'>pammachiam</span> <span class='ocrx_word' id='word_1_206' title='bbox 1498 1744 1725 1795; x_wconf 84' lang='lat' dir='ltr'>expectare</span> 
     </span>
     <span class='ocr_line' id='line_1_24' title="bbox 323 1805 1726 1866; baseline -0.001 -15"><span class='ocrx_word' id='word_1_207' title='bbox 323 1805 522 1851; x_wconf 87' lang='lat' dir='ltr'>volueras</span> <span class='ocrx_word' id='word_1_208' title='bbox 534 1807 595 1848; x_wconf 78' lang='lat'>¹⁰?</span> <span class='ocrx_word' id='word_1_209' title='bbox 612 1808 680 1850; x_wconf 83' lang='lat' dir='ltr'>An</span> <span class='ocrx_word' id='word_1_210' title='bbox 696 1821 930 1850; x_wconf 88' lang='lat' dir='ltr'>numerum</span> <span class='ocrx_word' id='word_1_211' title='bbox 948 1807 1303 1851; x_wconf 80' lang='lat' dir='ltr'>Amorrhaeorum</span> <span class='ocrx_word' id='word_1_212' title='bbox 1316 1809 1368 1862; x_wconf 84' lang='lat'>¹¹,</span> <span class='ocrx_word' id='word_1_213' title='bbox 1384 1823 1438 1851; x_wconf 89' lang='lat' dir='ltr'>an</span> <span class='ocrx_word' id='word_1_214' title='bbox 1453 1820 1726 1866; x_wconf 87' lang='lat' dir='ltr'>pancarpum</span> 
     </span>
     <span class='ocr_line' id='line_1_25' title="bbox 325 1877 1726 1937; baseline 0 -16"><span class='ocrx_word' id='word_1_215' title='bbox 325 1877 371 1921; x_wconf 86' lang='lat' dir='ltr'>in</span> <span class='ocrx_word' id='word_1_216' title='bbox 403 1893 500 1921; x_wconf 86' lang='lat' dir='ltr'>arca</span> <span class='ocrx_word' id='word_1_217' title='bbox 532 1879 624 1924; x_wconf 66' lang='lat' dir='ltr'>Noc</span> <span class='ocrx_word' id='word_1_218' title='bbox 655 1878 904 1937; x_wconf 87' lang='lat' dir='ltr'>conspicere</span> <span class='ocrx_word' id='word_1_219' title='bbox 938 1877 1283 1937; x_wconf 44' lang='lat' dir='ltr'>disposueras&amp;</span> <span class='ocrx_word' id='word_1_220' title='bbox 1315 1878 1424 1924; x_wconf 91' lang='lat' dir='ltr'>Novi</span> <span class='ocrx_word' id='word_1_221' title='bbox 1454 1893 1536 1936; x_wconf 81' lang='lat' dir='ltr'>ego</span> <span class='ocrx_word' id='word_1_222' title='bbox 1565 1886 1608 1921; x_wconf 87' lang='lat' dir='ltr'>te</span> <span class='ocrx_word' id='word_1_223' title='bbox 1631 1878 1726 1922; x_wconf 82' lang='lat' dir='ltr'>haec</span> 
     </span>
     <span class='ocr_line' id='line_1_26' title="bbox 325 1948 1721 2008; baseline 0 -16"><span class='ocrx_word' id='word_1_224' title='bbox 325 1962 495 2008; x_wconf 89' lang='lat' dir='ltr'>semper</span> <span class='ocrx_word' id='word_1_225' title='bbox 512 1948 614 1994; x_wconf 86' lang='lat' dir='ltr'>odio</span> <span class='ocrx_word' id='word_1_226' title='bbox 627 1948 846 2004; x_wconf 83' lang='lat' dir='ltr'>habuisse,</span> <span class='ocrx_word' id='word_1_227' title='bbox 863 1948 965 1993; x_wconf 91' lang='lat' dir='ltr'>novi</span> <span class='ocrx_word' id='word_1_228' title='bbox 981 1964 1062 2008; x_wconf 83' lang='lat' dir='ltr'>ego</span> <span class='ocrx_word' id='word_1_229' title='bbox 1077 1957 1120 1992; x_wconf 88' lang='lat' dir='ltr'>te</span> <span class='ocrx_word' id='word_1_230' title='bbox 1137 1963 1306 2008; x_wconf 89' lang='lat' dir='ltr'>semper</span> <span class='ocrx_word' id='word_1_231' title='bbox 1323 1964 1480 2008; x_wconf 84' lang='lat' dir='ltr'>magna</span> <span class='ocrx_word' id='word_1_232' title='bbox 1496 1949 1721 2004; x_wconf 88' lang='lat' dir='ltr'>amavisse,</span> 
     </span>
     <span class='ocr_line' id='line_1_27' title="bbox 327 2020 1726 2082; baseline 0 -18"><span class='ocrx_word' id='word_1_233' title='bbox 327 2035 428 2080; x_wconf 89' lang='lat' dir='ltr'>quae</span> <span class='ocrx_word' id='word_1_234' title='bbox 448 2029 583 2066; x_wconf 87' lang='lat' dir='ltr'>terras</span> <span class='ocrx_word' id='word_1_235' title='bbox 599 2020 865 2076; x_wconf 88' lang='lat' dir='ltr'>desererent,</span> <span class='ocrx_word' id='word_1_236' title='bbox 899 2036 998 2082; x_wconf 87' lang='lat' dir='ltr'>quae</span> <span class='ocrx_word' id='word_1_237' title='bbox 1016 2020 1152 2065; x_wconf 91' lang='lat' dir='ltr'>coelos</span> <span class='ocrx_word' id='word_1_238' title='bbox 1175 2030 1391 2080; x_wconf 87' lang='lat' dir='ltr'>peterent,</span> <span class='ocrx_word' id='word_1_239' title='bbox 1417 2035 1517 2081; x_wconf 79' lang='lat' dir='ltr'>quae</span> <span class='ocrx_word' id='word_1_240' title='bbox 1543 2034 1726 2079; x_wconf 83' lang='lat' dir='ltr'>corpora</span> 
     </span>
     <span class='ocr_line' id='line_1_28' title="bbox 327 2091 1722 2153; baseline 0 -17"><span class='ocrx_word' id='word_1_241' title='bbox 327 2093 656 2150; x_wconf 85' lang='lat' dir='ltr'>mortificarent,</span> <span class='ocrx_word' id='word_1_242' title='bbox 673 2109 773 2153; x_wconf 82' lang='lat' dir='ltr'>quae</span> <span class='ocrx_word' id='word_1_243' title='bbox 790 2093 954 2137; x_wconf 84' lang='lat' dir='ltr'>animas</span> <span class='ocrx_word' id='word_1_244' title='bbox 973 2093 1258 2138; x_wconf 79' lang='lat' dir='ltr'>vivificarent.</span> <span class='ocrx_word' id='word_1_245' title='bbox 1279 2092 1386 2147; x_wconf 88' lang='lat' dir='ltr'>Quis</span> <span class='ocrx_word' id='word_1_246' title='bbox 1402 2092 1534 2151; x_wconf 82' lang='lat' dir='ltr'>igitur</span> <span class='ocrx_word' id='word_1_247' title='bbox 1550 2091 1624 2136; x_wconf 89' lang='lat' dir='ltr'>ille</span> <span class='ocrx_word' id='word_1_248' title='bbox 1641 2099 1722 2148; x_wconf 88' lang='lat' dir='ltr'>est,</span> 
     </span>
     <span class='ocr_line' id='line_1_29' title="bbox 328 2165 928 2226; baseline 0.005 -19"><span class='ocrx_word' id='word_1_249' title='bbox 328 2165 404 2225; x_wconf 86' lang='lat' dir='ltr'>qui</span> <span class='ocrx_word' id='word_1_250' title='bbox 421 2173 464 2209; x_wconf 90' lang='lat' dir='ltr'>te</span> <span class='ocrx_word' id='word_1_251' title='bbox 479 2174 659 2226; x_wconf 84' lang='lat' dir='ltr'>repente</span> <span class='ocrx_word' id='word_1_252' title='bbox 676 2166 889 2210; x_wconf 81' lang='lat' dir='ltr'>mutavit?</span> <span class='ocrx_word' id='word_1_253' title='bbox 908 2183 928 2207; x_wconf 90' lang='lat'>»</span> 
     </span>
    </p>

    <p class='ocr_par' dir='ltr' id='par_1_3' title="bbox 389 2235 1727 2298">
     <span class='ocr_line' id='line_1_30' title="bbox 389 2235 1727 2298; baseline -0.002 -16"><span class='ocrx_word' id='word_1_254' title='bbox 389 2238 467 2282; x_wconf 89' lang='lat' dir='ltr'>lv.</span> <span class='ocrx_word' id='word_1_255' title='bbox 506 2255 527 2280; x_wconf 74' lang='grc' dir='ltr'>α</span> <span class='ocrx_word' id='word_1_256' title='bbox 541 2239 806 2298; x_wconf 86' lang='lat' dir='ltr'>Quanquam</span> <span class='ocrx_word' id='word_1_257' title='bbox 817 2237 911 2281; x_wconf 86' lang='lat' dir='ltr'>haec</span> <span class='ocrx_word' id='word_1_258' title='bbox 922 2238 1026 2281; x_wconf 87' lang='lat' dir='ltr'>Tuae</span> <span class='ocrx_word' id='word_1_259' title='bbox 1040 2235 1268 2281; x_wconf 90' lang='lat' dir='ltr'>Sanctitati</span> <span class='ocrx_word' id='word_1_260' title='bbox 1279 2235 1422 2281; x_wconf 89' lang='lat' dir='ltr'>dicere</span> <span class='ocrx_word' id='word_1_261' title='bbox 1435 2235 1565 2280; x_wconf 89' lang='lat' dir='ltr'>nimis</span> <span class='ocrx_word' id='word_1_262' title='bbox 1576 2235 1727 2280; x_wconf 88' lang='lat' dir='ltr'>absur-</span> 
     </span>
    </p>
   </div>
   <div class='ocr_carea' id='block_1_3' title="bbox 331 2365 1725 2578">
    <p class='ocr_par' dir='ltr' id='par_1_4' title="bbox 331 2365 1725 2578">
     <span class='ocr_line' id='line_1_31' title="bbox 378 2365 1725 2408; baseline -0.001 -9"><span class='ocrx_word' id='word_1_263' title='bbox 378 2374 388 2390; x_wconf 83' lang='lat'>1</span> <span class='ocrx_word' id='word_1_264' title='bbox 408 2368 526 2400; x_wconf 80' lang='lat' dir='ltr'>Matth.</span> <span class='ocrx_word' id='word_1_265' title='bbox 554 2379 614 2408; x_wconf 86' lang='lat' dir='ltr'>vn,</span> <span class='ocrx_word' id='word_1_266' title='bbox 641 2368 691 2400; x_wconf 82' lang='lat'>13.</span> <span class='ocrx_word' id='word_1_267' title='bbox 706 2385 748 2392; x_wconf 84' lang='lat'>—-</span> <span class='ocrx_word' id='word_1_268' title='bbox 764 2374 777 2390; x_wconf 81' lang='lat'><em>2</em></span> <span class='ocrx_word' id='word_1_269' title='bbox 798 2370 891 2400; x_wconf 85' lang='lat' dir='ltr'>Rom.</span> <span class='ocrx_word' id='word_1_270' title='bbox 912 2377 979 2406; x_wconf 77' lang='lat' dir='ltr'>xiv,</span> <span class='ocrx_word' id='word_1_271' title='bbox 1004 2374 1054 2397; x_wconf 81' lang='lat'>12.</span> <span class='ocrx_word' id='word_1_272' title='bbox 1073 2382 1114 2388; x_wconf 88' lang='lat'>—</span> <span class='ocrx_word' id='word_1_273' title='bbox 1128 2365 1141 2388; x_wconf 82' lang='lat'>3</span> <span class='ocrx_word' id='word_1_274' title='bbox 1164 2367 1260 2404; x_wconf 83' lang='lat' dir='ltr'>Osee,</span> <span class='ocrx_word' id='word_1_275' title='bbox 1279 2377 1308 2406; x_wconf 87' lang='lat'>1,</span> <span class='ocrx_word' id='word_1_276' title='bbox 1333 2373 1364 2398; x_wconf 86' lang='lat'>2.</span> <span class='ocrx_word' id='word_1_277' title='bbox 1382 2382 1424 2388; x_wconf 94' lang='lat'><strong>—</strong></span> <span class='ocrx_word' id='word_1_278' title='bbox 1439 2366 1455 2393; x_wconf 68' lang='lat'><strong><em>4</em></strong></span> <span class='ocrx_word' id='word_1_279' title='bbox 1473 2368 1554 2399; x_wconf 89' lang='lat' dir='ltr'>Gen.</span> <span class='ocrx_word' id='word_1_280' title='bbox 1581 2376 1669 2407; x_wconf 82' lang='lat' dir='ltr'>xxiv,</span> <span class='ocrx_word' id='word_1_281' title='bbox 1689 2374 1725 2408; x_wconf 82' lang='lat'>2,</span> 
     </span>
     <span class='ocr_line' id='line_1_32' title="bbox 331 2420 1723 2468; baseline -0.001 -11"><span class='ocrx_word' id='word_1_282' title='bbox 331 2429 568 2468; x_wconf 67' lang='lat' dir='ltr'>etxnv11,-29.</span> <span class='ocrx_word' id='word_1_283' title='bbox 589 2442 630 2448; x_wconf 91' lang='grc'>--</span> <span class='ocrx_word' id='word_1_284' title='bbox 645 2423 659 2447; x_wconf 86' lang='lat'><strong>⁵</strong></span> <span class='ocrx_word' id='word_1_285' title='bbox 677 2426 749 2458; x_wconf 79' lang='lat' dir='ltr'>Act.</span> <span class='ocrx_word' id='word_1_286' title='bbox 768 2435 806 2465; x_wconf 88' lang='lat' dir='ltr'>x,</span> <span class='ocrx_word' id='word_1_287' title='bbox 832 2423 882 2463; x_wconf 72' lang='lat'>¹4·</span> <span class='ocrx_word' id='word_1_288' title='bbox 904 2440 946 2446; x_wconf 92' lang='lat'>—-</span> <span class='ocrx_word' id='word_1_289' title='bbox 963 2420 979 2445; x_wconf 77' lang='lat'><strong><em>⁶</em></strong></span> <span class='ocrx_word' id='word_1_290' title='bbox 998 2424 1078 2456; x_wconf 89' lang='lat' dir='ltr'>Gen.</span> <span class='ocrx_word' id='word_1_291' title='bbox 1108 2434 1132 2464; x_wconf 90' lang='lat'>1,</span> <span class='ocrx_word' id='word_1_292' title='bbox 1153 2422 1206 2456; x_wconf 82' lang='lat'>28.</span> <span class='ocrx_word' id='word_1_293' title='bbox 1223 2440 1263 2446; x_wconf 89' lang='lat'>—-</span> <span class='ocrx_word' id='word_1_294' title='bbox 1277 2429 1290 2456; x_wconf 95' lang='lat'><strong>7</strong></span> <span class='ocrx_word' id='word_1_295' title='bbox 1310 2425 1388 2455; x_wconf 88' lang='lat' dir='ltr'>Dan.</span> <span class='ocrx_word' id='word_1_296' title='bbox 1409 2434 1455 2462; x_wconf 81' lang='lat' dir='ltr'>vr,</span> <span class='ocrx_word' id='word_1_297' title='bbox 1485 2425 1535 2456; x_wconf 83' lang='lat'>16.</span> <span class='ocrx_word' id='word_1_298' title='bbox 1550 2439 1592 2445; x_wconf 81' lang='lat'>—</span> <span class='ocrx_word' id='word_1_299' title='bbox 1609 2420 1625 2444; x_wconf 75' lang='lat'>⁸</span> <span class='ocrx_word' id='word_1_300' title='bbox 1643 2425 1723 2456; x_wconf 88' lang='lat' dir='ltr'>Gen.</span> 
     </span>
     <span class='ocr_line' id='line_1_33' title="bbox 332 2477 1725 2523; baseline -0.001 -10"><span class='ocrx_word' id='word_1_301' title='bbox 332 2492 389 2519; x_wconf 81' lang='lat' dir='ltr'>xu,</span> <span class='ocrx_word' id='word_1_302' title='bbox 410 2481 447 2513; x_wconf 81' lang='lat'>13</span> <span class='ocrx_word' id='word_1_303' title='bbox 463 2485 498 2513; x_wconf 85' lang='lat' dir='ltr'>et</span> <span class='ocrx_word' id='word_1_304' title='bbox 514 2491 570 2523; x_wconf 81' lang='lat' dir='ltr'>xx,</span> <span class='ocrx_word' id='word_1_305' title='bbox 589 2481 622 2513; x_wconf 89' lang='lat'>5.</span> <span class='ocrx_word' id='word_1_306' title='bbox 638 2497 679 2504; x_wconf 92' lang='lat'>-</span> <span class='ocrx_word' id='word_1_307' title='bbox 696 2487 712 2513; x_wconf 89' lang='lat'><strong>9</strong></span> <span class='ocrx_word' id='word_1_308' title='bbox 726 2481 810 2523; x_wconf 87' lang='lat' dir='ltr'>Virg.</span> <span class='ocrx_word' id='word_1_309' title='bbox 832 2478 957 2512; x_wconf 82' lang='lat' dir='ltr'>AEneid.</span> <span class='ocrx_word' id='word_1_310' title='bbox 979 2477 1036 2511; x_wconf 88' lang='lat' dir='ltr'>lib.</span> <span class='ocrx_word' id='word_1_311' title='bbox 1059 2489 1092 2511; x_wconf 83' lang='lat' dir='ltr'>v.</span> <span class='ocrx_word' id='word_1_312' title='bbox 1109 2495 1150 2502; x_wconf 92' lang='lat'><em>-</em></span> <span class='ocrx_word' id='word_1_313' title='bbox 1170 2479 1202 2502; x_wconf 90' lang='lat'>¹⁰</span> <span class='ocrx_word' id='word_1_314' title='bbox 1220 2480 1301 2512; x_wconf 87' lang='lat' dir='ltr'>Gen.</span> <span class='ocrx_word' id='word_1_315' title='bbox 1322 2489 1424 2518; x_wconf 77' lang='lat' dir='ltr'>xxxii,</span> <span class='ocrx_word' id='word_1_316' title='bbox 1438 2477 1494 2521; x_wconf 75' lang='lat'>24·</span> <span class='ocrx_word' id='word_1_317' title='bbox 1507 2495 1547 2501; x_wconf 96' lang='lat'><strong>—</strong></span> <span class='ocrx_word' id='word_1_318' title='bbox 1565 2477 1594 2502; x_wconf 68' lang='grc' dir='ltr'>Η</span> <span class='ocrx_word' id='word_1_319' title='bbox 1612 2479 1725 2521; x_wconf 83' lang='lat' dir='ltr'>Josue,</span> 
     </span>
     <span class='ocr_line' id='line_1_34' title="bbox 333 2535 766 2578; baseline -0.002 -9"><span class='ocrx_word' id='word_1_320' title='bbox 333 2547 366 2578; x_wconf 81' lang='lat' dir='ltr'>x,</span> <span class='ocrx_word' id='word_1_321' title='bbox 389 2535 421 2570; x_wconf 87' lang='grc'>5.</span> <span class='ocrx_word' id='word_1_322' title='bbox 438 2547 480 2560; x_wconf 83' lang='grc'>-·-</span> <span class='ocrx_word' id='word_1_323' title='bbox 501 2541 532 2561; x_wconf 80' lang='lat'>¹²</span> <span class='ocrx_word' id='word_1_324' title='bbox 554 2538 634 2570; x_wconf 86' lang='lat' dir='ltr'>Gen.</span> <span class='ocrx_word' id='word_1_325' title='bbox 656 2545 713 2578; x_wconf 83' lang='lat' dir='ltr'>vn,</span> <span class='ocrx_word' id='word_1_326' title='bbox 736 2545 766 2578; x_wconf 83' lang='lat'>7.</span> 
     </span>
    </p>
   </div>
  </div>
 </body>
</html>
