1803 3250
434 192 597 224 CONTRA
628 192 845 233 FAUSTUM‚
880 194 964 223 Lm.
999 195 1159 224 xxxm.
1415 188 1495 228 195

119 278 140 304 »
161 261 473 320 comprimunt,
491 271 534 306 et
547 261 654 306 dicis
671 281 680 307 ε
699 261 800 315 Quis
814 276 883 305 me
900 262 1094 321 tetigiti’»
1118 260 1498 316 Quemadmodum

111 347 212 391 ergo
235 332 298 377 illi
322 334 592 393 premebant,
617 332 691 378 sed
712 332 786 377 illa
812 333 977 392 tetigit,
1002 335 1061 379 sic
1079 335 1140 379 illi
1164 335 1279 379 missi
1300 345 1422 381 erant
1444 336 1501 382 ad

110 405 353 460 Christum,
378 404 453 450 sed
485 404 692 450 Centurio
726 404 858 461 magis
892 406 1082 449 accessit.
1108 409 1173 450 Ita
1200 407 1432 452 Matthaeus
1453 417 1498 453 et

109 491 275 521 morem
297 492 386 522 non
412 492 550 537 usque
571 475 680 520 adeo
707 475 922 520 inusitatae
953 475 1185 521 locutionis
1216 481 1426 534 servavit,
1454 488 1498 525 et

109 549 290 606 mystice
325 548 488 608 aliquid
520 547 737 592 intimavit
772 566 781 592 :
815 550 952 592 Lucas
986 557 1133 592 autem
1165 558 1208 593 et
1242 550 1324 593 hoc
1355 551 1498 609 ipsum

108 618 470 678 quimadmodum
494 628 662 678 gestum
690 627 799 663 esset
830 619 1046 673 ostendit,
1080 629 1129 664 ut
1152 620 1251 664 hinc
1273 620 1498 666 advertere

109 705 384 748 cogeremur,
409 689 518 734 illud
541 690 773 736 Matthaeus
793 689 1165 749 quemadmodum
1189 689 1361 735 dixerit.
1390 692 1497 736 Vel-

107 761 195 805 lem
229 777 331 806 sane
368 771 418 806 ut
453 762 607 822 aliquis
641 762 822 806 istorum
866 777 1093 816 vanorum,
1134 762 1210 821 qui
1248 763 1500 821 hujusmodi

108 831 446 892 quaestiunculas
467 834 589 892 quasi
621 849 797 893 magnas
820 833 1088 878 calumniose
1117 834 1330 893 objiciunt
1352 837 1498 878 Evan—

109 902 243 962 gelio,
268 913 462 949 narraret
479 903 644 964 aliquid
667 905 782 949 idem
801 906 891 965 ipse
914 905 979 949 bis
997 920 1179 950 numero
1195 940 1206 960 ,
1230 921 1317 950 non
1341 904 1500 950 falsum

106 989 186 1018 nec
217 973 450 1031 fallaciter,
487 975 562 1019 sed
584 976 763 1020 omnino
794 977 836 1019 id
861 975 1010 1020 volens
1033 975 1234 1020 intimare
1257 991 1495 1036 exponere,

107 1053 151 1088 et
171 1044 285 1102 stylo
303 1047 605 1105 exciperentur
619 1047 750 1091 verba
765 1047 854 1106 ejus
872 1046 1000 1106 eique
1018 1047 1325 1104 recitarentur3
1347 1056 1497 1091 utrum

107 1130 197 1160 non
218 1115 385 1176 aliquid
409 1116 505 1175 plus
527 1118 724 1161 minusve
741 1117 919 1171 diecret,
945 1126 1020 1160 aut
1038 1127 1300 1176 praepostero
1324 1118 1498 1173 ordine,

106 1203 197 1232 non
213 1188 447 1234 verborum
472 1196 644 1232 tantum
662 1223 672 1243 ‚
697 1187 771 1232 sed
796 1189 924 1232 etiam
947 1203 1121 1245 rerum,
1145 1199 1221 1233 aut
1244 1199 1391 1234 utrum
1410 1204 1500 1234 non

107 1258 273 1318 aliquid
301 1275 351 1304 ex
380 1275 457 1304 sua
479 1259 690 1303 sententia
722 1258 908 1311 diceret,
944 1267 1153 1319 tanquam
1179 1259 1286 1304 alius
1315 1260 1499 1316 dixerit,

104 1330 223 1389 quod
247 1345 348 1374 eum
367 1329 521 1374 dixisse
543 1345 632 1373 non
650 1328 859 1383 audierit,
885 1327 960 1372 sed
976 1328 1159 1374 voluisse
1174 1340 1306 1389 atque
1320 1331 1498 1375 sensisse

104 1399 233 1459 plane
254 1401 532 1460 cognoverit,
558 1410 635 1445 aut
656 1410 804 1444 utrum
829 1416 917 1444 non
950 1401 1132 1460 alicujus
1156 1401 1347 1446 breviter
1375 1418 1499 1447 com-

104 1472 368 1531 plecteretur
390 1472 615 1516 sententiae
636 1472 880 1526 veritatem,
907 1473 1032 1532 cujus
1056 1473 1115 1515 rei
1135 1482 1260 1517 antea
1279 1474 1401 1534 quasi
1424 1490 1500 1518 ex-

105 1543 290 1601 pressius
323 1543 525 1587 articulos
553 1542 805 1601 explicasset
836 1561 844 1585 :
872 1552 915 1586 et
944 1542 975 1585 si
1000 1542 1108 1602 quid
1136 1552 1200 1587 est
1231 1543 1351 1587 aliud
1379 1544 1500 1604 quod

104 1611 283 1658 fortasse
304 1614 437 1673 possit
458 1614 583 1657 certis
612 1613 769 1671 regulis
798 1614 1138 1671 comprehendi,
1170 1615 1395 1674 quomodo
1424 1617 1500 1660 fiat

103 1694 153 1729 ut
177 1685 246 1729 vel
272 1685 318 1728 in
343 1685 533 1729 duorum
556 1685 735 1742 singulis
762 1684 961 1744 ejusdem
986 1685 1045 1728 rei
1065 1687 1408 1742 narrationibus,
1429 1687 1500 1732 vel

103 1755 148 1798 in
170 1754 342 1800 duabus
365 1756 495 1799 unius
517 1772 568 1798 ex
586 1771 673 1799 una
691 1754 932 1814 eademque
949 1770 1009 1808 re,
1033 1754 1168 1799 multa
1188 1757 1355 1801 diversa
1379 1757 1501 1802 inve-

103 1826 281 1871 niantur
298 1861 308 1881 ,
334 1827 454 1870 nulla
479 1836 625 1870 tamen
652 1827 827 1871 adversa
847 1847 857 1884 3
878 1836 920 1870 et
944 1826 1078 1871 multa
1098 1829 1232 1881 varia,
1262 1829 1380 1873 nulla
1397 1845 1499 1874 con-

103 1897 248 1941 traria.
275 1897 342 1942 Sic
359 1897 589 1941 solvuntur
607 1897 753 1940 omnia
771 1896 826 1940 de
852 1896 1014 1956 quibus
1041 1898 1123 1940 sibi
1147 1899 1215 1942 isti
1239 1899 1382 1943 miseri
1404 1900 1498 1944 col-

104 1968 198 2012 lum
235 1968 373 2028 ligant
388 2003 399 2022 ,
433 1977 483 2012 ut
519 1967 719 2027 spiritum
756 1967 822 2010 sui
866 1968 1021 2012 erroris
1059 1969 1177 2013 intus
1220 1978 1427 2026 teneant,
1457 1979 1500 2014 et

105 2039 276 2084 nullum
304 2039 567 2083 extrinsecus
583 2039 732 2084 salutis
751 2037 1000 2083 admittant.

164 2112 242 2155 IX.
265 2113 543 2169 Quapropter
561 2118 657 2169 post
677 2124 825 2154 omnes
842 2110 989 2153 Fausti
1011 2109 1250 2155 calumnias
1270 2109 1494 2166 refutatas,

105 2181 319 2226 duntaxat
351 2182 511 2226 horum
555 2182 646 2241 ejus
690 2179 985 2240 capitulorum
1021 2181 1182 2240 quibus
1217 2182 1300 2226 hoc
1337 2198 1469 2241 opere
1484 2217 1495 2237 ,

104 2262 320 2313 quantum
343 2253 554 2298 Dominus
575 2252 779 2312 adjuvare
796 2251 999 2310 dignatus
1021 2261 1083 2296 cst
1101 2287 1112 2306 ,
1137 2253 1421 2308 sufficienter,
1448 2263 1498 2297 ut

106 2325 308 2377 arbitror,
334 2324 590 2384 prolixeque
612 2323 838 2383 respondi,
865 2323 1054 2367 breviter
1076 2339 1150 2367 vos
1168 2323 1398 2378 admoneo,
1421 2323 1498 2384 qui

106 2392 182 2437 illo
198 2403 285 2437 tarn
302 2391 494 2436 nefando
510 2403 552 2436 et
565 2394 797 2438 execrabili
819 2409 963 2438 errore
984 2395 1206 2449 tenemini,
1223 2403 1271 2438 ut
1287 2394 1321 2438 si
1344 2404 1497 2438 aucto-

106 2463 280 2509 ritatem
303 2463 623 2523 Scripturarum
646 2462 850 2507 omnibus
869 2461 1185 2521 praeferendam
1209 2465 1332 2524 sequi
1347 2465 1493 2519 vultis,

109 2549 209 2581 eam
225 2533 464 2595 sequamini
488 2548 586 2594 quae
610 2533 663 2578 ab
685 2533 818 2592 ipsius
840 2533 1080 2592 praesentiae
1102 2533 1262 2578 Christi
1289 2536 1496 2593 tempori-

1306 2610 1372 2648 13.
