1803 3250
310 228 395 266 326
744 234 778 263 s.
814 234 1045 265 AUGUSTINI
1078 237 1260 265 EPISCOPI

307 317 442 363 passae
464 309 591 355 sunt,
623 308 666 344 et
693 300 880 346 inimicae
913 302 1087 346 luminis
1121 312 1226 346 tunc
1254 302 1516 346 extiterunt:
1541 320 1562 344 ι)
1593 319 1694 348 eum

307 376 442 434 ipsam
467 379 656 415 mentem
680 373 818 430 gentis
843 374 1138 427 tenebrarum,
1161 372 1360 417 tenendae
1383 373 1500 432 apud
1521 389 1565 417 so
1589 373 1695 418 lucis

307 458 454 489 amore
480 442 736 500 flagrantem
766 444 1018 488 animalium
1051 460 1232 503 corpora
1262 460 1408 489 creare
1439 444 1693 501 contendat,

306 515 374 560 Ab
399 515 462 557 his
485 529 588 571 ergo
610 514 849 557 vanissimis
876 515 1180 575 sacrilegisque
1203 515 1420 573 figmentis
1452 524 1495 559 te
1516 531 1620 560 cura
1648 525 1698 560 ut

305 585 486 643 eripias,
519 584 754 629 mutandus
786 585 832 629 in
865 585 1019 630 melius
1051 586 1165 630 illius
1193 585 1424 646 adjutorio,
1449 586 1526 646 qui
1549 585 1698 630 necin

304 656 458 701 melius
479 670 558 699 nec
580 656 622 699 in
644 656 835 700 deterius
861 665 1173 700 commutatur.

364 728 504 772 XXV.
544 745 561 765 «
583 727 826 780 Evasimus,
843 727 1004 785 inquis,
1024 729 1125 785 quia
1145 725 1383 785 spiritalem
1399 727 1534 771 secuti
1549 742 1699 772 sumus

307 797 588 844 Salvatorem.
610 799 717 840 Nam
734 796 850 840 illius
872 806 1044 840 tantum
1058 798 1201 856 erupit
1215 797 1412 853 audacia,
1430 807 1479 842 ut
1501 798 1535 842 si
1555 807 1701 843 noster

304 869 515 915 Dominus
539 867 722 911 carnalis
743 867 882 922 soret,
909 868 1049 912 omnis
1072 877 1218 912 nostra
1243 868 1393 912 fuisset
1421 884 1517 928 spes
1543 884 1701 929 ampu-

304 951 408 986 tata.
430 958 450 980 »
478 940 521 984 Si
545 940 627 983 hoc
650 948 879 998 propterea
901 940 1007 984 dicis
1024 974 1035 993 ,
1061 941 1163 1000 quia
1185 941 1406 985 Christum
1428 956 1603 985 carnem
1621 942 1702 985 ha-

306 1012 448 1057 buisse
464 1027 553 1056 non
565 1012 736 1056 creditis
750 1032 761 1068 ς
778 1012 822 1055 in
835 1012 1079 1056 Manichaeo
1095 1027 1214 1071 spem
1235 1027 1396 1071 ponere
1411 1029 1501 1057 non
1516 1013 1700 1070 debetis,

303 1099 435 1144 quem
471 1082 526 1127 de
558 1083 751 1128 masculo
779 1092 823 1127 et
850 1082 1032 1127 soemina
1063 1092 1339 1142 procreatum
1356 1118 1368 1137 ,
1393 1084 1505 1128 sicut
1526 1093 1705 1129 caeteros

305 1154 503 1200 homines
524 1169 699 1198 carnem
724 1154 927 1198 habuisse
947 1154 1197 1199 conceditis.
1219 1156 1309 1199 Cur
1326 1168 1428 1212 ergo
1445 1154 1491 1198 in
1512 1155 1588 1199 illo
1606 1164 1705 1199 tan-

304 1236 394 1271 tam
417 1241 537 1285 spem
561 1227 749 1285 ponitis?
768 1228 877 1271 Nam
898 1226 943 1269 in
965 1227 1047 1270 hac
1066 1227 1158 1285 ipsa
1181 1225 1361 1285 epistola
1388 1235 1484 1281 tua,
1511 1242 1613 1270 cum
1634 1242 1704 1271 mc

306 1307 505 1352 terreres,
531 1297 622 1356 ipse
646 1297 790 1341 dixisti
810 1316 818 1341 :
848 1316 868 1339 «
888 1297 993 1350 Quis
1014 1297 1148 1356 igitur
1170 1297 1248 1341 tibi
1270 1306 1478 1356 patronus
1501 1298 1583 1341 erit
1605 1306 1705 1341 ante

300 1372 470 1430 justum
502 1366 697 1413 tribunal
719 1368 877 1428 judicis
894 1404 904 1423 ,
935 1384 1036 1412 cum
1059 1378 1102 1413 et
1123 1368 1179 1412 de
1209 1384 1408 1412 sermone
1431 1378 1474 1413 et
1497 1367 1551 1412 de
1574 1385 1706 1429 opere

307 1439 492 1499 coeperis
511 1448 553 1483 te
571 1448 680 1483 teste
694 1439 928 1483 convinci?
952 1442 1079 1482 Persa
1092 1454 1224 1499 quern
1243 1438 1470 1495 incusasti,
1491 1455 1581 1484 non
1601 1439 1707 1484 ade-

307 1512 378 1556 rit.
406 1514 500 1555 Hoc
521 1519 725 1569 excepto,
752 1511 850 1570 quis
878 1519 920 1554 te
942 1510 1121 1555 flentem
1140 1510 1472 1555 consolabitur?
1494 1511 1591 1571 quis
1614 1515 1705 1556 Pu-

307 1583 456 1628 nicum
479 1581 693 1626 salvabit?
711 1599 735 1637 »-
756 1580 1087 1626 Consolatorem
1106 1581 1240 1640 igitur
1256 1591 1299 1627 et
1318 1581 1591 1627 salvatorem.
1618 1585 1706 1628 Ma-

307 1655 480 1700 nichaeo
501 1662 699 1713 excepto,
717 1653 890 1698 nullum
909 1668 1000 1698 esse
1012 1669 1136 1714 posse
1151 1653 1310 1699 dixisti.
1331 1656 1565 1708 Quomodo
1583 1670 1704 1714 ergo,

308 1741 410 1771 cum
445 1725 501 1770 de
533 1725 696 1771 Christi
718 1725 992 1785 passionibus
1027 1741 1190 1784 ageres,
1218 1726 1401 1771 evasisse
1425 1741 1502 1771 vos
1533 1727 1705 1784 dixisti,

309 1797 431 1858 quod
452 1796 691 1857 spiritalem
711 1797 849 1842 secuti
880 1798 979 1842 estis
1004 1797 1271 1843 Salvatorem
1287 1833 1299 1853 ,
1335 1813 1391 1842 ne
1417 1797 1580 1842 scilicet
1605 1813 1706 1842 eum

309 1877 455 1929 posset
474 1870 520 1912 in
540 1883 670 1913 carne
693 1869 983 1914 constitutum
1004 1870 1204 1913 inimicus
1224 1868 1452 1914 occidere?
1474 1871 1589 1927 Ergo
1615 1872 1710 1914 Ma·-

311 1941 533 1985 nichaeum
549 1949 741 1985 vestrum
764 1941 797 1984 si
820 1940 981 1985 occidit
1002 1940 1226 1996 inimicus,
1258 1942 1304 1985 in
1332 1955 1421 2001 quo
1442 1956 1618 1985 carnem
1641 1941 1711 1985 in-

312 2013 449 2065 venit,
469 2021 520 2056 ut
532 2013 622 2072 jam
637 2020 777 2056 vester
791 2026 880 2056 esse
898 2011 1084 2057 salvator
1101 2021 1259 2071 posset,
1279 2021 1322 2056 et
1339 2011 1564 2072 quomodo
1577 2010 1707 2057 dicis:

316 2102 337 2125 «
362 2085 456 2127 Hoc
480 2092 678 2142 excepto,
702 2083 799 2144 quis
825 2092 868 2127 te
892 2083 1071 2127 flentem
1095 2082 1428 2128 consolabitur?
1449 2084 1546 2144 quis
1572 2083 1709 2127 Puni·-

312 2169 413 2199 cum
445 2153 663 2198 salvabit?
684 2173 702 2195 »
735 2154 867 2198 Vides
883 2153 991 2214 quid
1008 2157 1021 2181 ¹
1045 2154 1099 2198 sit
1121 2155 1166 2198 in
1187 2155 1340 2198 haeresi
1362 2163 1406 2199 et
1429 2154 1475 2198 in
1499 2153 1710 2199 doctrinis

313 2225 654 2280 daemoniorum,
683 2226 727 2269 in
762 2225 981 2284 hypocrisi
1012 2224 1466 2285 mendaciloquorum.
1501 2227 1710 2270 veracem

313 2298 606 2343 Manichaeum
632 2297 686 2342 de
708 2297 883 2343 Christo
903 2298 967 2342 vis
995 2312 1085 2341 esse
1112 2295 1284 2355 fallaci,
1315 2305 1364 2340 ut
1386 2296 1421 2340 si
1445 2296 1644 2341 Christus
1664 2297 1711 2342 in

313 2368 583 2415 ostendenda
598 2384 743 2424 carne,
759 2371 940 2423 morte²‚
952 2368 1284 2422 resurrectione,
1297 2366 1401 2412 locis
1415 2366 1606 2427 denique
1617 2367 1710 2412 vul·

315 2456 470 2485 nerum
492 2449 624 2500 atque
645 2438 892 2494 clavorum,
923 2454 1022 2499 quae
1051 2438 1359 2482 dubitantibus
1381 2437 1602 2498 discipulis
1632 2438 1711 2482 de-

317 2512 617 2566 monstravit3,
642 2519 787 2555 totum
816 2509 1026 2555 fallaciter
1053 2525 1102 2554 ac
1130 2508 1398 2554 mendaciter
1420 2509 1546 2569 gessit
1562 2544 1575 2566 ,
1601 2517 1709 2555 tunc

368 2604 377 2619 ¹
398 2600 504 2632 For-ze
523 2598 607 2641 quod
624 2599 678 2631 sis.
693 2615 734 2621 —
752 2603 766 2620 ²
780 2597 859 2629 Tim.
881 2606 924 2637 iv,
944 2605 978 2629 2.
995 2611 1036 2621 υ-
1050 2593 1063 2619 3
1081 2597 1174 2627 Joan.
1195 2606 1250 2635 xx,
1271 2594 1333 2636 ηοξ
