1803 3250
444 204 606 235 coN'raA
642 203 858 241 lfAthztUM,
895 205 978 232 Liss.
1017 207 1124 233 xxii.
1429 195 1475 230 61

92 271 232 315 clesiae
254 271 554 316 committatur
578 270 632 314 ad
653 268 993 329 dispensandum
1018 270 1079 314 illi
1107 268 1207 314 fidei
1236 284 1485 314 sacramen-

95 350 203 397 tum,
239 342 408 386 accensi
442 340 585 386 studio
619 339 830 385 doctrinae
863 349 995 400 atque
1024 339 1286 399 indaganda}
1310 349 1354 385 et
1377 355 1486 385 con-

90 411 354 473 templandae
381 412 625 472 sapientiae,
659 427 702 456 se
728 411 782 455 ab
805 411 1008 456 omnibus
1036 413 1257 456 actionum
1279 411 1487 458 molestiis

91 498 328 539 removere,
365 492 497 542 atque
519 483 565 526 in
583 482 672 527 otio
695 480 893 527 discendi
916 498 966 526 ac
987 481 1174 526 docendi
1203 484 1390 528 condere
1411 499 1489 528 vo-

90 553 203 598 lunt.
229 557 293 598 Ita
317 569 420 612 ergo
442 552 611 597 dictum
633 561 720 598 est:
743 573 763 596 «
782 556 942 598 Parum
967 562 1031 598 est
1047 553 1127 597 tibi
1149 553 1270 614 quod
1289 554 1490 614 accepisti

93 643 113 666 »
148 624 290 668 virum
314 639 458 668 meum
473 658 484 679 ,
509 624 687 683 insuper
705 633 749 668 et
771 624 1103 683 mandragorica
1125 622 1202 668 filii
1226 625 1308 668 mei
1333 625 1395 669 vis
1418 641 1491 669 ac·-

93 714 113 736 »
148 697 344 755 cipere1?
361 713 381 737 »
403 711 452 740 ac
477 695 511 739 si
528 695 773 741 diceretur:
802 700 961 740 Parum
984 705 1047 741 est
1069 695 1190 756 quod
1212 696 1411 740 homines
1434 695 1490 740 ad

89 766 282 810 laborem
298 781 442 810 rerum
460 767 749 824 gerendarum
769 768 1031 811 necessarios
1048 768 1092 810 in
1112 767 1201 812 otio
1219 767 1387 811 detinet
1402 767 1491 812 vita

88 836 350 892 studiorum,
371 837 550 897 insuper
567 847 610 882 et
628 837 888 897 popularem
908 838 1089 898 gloriam
1109 838 1317 899 requirit?

150 910 308 952 LVIII.
346 907 535 952 Proinde
560 917 611 952 ut
632 924 726 952 eam
755 911 873 969 juste
907 918 1151 969 comparet,
1181 909 1374 968 impertit
1402 912 1490 953 Ra<

88 979 188 1024 chel
225 979 367 1024 virum
403 980 540 1024 sorori
563 996 652 1024 suae
684 980 760 1024 illa
784 990 913 1025 nocte
939 1000 950 1025 ⁰.
976 990 1025 1025 ut
1046 979 1209 1025 scilicet
1231 981 1306 1040 qui
1329 980 1493 1026 virtute

90 1050 302 1094 laboriosa
326 1050 526 1108 regimini
550 1050 819 1110 populorum
843 1052 1160 1096 accommodati
1182 1061 1299 1107 sunt,
1325 1051 1492 1095 etiamsi

88 1121 279 1166 scientiae
301 1135 453 1164 vacare
470 1118 741 1179 delegerant,
761 1122 998 1180 suscipiant
1014 1122 1324 1181 experientiam
1348 1131 1492 1166 tenta-

90 1193 259 1236 tionum
276 1206 571 1251 curarumque
594 1191 809 1235 sarcinam
832 1207 913 1250 pro
942 1191 1132 1236 utilitate
1156 1193 1380 1237 communi
1408 1212 1415 1237 :
1437 1208 1492 1237 ne

90 1264 182 1323 ipsa
202 1262 400 1308 doctrina
430 1261 674 1321 sapientiae,
704 1263 777 1306 cui
801 1278 956 1307 vacare
988 1271 1258 1320 statuerunt,
1286 1263 1494 1324 blasphem

88 1345 247 1391 metm,
272 1349 416 1395 neque
434 1333 700 1393 adipiscatur
723 1334 779 1378 ab
797 1333 1142 1394 imperitioribus
1161 1335 1333 1395 populis
1351 1336 1493 1380 existi-

89 1407 327 1452 mationem
358 1405 543 1461 bonam,
579 1403 702 1465 quod
733 1404 811 1448 illa
832 1420 962 1465 poma
986 1405 1255 1464 significant,
1293 1416 1336 1451 et.
1370 1407 1492 1468 quod

90 1477 377 1522 necessarium
403 1485 466 1521 est
493 1476 547 1521 ad
571 1476 920 1521 exhortationem
949 1476 1226 1522 discentium.
1256 1477 1341 1523 Sed
1363 1478 1493 1538 plane

90 1558 140 1594 ut
161 1550 273 1593 hanc
291 1563 442 1593 curam
460 1547 714 1607 suscipiant,
732 1547 777 1591 vi
799 1557 1035 1607 coguntur.
1054 1550 1163 1594 Satis
1185 1559 1227 1594 et
1249 1550 1333 1594 11οο
1356 1550 1492 1609 signi-

90 1622 266 1666 ficatum
290 1629 368 1676 est,
395 1617 516 1679 quod
542 1634 643 1663 cum
666 1619 838 1664 veniret
860 1619 915 1664 de
938 1636 1042 1679 agro
1064 1622 1215 1677 Jacob,
1242 1622 1432 1668 occurrit
1454 1622 1494 1666 ei

92 1693 183 1747 Lia,
201 1706 391 1752 eumque
406 1691 606 1734 detinens
620 1690 704 1735 ait:
728 1710 748 1732 «
768 1690 836 1734 Ad
854 1705 924 1735 me
945 1692 1145 1748 intrabis,
1166 1693 1356 1739 conduxi
1375 1694 1493 1739 enim

96 1782 116 1805 »
154 1773 194 1808 te
215 1778 296 1822 pro
312 1762 610 1821 mandragoris
628 1760 707 1805 filii
730 1761 857 1805 mei2.
884 1782 902 1803 »
926 1765 1153 1824 Tanquam
1172 1763 1360 1809 diceret:
1382 1767 1494 1810 Doc‹

92 1835 218 1879 trinae
253 1850 384 1896 quam
418 1833 561 1893 diligis
595 1834 660 1878 vis
696 1832 884 1878 conferri
908 1834 1071 1880 bonam
1093 1836 1372 1895 opinionem?
1393 1836 1493 1882 Noli

94 1905 303 1966 defugere
326 1905 571 1950 officiosum
592 1904 804 1949 laborem.
834 1907 938 1949 Haec
961 1905 1006 1950 in
1027 1906 1220 1952 Ecclesia
1244 1908 1348 1967 geri,
1375 1908 1495 1968 quis-

94 1977 191 2037 quis
214 1976 469 2030 adverterit,
501 1975 654 2020 cernit.
682 1976 942 2036 Experimur
964 1977 1008 2021 in
1032 1979 1253 2038 exemplis,
1280 1978 1401 2039 quod
1423 1979 1493 2023 iu-

96 2048 341 2108 telligamus
368 2049 414 2092 in
445 2047 581 2092 libris.
607 2047 714 2100 Quis
749 2063 838 2092 non
871 2047 1017 2093 videat
1044 2050 1128 2094 hoc
1157 2051 1247 2109 geri
1270 2059 1363 2095 toto
1387 2050 1494 2095 orbe

96 2130 326 2175 terrarum,
361 2119 507 2164 venire
539 2118 735 2163 homines
773 2134 823 2164 ex
854 2120 1061 2179 operibus
1095 2122 1243 2166 saeculi
1281 2132 1324 2167 et
1356 2123 1416 2166 ire
1449 2122 1497 2166 in

96 2192 236 2236 otium
266 2190 581 2250 cognoscendae
604 2200 647 2235 et
670 2191 1022 2252 contemplandae
1043 2194 1253 2250 veritatis,
1285 2203 1495 2254 tanquam

97 2264 142 2307 in
160 2262 408 2323 amplexum
428 2262 615 2321 Rachel,
639 2272 682 2308 et
703 2264 844 2323 excipi
868 2264 922 2307 de
945 2273 1189 2310 transverso
1208 2266 1496 2311 ecclesiastica

97 2336 374 2389 necessitate,
410 2344 540 2395 atque
561 2335 752 2379 ordinari
773 2335 818 2379 in
840 2334 1061 2390 laborem,
1091 2346 1300 2398 tanquam
1325 2338 1401 2382 Lia
1424 2337 1496 2382 di-

98 2416 249 2451 cente:
281 2425 300 2447 «
327 2404 396 2450 Ad
428 2421 496 2449 nie
529 2406 734 2451 intrabis?
760 2425 779 2449 »
806 2407 977 2459 Quibus
999 2417 1114 2452 caste
1135 2410 1392 2468 mysterium
1420 2410 1499 2454 Dei

100 2477 473 2538 dispensantibus,
510 2486 560 2521 ut
588 2477 635 2522 in
662 2486 792 2523 nocte
820 2478 953 2538 hujus
981 2479 1129 2525 saeculi
1151 2480 1263 2528 filios
1287 2489 1497 2541 generent

150 2570 160 2586 1
184 2565 264 2597 Gen.
283 2573 358 2603 xxx,
382 2562 431 2595 15.
447 2579 488 2586 -2
502 2569 514 2586 ²
532 2562 579 2595 Id·
604 2562 653 2596 16.
