1803 3250
405 199 572 228 CONTRA
607 199 824 235 FAusTnM,
861 199 942 224 Lus.
978 198 1087 224 xxii.
1387 186 1435 221 ol

53 268 127 311 siae
144 300 155 320 ‚
191 279 323 326 quam
360 265 570 324 virginem
599 273 759 309 castam
788 262 992 321 cupiebat
1013 263 1090 306 uni
1115 261 1207 305 viro
1240 259 1442 304 exhibere

51 337 225 383 Christo
239 371 251 392 ‚
277 352 331 381 ne
361 337 471 381 sicut
493 339 630 380 Evam
650 334 881 394 deceperat
902 334 1059 377 astutia
1081 348 1156 376 sua
1170 334 1184 358 ¹
1202 367 1212 386 ,
1239 331 1298 375 sic
1323 340 1366 375 et
1388 330 1442 374 il—

51 407 193 454 lorum
226 417 392 452 mentes
415 424 438 452 a
461 406 622 452 Christi
644 406 839 450 castitate
862 404 1100 449 avertendo
1122 412 1438 461 corrumperet.

54 480 119 522 Ita
141 479 257 523 enim
280 479 381 523 huic
402 479 591 538 serpenti
614 478 739 522 amici
762 486 864 521 sunt
881 476 974 530 isti,
1002 484 1048 518 ut
1070 489 1172 517 eum
1197 475 1443 533 praestitisse

53 549 197 608 potius
214 565 347 611 quam
369 550 568 594 nocuisse
589 547 873 594 contendant.
898 549 997 606 Ipse
1016 545 1145 605 plane
1168 548 1329 589 Fausto
1346 560 1445 604 per-

52 622 210 676 suasit,
237 621 403 681 pectori
424 620 670 666 adulterato
691 619 886 665 falsitatis
915 619 1077 663 semina
1103 616 1339 661 infundens
1358 651 1369 671 ,
1396 626 1445 660 ut

53 692 128 737 has
148 692 261 736 male
277 702 509 753 conceptas
530 692 769 738 calumnias
790 706 864 736 ore
883 689 1233 734 immundissimo
1257 697 1444 748 pareret,

54 776 97 808 et
117 763 232 821 stylo
254 764 539 808 audacissimo
561 763 690 808 etiam
717 763 938 807 memoriae
959 759 1301 806 commendaret.
1320 758 1450 804 Nulla

54 833 171 878 enim
199 834 455 878 ancillarum
481 835 624 879 virum
649 835 784 879 Jacob
814 835 869 879 ab
894 833 1029 878 altera
1050 831 1222 891 rapuit,
1249 829 1370 875 nulla
1393 828 1449 873 de

54 903 169 950 illius
181 905 423 950 concubitu
440 921 541 950 cum
557 905 688 950 altera
705 906 903 965 litigavite
928 905 1032 949 Ideo
1053 903 1187 962 magis
1205 902 1313 947 ordo
1331 910 1446 953 erat,

53 976 158 1036 quia
178 975 317 1021 libido
339 992 429 1021 non
452 986 545 1021 erat
563 997 574 1033 3
599 986 643 1021 et
665 986 789 1021 tanto
811 977 978 1021 firmius
998 975 1284 1020 servabantur
1300 973 1450 1032 conju-

56 1045 162 1105 galis
181 1046 406 1105 potestatis
417 1048 539 1106 jura,
565 1057 733 1106 quanto
755 1048 911 1092 castius
933 1047 1153 1090 vitabatur
1170 1043 1352 1089 carnalis
1370 1058 1450 1087 cu-

56 1117 248 1176 piditatis
270 1116 443 1177 injuria.
469 1117 600 1170 Quod
624 1118 740 1161 enim
764 1127 808 1161 et
830 1119 885 1161 ab
915 1132 1048 1161 uxore
1077 1115 1365 1167 conducitur,
1391 1113 1451 1157 ibi

57 1204 158 1233 vera
175 1198 321 1234 nostra
339 1187 642 1234 manifestatur
659 1189 835 1233 assertio
848 1224 859 1243 ,
883 1188 945 1232 ibi
970 1203 1047 1248 pro
1065 1203 1109 1231 se
1128 1187 1332 1231 adversus
1354 1200 1453 1228 ma-

56 1258 215 1305 ledicta
235 1260 580 1305 Manichaeorum
599 1260 689 1319 ipsa
707 1260 861 1304 veritas
878 1262 1053 1304 clamat.
1076 1256 1188 1311 Quid
1206 1257 1323 1300 enim
1339 1271 1448 1314 opus

56 1339 148 1375 erat
181 1339 230 1375 ut
264 1346 364 1374 eum
398 1330 530 1375 altera
566 1331 862 1388 conduceret,
897 1329 980 1373 nisi
1002 1328 1105 1390 quia
1138 1328 1247 1372 ordo
1271 1326 1447 1370 alterius

58 1410 147 1446 erat
179 1410 230 1446 ut
261 1401 316 1446 ad
343 1417 439 1446 eam
471 1402 649 1446 maritus
681 1401 896 1445 intraret?
931 1403 1085 1459 Neque
1107 1398 1222 1443 enim
1250 1398 1304 1442 ad
1328 1397 1450 1441 Liam

59 1487 288 1533 nunquam
309 1472 550 1517 accessisset
571 1507 581 1526 ,
620 1472 700 1515 nisi
730 1487 830 1516 eum
861 1470 1140 1516 conduxisset
1162 1486 1173 1514 .·
1200 1468 1277 1513 sed
1297 1468 1451 1528 utique

54 1542 182 1602 justis
202 1541 259 1586 ad
279 1557 375 1586 eam
394 1543 564 1587 vicibus
585 1543 844 1597 accedebat,
866 1543 921 1587 de
938 1558 1025 1602 qua
1042 1550 1108 1586 tot
1127 1539 1238 1585 filios
1255 1553 1453 1599 procrea-

61 1622 208 1669 verat,
233 1621 277 1658 et
297 1613 369 1658 cui
390 1612 617 1658 obedierat
639 1623 688 1657 ut
709 1614 839 1657 etiam
859 1614 914 1657 de
937 1612 1091 1657 ancilla
1109 1619 1358 1671 procrearet
1373 1645 1383 1663 ,
1410 1618 1454 1653 et

61 1683 116 1729 de
137 1701 224 1745 qua
251 1694 399 1744 postea
425 1701 516 1729 non
544 1685 817 1730 conducente
842 1685 1099 1745 procreavit.
1129 1682 1213 1728 Sed
1237 1693 1342 1727 tunc
1365 1685 1451 1726 Ra-

63 1755 162 1800 chel
175 1764 349 1800 noctem
368 1755 553 1800 habebat
576 1756 620 1799 in
639 1755 792 1800 ordine
807 1764 857 1800 ut
872 1765 1068 1800 maneret
1084 1770 1185 1799 cum
1201 1754 1294 1799 viro
1317 1772 1326 1798 ε
1348 1762 1454 1796 tunc

65 1841 195 1886 penes
216 1841 312 1870 eam
334 1835 523 1885 potestas
551 1825 622 1870 illa
647 1836 739 1871 erat
756 1862 767 1882 ,
802 1826 857 1870 de
879 1841 965 1887 qua
987 1841 1064 1886 per
1090 1824 1350 1886 Apostolum
1372 1838 1454 1867 vox

64 1906 182 1942 certe
201 1897 312 1955 Novi
339 1898 601 1942 Testamenti
624 1913 714 1942 non
736 1897 896 1952 tacuit,
923 1897 1072 1941 dicens
1098 1916 1106 1941 :
1137 1916 1157 1939 «
1185 1895 1388 1941 Similiter
1410 1902 1452 1938 et

7 2027 11 2031 .
68 1987 89 2010 »
114 1969 180 2013 vir
201 1984 291 2014 non
319 1969 453 2013 habet
474 1977 730 2028 potestatem
756 1970 823 2013 sui
844 1971 1037 2029 corporis
1057 2003 1069 2023 ,
1099 1967 1175 2012 sed
1196 1967 1354 2011 mulier
1371 1968 1404 2009 ².
1432 1983 1452 2006 »

67 2040 174 2084 Ideo
190 2041 281 2100 jam
306 2055 409 2085 cum
437 2056 583 2085 sorore
609 2051 736 2100 pacta
757 2050 849 2085 erat
867 2076 878 2095 ,
914 2042 984 2085 cui
1006 2039 1121 2084 facta
1147 2038 1334 2083 debitrix
1361 2051 1455 2082 eam

67 2109 352 2170 translegaret
373 2111 429 2159 ad
450 2110 694 2155 debitorem
711 2127 854 2155 suum.
881 2113 990 2157 Nam
1008 2111 1092 2155 hoc
1115 2110 1291 2154 nomine
1306 2108 1353 2152 id
1376 2123 1455 2168 ap-

68 2181 204 2241 pellat
218 2180 452 2241 Apostolus
473 2200 482 2227 :
507 2201 524 2222 «
543 2182 700 2235 Uxori,
720 2183 863 2243 inquit
879 2217 889 2236 ,
915 2182 979 2225 vir
996 2180 1194 2225 debitum
1211 2179 1405 2224 reddat3.
1431 2198 1451 2220 »

67 2252 151 2298 Cui
181 2266 284 2310 ergo
313 2252 378 2296 vir
407 2251 581 2297 debitor
602 2262 718 2303 erat,
749 2254 839 2313 jam
867 2261 1091 2312 acceperat
1114 2268 1137 2296 a
1159 2266 1305 2296 sorore
1336 2249 1458 2310 quod

67 2321 258 2382 elegerat
272 2321 514 2378 voluntate,
541 2332 589 2368 ut
610 2324 647 2367 ei
669 2324 791 2368 daret
813 2323 934 2384 quod
952 2323 1143 2367 habebat
1162 2323 1208 2366 in
1227 2331 1455 2382 potestate.

128 2397 179 2439 L.
228 2394 307 2439 Hic
349 2409 452 2440 vero
485 2394 559 2439 ille
575 2430 586 2450 ,
622 2411 754 2455 quem
792 2397 978 2440 Faustus
1017 2391 1224 2454 tanquam
1263 2391 1458 2452 impudi-

69 2480 172 2511 cum
206 2465 361 2511 clausis
404 2465 475 2511 vel
514 2466 659 2526 potius
702 2467 900 2512 extinctis
943 2465 1078 2511 oculis
1111 2465 1366 2510 criminatur
1380 2500 1390 2518 ,
1427 2464 1462 2507 si

118 2551 130 2573 ¹
148 2552 255 2585 2Cor.
272 2561 318 2594 xx,
338 2551 368 2584 3.
382 2567 421 2575 —
437 2557 449 2574 ²
467 2551 514 2584 Id.
536 2561 593 2594 vn,
613 2549 645 2593 4.
659 2549 724 2575 —3
739 2552 785 2584 Id.
810 2552 841 2584 3.

1210 2618 1248 2643 4.
