1803 3250
405 275 568 306 comum
599 278 832 307 εΕιιΜοΝΕΜ
864 277 1133 309 ARIANORUM.
1377 268 1460 308 475

84 357 104 382 «
131 341 240 386 Sede
267 342 322 386 ad
344 341 563 387 dexteram
593 356 758 395 meam,
784 343 923 388 donec
954 360 1113 403 ponam
1142 346 1339 390 inimicos
1364 354 1462 390 tuos

82 428 102 451 »
127 410 367 455 scabellum
387 410 550 470 pedum
573 420 751 456 tuorum
778 414 808 454 ¹.
837 430 856 452 »
881 416 920 456 Is
942 416 1019 473 qui
1038 414 1262 458 voluntate
1285 425 1328 460 et
1351 431 1462 474 prae-

77 490 206 540 cepto
234 482 370 526 Patris
391 481 502 526 sedit
521 480 577 525 ad
599 483 817 525 dexteram
840 483 951 541 ejus,
979 484 1011 527 is
1033 484 1259 529 voluntate
1281 495 1325 529 et
1346 500 1462 545 prae-

78 559 206 610 cepto
228 551 364 595 Patris
382 553 427 594 in
444 551 819 596 consummatione
833 553 979 597 saeculi
997 564 1208 598 venturus
1226 564 1305 610 est,
1329 558 1463 614 Apos-

78 621 169 666 tolo
185 619 450 666 vociferante
464 630 507 665 et
529 621 700 665 dicente
727 640 735 665 :
765 639 784 663 «
812 624 868 666 Et
888 623 993 682 ipse,
1014 624 1171 684 inquit,
1193 625 1402 669 Dominus
1418 626 1462 669 in

80 709 101 733 »
124 692 248 751 jussu
266 726 276 747 ‚
297 692 341 735 in
358 707 464 736 voce
482 691 766 750 Archangeli,
789 701 833 736 et
853 693 898 736 in
922 694 1027 737 tuba
1054 695 1129 738 Dei
1154 695 1388 740 descendet
1409 696 1464 740 de

81 779 101 803 »
126 761 242 806 coelo
260 764 292 806 ².
318 780 338 803 »
358 765 398 806 Is
411 762 487 822 qui
505 761 730 806 voluntate
746 772 789 807 et
805 773 1025 823 praecepto
1049 765 1185 808 Patris
1198 766 1362 818 veniet,
1383 781 1461 810 vo-

75 832 246 877 luntate
267 842 310 876 et
329 842 546 892 praecepto
567 833 703 877 Patris
715 833 987 893 judicaturus
1008 843 1070 878 est
1087 843 1228 878 totum
1247 834 1462 879 mundum

77 903 123 946 in
157 903 389 963 aequitate,
419 912 461 947 et
489 902 739 948 redditurus
763 904 943 963 singulis
981 904 1219 949 secundum
1254 904 1385 949 fidem
1421 915 1464 950 et

57 987 205 1032 *opera
229 988 329 1028 sua5
354 973 465 1017 sicut
486 974 577 1032 ipse
598 973 657 1017 ait
685 993 693 1018 :
725 992 744 1014 «
775 977 900 1018 Pater
917 974 1087 1034 judicat
1115 975 1360 1030 neminem,
1389 975 1463 1019 sed

79 1061 99 1085 »
123 1049 254 1087 omne
280 1042 499 1103 judicium
525 1044 638 1087 Filio
665 1043 800 1088 dedit.
850 1063 870 1085 »
902 1047 1010 1088 Item
1033 1079 1043 1098 ,
1083 1062 1101 1086 «
1144 1045 1279 1089 Sicuti
1308 1044 1460 1099 audio⁷

40 1146 41 1149 η
79 1131 100 1154 »
121 1113 274 1173 judico
289 1147 300 1168 ,
326 1123 368 1158 et
383 1114 600 1174 judicium
622 1129 769 1157 meum
791 1130 942 1159 verum
972 1124 1057 1169 est,
1084 1115 1186 1175 quia
1205 1130 1291 1159 non
1315 1131 1463 1174 quaero

79 1201 100 1224 »
127 1181 400 1227 voluntatem
415 1198 553 1227 meam
569 1218 580 1239 ‚
597 1184 672 1228 sed
686 1184 956 1228 voluntatem
972 1186 1061 1243 ejus
1080 1185 1155 1243 qui
1171 1200 1239 1228 me
1254 1186 1368 1228 misit
1387 1187 1416 1228 3.
1440 1203 1460 1225 »

79 1253 205 1298 Unde
219 1243 263 1297 et
277 1254 322 1297 in
333 1254 576 1313 judicando
594 1254 730 1298 Patris
743 1256 1017 1313 praesentiam
1033 1256 1266 1315 praeponit,
1286 1264 1328 1299 et
1341 1271 1463 1299 suam

76 1323 269 1367 divinam
287 1324 542 1382 dignitatem
558 1333 602 1367 et
612 1332 871 1382 potestatem
888 1326 1120 1368 secundam
1136 1325 1358 1383 postponit
1370 1360 1381 1380 ‚
1397 1325 1465 1368 di-

76 1408 178 1438 cens
204 1412 213 1438 z
237 1411 258 1435 «
279 1393 435 1437 Venite
458 1393 677 1438 benedicti
703 1394 839 1438 Patris
855 1395 940 1438 mei
963 1396 994 1437 ⁴¹¹.
1017 1413 1036 1435 »
1055 1397 1169 1452 Ergo
1181 1397 1322 1454 justus
1331 1394 1465 1454 judex

77 1472 142 1507 est
176 1461 312 1506 Filius
348 1481 357 1507 :
387 1463 622 1523 judicantis
652 1479 755 1508 vero
787 1464 929 1508 honor
957 1473 1000 1508 et
1039 1464 1300 1519 auctoritas,
1328 1465 1464 1508 Patris

76 1531 318 1592 imperiales
351 1533 469 1592 leges
508 1553 516 1577 :
540 1535 653 1578 sicut
675 1543 715 1577 et
744 1534 925 1593 Spiritus
949 1535 1083 1578 sancti
1117 1535 1309 1579 officiosa
1336 1534 1466 1578 advo-

76 1603 189 1648 catio
221 1613 264 1647 et
287 1602 548 1657 consolatio,
583 1603 798 1662 Unigeniti
834 1605 909 1647 Dei
926 1605 1031 1663 *justi
1053 1604 1213 1663 judicis
1242 1614 1305 1648 est
1327 1604 1466 1662 digni-

76 1683 156 1718 tas.
206 1676 303 1717 Jam
344 1689 444 1733 quae
483 1675 682 1733 superius
717 1674 1020 1733 respondimus
1044 1709 1054 1728 ‚
1096 1676 1222 1718 etiam
1261 1675 1464 1719 adversus

75 1745 155 1789 ista
187 1744 383 1788 similiter
411 1743 571 1788 valent.
605 1743 734 1797 Quod
769 1745 884 1788 enim
920 1745 1136 1789 voluntati
1171 1755 1214 1789 et
1247 1755 1465 1805 praecepto

76 1815 214 1860 Patris
233 1815 442 1859 obediens
469 1824 533 1859 est
556 1815 713 1869 Filius,
744 1830 824 1859 nec
847 1816 890 1858 in
919 1816 1170 1859 hominibus
1199 1816 1464 1860 demonstrat

75 1885 287 1930 diversam
317 1885 616 1945 imparemque
647 1894 847 1929 naturam
865 1920 876 1940 ‚
913 1886 1047 1944 patris
1082 1887 1396 1944 praecipientis,
1422 1896 1464 1929 et

77 1955 155 1999 filii
185 1955 443 2000 obedientis.
474 1957 579 1999 -Huc
607 1955 774 1998 accedit
809 1954 931 2014 quod
955 1956 1152 1999 Christus
1176 1971 1263 1999 non
1297 1965 1462 1999 tantum

77 2028 191 2070 Deus
213 2035 292 2080 est,
313 2041 401 2086 qua
418 2035 573 2069 natura
595 2024 774 2085 aequalis
796 2035 859 2069 est
877 2026 1013 2068 Patris
1032 2046 1043 2082 3
1068 2026 1143 2069 sed
1162 2027 1289 2068 etiam
1313 2026 1460 2077 homo,

77 2114 162 2157 qua
179 2106 332 2141 natura
347 2097 483 2156 major
505 2105 569 2140 est
586 2099 726 2150 Pater,
748 2097 872 2156 cujus
892 2097 1021 2139 etiam
1038 2111 1128 2139 non
1149 2096 1289 2139 solum
1314 2100 1439 2140 Pater
1452 2132 1462 2150 ,

78 2182 226 2212 verum
251 2176 295 2211 et
322 2167 530 2211 Dominus
562 2174 638 2210 est.
673 2168 783 2211 Nam
804 2164 905 2209 inde
933 2174 996 2208 est
1029 2174 1072 2209 et
1094 2165 1205 2208 illud
1238 2167 1464 2225 propheti-

79 2254 177 2284 cum
206 2256 216 2282 .·
247 2257 262 2277 «
288 2239 499 2282 Dominus
519 2237 625 2281 dixit
646 2238 701 2281 ad
728 2252 823 2291 me,
854 2236 986 2280 Filius
1006 2251 1128 2279 meus
1154 2251 1196 2280 es
1219 2245 1267 2280 tu
1294 2239 1324 2279 ⁵.
1352 2256 1370 2277 »
1400 2238 1466 2280 Ibi

78 2319 140 2353 est
158 2310 322 2369 quippe
344 2307 523 2353 inferior
539 2308 779 2353 substantia
798 2324 882 2368 qua
905 2311 1028 2351 Pater
1045 2308 1180 2367 major
1201 2308 1270 2360 sit,
1291 2317 1333 2351 et
1355 2308 1466 2351 servi

77 2381 214 2441 forma
250 2380 318 2424 cui
350 2380 551 2423 <lominus
583 2379 653 2423 sit.
686 2382 790 2423 Haec
822 2388 966 2423 autem
1004 2377 1140 2422 forma
1177 2378 1465 2422 humanitatis

77 2452 183 2510 ejus,
210 2466 339 2509 quam
363 2459 562 2494 manente
584 2449 723 2494 forma
746 2449 982 2494 divinitatis
1006 2449 1189 2508 accepit,
1209 2458 1258 2492 ut
1276 2449 1321 2492 in
1344 2450 1464 2493 simiu

129 2560 135 2575 ¹
158 2552 240 2584 Psal.
260 2563 324 2591 cix,
347 2565 372 2583 ι,
403 2560 448 2574 -A
474 2564 483 2583 ι
502 2553 610 2584 Thess.
632 2563 676 2593 lv,
701 2552 804 2584 15.—
821 2550 834 2574 3
851 2554 941 2584 Joan.
965 2551 1149 2591 x‚41.—-4
1171 2551 1292 2583 Matth.
1314 2562 1389 2585 xxv,
1407 2551 1460 2592 34.

81 2624 120 2630 -
135 2605 148 2629 5
174 2607 250 2638 psal.
272 2619 310 2644 11,
330 2618 359 2647 7,
