1803 3250
307 195 334 234 6
752 218 782 244 ο.
822 216 1052 249 Auousmm
1087 223 1265 253 nmscol’l

306 278 641 323 comminantem
666 290 906 327 venturum
927 300 971 329 se
999 285 1090 331 fore
1111 303 1210 333 cum
1230 289 1400 350 gladio,
1431 301 1475 338 et
1504 295 1696 354 parcitu-

307 362 400 391 ium
435 350 624 403 nemini,
657 365 744 394 non
768 353 914 411 justo,
951 372 1039 400 non
1067 362 1312 418 peccatori:
1339 362 1430 406 fieri
1448 364 1691 443 ‚inquam‚

303 419 474 494 potuit,
498 429 545 467 ut
573 429 616 465 et
648 421 702 465 de
731 425 804 468 Dei
828 425 1078 473 hominibus
1100 433 1388 478 mentirentur
1404 451 1516 495 qui
1533 437 1590 480 de
1607 440 1696 483 Deo

301 488 393 545 ipso
422 498 541 535 tanta
574 494 855 552 protervitate
886 500 1057 544 mentiti
1089 511 1206 546 sunt.
1242 504 1327 549 Sed
1354 521 1429 551 vos
1454 508 1697 553 consentite

297 559 553 617 nobiseum,
581 574 629 608 ut
651 575 826 624 portent
856 569 1086 629 scriptores
1106 573 1298 631 crimen,
1324 576 1359 620 si
1382 577 1513 623 vultis
1536 578 1697 624 eodem

298 632 473 680 liberari
492 637 743 697 Prophetas.
769 656 789 681 n

359 708 413 756 V.
456 732 475 755 «
518 712 726 775 Alioquin
763 732 905 778 neque
942 716 1015 762 ina
1052 733 1132 763 nos
1167 718 1222 763 de
1261 719 1480 764 Abraham
1521 721 1694 782 scripsi-

296 801 417 838 mus,
452 787 573 849 quod
598 788 811 833 habendae
841 789 972 850 prolis
993 791 1142 835 insana
1176 791 1364 851 flagrans
1387 791 1624 851 cupidine,
1650 803 1694 838 et

299 864 404 916 Deo,
440 862 516 922 qui
553 862 597 906 id
629 863 719 923 jam
758 863 835 906 sibi
872 862 926 906 de
950 865 1048 907 Sara
1072 864 1259 924 conjuge
1277 865 1583 924 promiseraff,
1607 866 1693 909 mi-

296 934 413 977 nime
440 933 646 987 credens,
670 950 769 978 curn
794 934 948 994 pellice
977 934 1200 980 volutatus
1231 937 1286 980 sit
1313 936 1395 980 sub
1430 937 1697 982 conscientia

293 1007 410 1064 (quo
432 1006 486 1048 sit
508 1006 805 1064 inhonestius)
828 1006 985 1050 uxoris.
1012 1008 1100 1050 Nec
1122 1005 1242 1066 quod
1267 1006 1531 1051 matrimonii
1550 1008 1615 1051 sui
1633 1008 1698 1052 in·

296 1074 557 1120 famissimus
588 1077 887 1130 nundinator,
917 1076 1032 1120 idem
1065 1076 1257 1120 avaritiae
1292 1093 1341 1121 ac
1374 1077 1539 1122 ventris
1568 1094 1697 1123 causa

295 1148 468 1193 duobus
489 1148 661 1206 regibus
677 1183 687 1202 ‚
712 1146 968 1192 Abimelech
987 1156 1029 1190 et
1050 1148 1302 1203 Pharaoni²‚
1329 1147 1508 1192 diversis
1524 1158 1697 1209 tempo-

297 1220 415 1264 ribus
432 1255 442 1274 ,
468 1228 754 1263 memoratam
781 1221 927 1263 Saram
957 1219 1186 1278 conjugem
1211 1233 1333 1262 suam
1355 1234 1546 1263 sororem
1571 1235 1697 1264 men-

298 1292 404 1335 titus
419 1292 433 1316 ³
452 1326 463 1345 ,
490 1291 590 1350 quia
613 1299 704 1334 erat
726 1289 1020 1350 pulcherrima
1037 1324 1047 1344 ‚
1068 1289 1113 1332 in
1131 1288 1418 1334 concubitum
1434 1290 1691 1336 venditavit.

298 1364 386 1406 Nec
415 1361 534 1422 quod
568 1362 680 1405 Loth
715 1361 848 1420 ipsius
871 1360 1004 1404 irater
1033 1359 1088 1404 de
1118 1359 1304 1405 Sodoma
1329 1359 1568 1417 liberatus,
1593 1376 1696 1406 cum

298 1433 469 1476 duabus
492 1432 665 1475 filiabus
694 1432 780 1476 suis
803 1432 845 1475 in
870 1441 1019 1475 monte
1041 1432 1313 1476 concubuit4
1333 1453 1344 1490 3
1370 1433 1445 1492 qui
1470 1433 1697 1478 honestius

299 1505 465 1549 arsisset
487 1504 532 1547 in
558 1503 746 1549 Sodoma
764 1504 853 1547 ictu
869 1502 1092 1562 fulminis3
1112 1519 1244 1564 quam
1262 1504 1307 1547 in
1327 1504 1696 1568 monteflagravit

299 1576 561 1620 inconcessae
585 1576 761 1620 flamma
789 1574 997 1619 libidinis.
1027 1575 1110 1620 Sed
1138 1590 1218 1619 nec
1245 1574 1366 1634 quod
1394 1577 1512 1620 Isaac
1542 1575 1694 1620 eadem

300 1648 410 1707 patri
433 1663 512 1692 suo
536 1648 663 1707 gessit
681 1663 729 1692 ac
747 1647 888 1707 paria,
913 1662 1014 1706 erga
1034 1647 1279 1692 Rebeccam
1298 1647 1529 1706 conjugem
1550 1663 1692 1704 suam,

299 1720 467 1778 fingens
490 1728 533 1762 et
556 1719 645 1778 ipse
665 1733 760 1762 eam
781 1733 995 1773 sororem,
1016 1734 1106 1779 quo
1128 1734 1205 1778 per
1221 1719 1355 1778 ipsam
1372 1718 1538 1763 viveret
1555 1720 1696 1779 turpi—

300 1783 527 1834 ter⁵.'Nec
563 1789 683 1849 quod
716 1789 853 1833 Jacob
889 1787 1002 1833 filius
1030 1791 1122 1849 ejus
1155 1789 1268 1833 inter
1299 1788 1464 1833 Rachel
1495 1798 1539 1834 et
1572 1789 1693 1834 Liam

299 1861 408 1906 duas
427 1875 653 1920 germanas
675 1875 867 1916 sorores,
888 1875 1128 1921 earumque
1145 1860 1335 1920 singulas
1352 1858 1560 1917 famulas,
1582 1876 1695 1922 qua-

301 1941 401 1976 tuor
430 1947 608 1975 uxorem
629 1931 809 1975 maritus
825 1967 836 1987 ,
863 1940 1072 1991 tanquam
1096 1931 1242 1976 hircus
1263 1932 1498 1976 erraverit⁶
1520 1967 1531 1988 ‚
1554 1942 1603 1976 ut
1625 1948 1695 1976 es-

299 2012 364 2047 set
385 2003 582 2063 quotidie
605 2003 719 2047 inter
741 2011 932 2063 quatuor
950 2011 1089 2047 scorta
1111 2012 1348 2058 certarnen,
1372 2019 1576 2063 quaenam
1593 2018 1695 2049 eum

300 2074 549 2119 venientem
584 2073 639 2117 de
668 2088 773 2132 agro
807 2074 926 2133 prior
947 2073 1002 2117 ad
1023 2073 1307 2118 concubitum
1331 2082 1502 2133 raperet
1518 2109 1529 2129 ‚
1557 2075 1695 2119 inter-

297 2144 494 2205 dumque
516 2146 645 2189 etiam
670 2145 946 2189 mercedibus
968 2145 1013 2188 in
1034 2154 1206 2189 noctem
1236 2146 1291 2189 ab
1313 2145 1501 2190 invicem
1520 2145 1695 2190 condu-

298 2226 446 2261 cerent
460 2231 577 2260 eum.
599 2220 708 2261 Item
726 2215 847 2278 quod
865 2219 889 2261 J
896 2216 1001 2260 udas
1019 2216 1134 2261 filius
1147 2218 1237 2277 ejus
1252 2232 1354 2262 cum
1374 2217 1564 2262 Thamar
1577 2233 1696 2263 nuru

300 2303 376 2332 sua
408 2287 664 2332 dormierit⁷
682 2322 693 2340 ‚
728 2297 826 2347 post
853 2287 984 2331 unius
1008 2298 1052 2331 et
1080 2287 1256 2332 alterius
1285 2288 1457 2348 nuptias
1485 2287 1590 2344 filii,
1615 2289 1695 2335 de-

299 2368 451 2419 ceptus
466 2394 479 2413 ,
503 2367 553 2402 ut
576 2358 699 2402 aiunt
714 2393 725 2412 ‚
751 2358 904 2402 habitu
925 2359 1244 2417 prostitutionis
1260 2393 1271 2413 ,
1292 2359 1337 2402 in
1355 2375 1485 2420 quem
1501 2375 1546 2404 se
1557 2368 1695 2406 trans-

300 2429 563 2475 formaverat
585 2430 735 2473 eadem
754 2465 765 2485 ‚
793 2446 892 2490 quae
914 2445 1112 2475 socerum
1135 2446 1263 2475 suum
1286 2430 1400 2476 hene
1422 2442 1567 2478 nosset
1589 2448 1692 2478 cum

347 2540 358 2555 ¹
379 2536 460 2567 Gen.
477 2544 543 2567 xtv.
565 2541 598 2565 2.
622 2550 664 2556 —
679 2539 692 2555 ²
721 2532 768 2564 Id.
788 2543 843 2573 xx,
862 2540 894 2564 2.
911 2549 953 2556 —
973 2530 986 2555 ³
1008 2533 1056 2566 Id.
1076 2543 1132 2574 xu,
1155 2542 1208 2566 12.
1224 2534 1294 2564 -4
1315 2535 1364 2568 ld.
1390 2545 1460 2578 xix,
1478 2534 1533 2568 33.
1548 2551 1589 2559 -
1607 2532 1690 2569 ⁵1d.

303 2599 390 2631 xxvi,
410 2601 441 2631 7.
460 2606 502 2612 —
516 2587 532 2610 ⁶
556 2588 603 2620 ld,
627 2597 704 2625 xxx,
723 2588 742 2620 3
757 2592 790 2620 et
802 2598 892 2629 seqq.
910 2604 952 2612 —·
966 2588 1047 2620 71d.
1069 2598 1210 2628 xxxvm,
1231 2588 1284 2621 15.
