1803 3250
344 141 398 179 80
780 149 812 176 s.
851 148 934 178 Auo
943 152 1079 179 usum
1113 152 1294 180 EPISCOPI

343 225 512 277 pareret
551 217 677 260 ctiam
710 216 800 275 ipsa
836 216 949 262 bona
985 227 1177 272 terrena,
1216 219 1258 261 in
1285 217 1445 278 quibus
1474 226 1517 261 et
1541 218 1730 261 humana

342 304 474 347 regna
496 296 538 330 et
561 303 612 330 ex
651 287 847 332 hostibus
878 289 1068 334 victoriae
1096 289 1394 349 deputantur,
1431 298 1607 348 propter
1630 305 1730 349 quae

341 359 524 403 maxime
562 358 711 403 civitas
750 360 982 420 impiorum
1017 362 1175 406 diffusa
1206 377 1282 420 per
1315 359 1532 404 mundum
1561 359 1730 420 suppli-

339 445 436 473 care
458 427 584 473 idolis
602 438 645 474 et
661 428 934 476 daemonibus
952 431 1076 487 solet,
1103 448 1190 476 non
1214 433 1295 476 nisi
1318 431 1373 476 ad
1397 432 1524 475 unius
1547 431 1623 474 Dei
1639 431 1729 474 veri

338 508 597 558 potestatem
640 509 770 561 atque
807 503 1035 548 arbitrium
1070 504 1301 562 pertinere.
1350 503 1472 546 Unde
1511 511 1555 545 et
1595 503 1731 545 Vetus

341 573 667 616 Testamentum
680 582 891 617 secretum
908 575 1027 632 regni
1042 574 1257 619 coelorum
1273 584 1468 633 tempore
1481 581 1731 633 opportuno

338 642 623 701 aperiendum
647 644 1003 703 promissionibus
1029 645 1207 689 terrenis
1230 645 1431 703 operuit,
1466 654 1508 687 et
1536 642 1730 703 quodam

337 713 470 759 modo
506 715 751 759 umbrosius
784 716 995 773 opacavit.
1040 716 1123 760 Ubi
1166 724 1312 759 autem
1347 715 1467 758 venit
1502 712 1731 773 plenitudo

341 786 587 845 temporis¹,
614 796 662 830 ut
684 790 855 832 Novum
880 790 1205 830 Testamentum
1230 785 1517 840 revelaretur,
1539 784 1658 845 quod
1678 785 1729 828 fi-

339 857 456 916 guris
470 857 636 901 Veteris
650 857 893 911 velabatur,
911 857 1102 901 evidenti
1116 857 1416 901 testificatione
1426 858 1513 917 jam
1529 857 1734 900 demons-

340 928 544 971 trandum
568 938 675 982 erat,
699 944 789 971 esse
811 926 938 971 aliam
965 927 1098 971 vitam
1131 944 1209 986 pro
1241 943 1327 987 qua
1358 926 1490 970 debet
1519 912 1628 971 haece
1646 928 1732 971 vita

337 998 582 1052 contemni,
607 1007 650 1042 et
673 997 792 1043 aliud
815 1015 998 1058 regnum
1018 1014 1097 1058 pro
1115 1014 1202 1060 quo
1226 1007 1400 1057 oportet
1423 998 1621 1042 omnium
1646 1007 1733 1042 ter-

335 1082 543 1112 renorum
565 1084 801 1128 regnorum
835 1069 1137 1114 adversitatem
1170 1068 1483 1128 patientissime
1512 1068 1730 1113 sustineri.

338 1139 526 1184 Proinde
551 1156 628 1200 per
650 1157 839 1201 quorum
863 1140 1182 1196 confessiones,
1217 1143 1459 1200 passiones,
1499 1150 1542 1184 et
1573 1149 1734 1185 mortes

335 1212 418 1256 hoe
440 1215 531 1256 Deo
555 1213 718 1271 placuit
738 1215 957 1268 attestari,
983 1216 1195 1271 Martyres
1219 1212 1496 1272 appellantur
1511 1247 1522 1267 ,
1548 1213 1625 1272 qui
1649 1215 1735 1256 La-

335 1283 426 1327 tine
448 1292 577 1328 testes
598 1284 944 1343 interpretantur
967 1304 975 1330 :
1002 1299 1191 1344 quorum
1211 1299 1419 1328 numerus
1438 1293 1585 1328 tantus
1605 1284 1734 1328 esslo-

337 1355 441 1410 ruit‚
465 1364 514 1399 ut
535 1355 568 1398 si
586 1370 657 1399 eos
678 1356 892 1411 Christus,
914 1356 989 1416 qui
1013 1356 1067 1400 de
1097 1355 1211 1401 coelo
1249 1355 1429 1402 Saulum
1453 1356 1665 1411 vocavit‘2,
1693 1364 1735 1399 et

337 1442 386 1470 ex
410 1425 516 1486 lupo
538 1426 702 1470 factum
722 1442 863 1482 ovem,
890 1428 933 1471 in
957 1426 1149 1471 medium
1172 1427 1377 1487 luporum
1402 1427 1532 1482 misit,
1553 1441 1736 1485 congre-

338 1505 459 1556 gatos
482 1496 613 1541 vellet
637 1513 804 1541 armare
827 1506 958 1557 atque
983 1497 1187 1557 adjuvare
1211 1507 1473 1558 pugnanteS,
1506 1498 1617 1542 sicut
1646 1500 1736 1542 He-

338 1567 478 1612 braeos
495 1576 638 1627 patres
661 1567 851 1628 adjuvit,
877 1584 976 1629 quae
1006 1578 1155 1627 gentes
1188 1569 1450 1623 resisterent,
1476 1584 1575 1628 quae
1599 1584 1732 1628 regna

335 1654 426 1683 non
448 1638 686 1684 cederent?
711 1639 795 1684 Sed
818 1649 867 1684 ut
900 1640 1274 1699 praeclarissimum
1297 1641 1597 1685 testimonium
1616 1640 1733 1684 veri-

335 1711 415 1755 tati
439 1711 758 1770 perhiberetur,
785 1727 871 1772 qua
889 1713 980 1772 jam
1009 1711 1259 1757 docendum
1294 1721 1412 1767 erat,
1444 1727 1534 1757 non
1557 1721 1735 1772 propter

340 1781 625 1840 temporalem
647 1784 693 1825 in
714 1782 795 1827 hac
818 1782 906 1826 vita
921 1817 931 1837 ‚
956 1782 1032 1826 sed
1067 1792 1245 1842 propter
1269 1792 1477 1827 aeternam
1500 1792 1599 1843 post
1620 1783 1734 1827 hanc

337 1852 470 1897 vitam
494 1851 748 1897 felicitatem
771 1856 860 1898 Deo
883 1869 973 1898 esse
995 1854 1288 1909 serviendum,
1315 1870 1364 1899 ea
1390 1870 1489 1915 quae
1510 1853 1645 1913 vulgo
1667 1855 1735 1898 in-

338 1922 522 1968 felicitas
543 1923 725 1980 dicitur,
751 1939 830 1985 pro
852 1925 924 1969 illa
948 1923 1154 1970 felicitate
1180 1925 1407 1969 subeunda
1431 1925 1576 1970 f'uerat
1600 1934 1644 1970 et
1665 1924 1734 1970 fe-

338 1995 489 2039 renda.
512 1999 665 2056 Itaque
684 1997 730 2041 in
753 1997 1027 2056 plenitudine
1050 2006 1297 2057 temporum
1322 1997 1457 2041 Filius
1488 1997 1566 2041 Dei
1594 1997 1736 2042 tactus

339 2080 390 2110 ex
411 2065 608 2123 muliere,
632 2068 774 2113 factus
792 2069 874 2113 sub
895 2068 1007 2128 lege,
1034 2078 1083 2113 ut
1100 2085 1170 2113 eos
1193 2070 1268 2128 qui
1292 2068 1374 2113 sub
1393 2072 1506 2127 Lege
1529 2077 1652 2112 erant
1668 2084 1733 2112 re-

340 2136 524 2182 dimeret
539 2139 572 2194 ³,
610 2138 749 2184 factus
783 2155 835 2183 ex
867 2139 1029 2183 semine
1063 2139 1201 2183 David
1235 2139 1480 2184 secundum
1511 2140 1732 2193 carnem⁴‚

340 2208 477 2253 mittit
493 2209 734 2269 Discipulos
757 2209 878 2256 velut
899 2225 1000 2256 oves
1021 2211 1066 2254 in
1088 2210 1284 2255 medium
1306 2210 1513 2270 luporum
1523 2212 1556 2266 ⁵,
1580 2219 1624 2254 et
1641 2225 1737 2254 mo·

341 2288 418 2324 net
441 2294 497 2324 ne
525 2280 710 2326 timeant
729 2297 802 2327 eos
823 2282 901 2343 qui
923 2297 1080 2342 corpus
1102 2282 1311 2327 occidunt
1328 2317 1339 2338 ,
1376 2282 1566 2326 animam
1589 2291 1737 2326 autem

341 2365 433 2395 non
459 2362 642 2411 possunt
663 2353 861 2398 occidere
883 2373 892 2398 :
917 2354 1133 2414 promittit
1158 2354 1288 2398 etiam
1310 2353 1444 2413 ipsius
1465 2353 1657 2412 corporis
1673 2368 1738 2397 re-

343 2422 591 2469 novandam
614 2424 910 2485 integritatem
943 2440 1083 2484 usque
1116 2423 1172 2468 ad
1204 2424 1348 2484 capilli
1381 2423 1698 2485 reparationem
1724 2442 1733 2469 ε

392 2513 402 2531 ¹
423 2507 492 2543 Gal-
511 2519 556 2547 iv,
578 2507 673 2551 4.--²
689 2512 764 2546 Act.
777 2510 822 2552 ix,
836 2512 867 2546 5
885 2507 945 2536 ...3
962 2508 1031 2545 Gal.
1044 2519 1096 2549 xv,
1116 2507 1199 2551 4.-
1212 2507 1228 2540 4
1241 2511 1334 2544 Rom.
1347 2520 1371 2552 1,
1388 2507 1497 2544 3.—5
1510 2509 1624 2545 Matth.
1637 2519 1669 2551 x,
1684 2512 1736 2542 16.
