1803 3250
124 288 228 395 S.
298 287 595 394 ΑΗΒ
688 285 1496 394 AUGUSTINI

438 488 847 528 HIPPONENSIS
888 488 1168 527 EPISCOPI

236 645 391 730 DE
474 637 989 730 NATURA
1079 639 1372 728 BONI

322 850 676 912 CONTRA
754 848 1298 913 MANICHAEos

534 1026 755 1083 LIBER
808 1024 1009 1083 UNUS
1034 1022 1049 1044 ¹
1067 1071 1076 1081 .

117 1176 1492 1246 ÷ffifflffiffissffiffiffiQffiffiffiffiffifffflffiffifflffiffiffiffiffiffiffiffl0

167 1360 204 1403 I.
241 1358 444 1404 Summum
458 1356 627 1402 bonum
638 1358 655 1382 ²
669 1371 759 1417 quo
771 1356 968 1417 superius
983 1371 1074 1402 non
1090 1366 1171 1412 est,
1188 1359 1304 1402 Deus
1319 1374 1330 1402 :
1354 1371 1403 1402 ac
1418 1372 1498 1417 per

106 1430 191 1475 hoc
204 1428 562 1474 incommutabile
573 1428 740 1473 bonum
753 1437 838 1487 θεῖς
857 1427 956 1473 ideo
970 1444 1072 1474 vere
1089 1437 1321 1484 aeternum,
1337 1437 1380 1474 et
1397 1444 1498 1475 vere

106 1499 366 1545 immortale.
392 1501 560 1545 Caetera
582 1499 729 1543 omnia
752 1499 868 1544 bona
898 1499 1069 1544 nonnisi
1101 1500 1156 1544 ab
1186 1499 1262 1544 illo
1279 1508 1397 1555 sunt,
1421 1499 1498 1545 sed

106 1587 198 1618 non
220 1570 275 1616 de
297 1570 388 1616 illo.
413 1573 476 1615 De
492 1569 568 1615 illo
588 1570 704 1614 enim
726 1570 847 1631 quod
869 1580 954 1626 est,
972 1572 1056 1616 hoc
1075 1569 1196 1631 quod
1218 1572 1308 1631 ipse
1325 1579 1389 1615 est
1407 1589 1416 1616 :
1441 1571 1497 1615 ab

105 1642 182 1688 illo
199 1652 344 1687 autem
363 1657 462 1702 quae
480 1641 594 1686 facta
615 1650 733 1697 sunt,
753 1657 844 1686 non
862 1651 964 1686 sunt
978 1641 1098 1702 quod
1115 1642 1221 1701 ipse.
1239 1645 1301 1687 Ac
1319 1657 1396 1702 per
1411 1641 1497 1686 hoc

105 1714 141 1758 si
171 1712 287 1758 solus
317 1713 408 1773 ipse
440 1712 831 1768 incommutabilis,
870 1713 1018 1757 omnia
1050 1729 1151 1774 quae
1180 1712 1300 1768 fecit,
1325 1713 1429 1772 quia
1447 1727 1499 1757 ex

105 1782 244 1829 nihilo
264 1782 385 1838 fecit,
405 1782 633 1827 mutabilia
650 1792 766 1828 sunt.
790 1786 895 1828 Tam
917 1784 1032 1828 enim
1054 1784 1332 1843 omnipotens
1349 1791 1429 1838 est,
1448 1792 1499 1828 ut

105 1854 240 1916 possit
260 1854 391 1899 etiam
411 1852 467 1898 de
488 1854 642 1910 nihilo,
667 1855 713 1899 id
734 1863 814 1910 est,
835 1870 886 1899 ex
903 1870 955 1899 eo
974 1855 1094 1915 quod
1111 1855 1291 1899 omnino
1307 1869 1398 1898 non
1414 1863 1495 1910 est,

104 1925 224 1971 bona
245 1925 404 1981 facere,
429 1933 474 1970 et
488 1939 643 1984 magna
660 1934 703 1970 et
724 1941 874 1986 parva,
899 1934 943 1970 et
964 1925 1158 1970 coelestia
1180 1934 1223 1970 et
1243 1934 1431 1979 terrena,
1455 1933 1500 1969 et

104 1996 311 2057 spiritalia
333 2005 377 2041 et
396 1996 652 2056 corporalia.
673 1998 783 2051 Quia
798 2013 901 2042 vero
923 2006 966 2041 et
980 1998 1125 2058 justus
1142 2005 1221 2053 est,
1247 1997 1286 2041 ei
1302 1995 1425 2056 quod
1443 1995 1499 2041 de

104 2083 150 2113 se
171 2068 336 2127 genuit,
361 2082 411 2112 ea
432 2083 531 2128 quae
554 2066 609 2112 de
630 2067 767 2114 nihilo
789 2067 910 2124 fecit,
931 2084 1021 2113 non
1038 2068 1244 2129 aequavit.
1267 2069 1378 2121 Quia
1396 2081 1500 2126 ergo

103 2138 221 2184 bona
242 2138 388 2183 omnia
403 2172 415 2194 ‚
439 2137 529 2182 sive
556 2153 711 2197 magna
730 2139 818 2184 sive
836 2154 991 2199 parva,
1013 2154 1091 2198 per
1112 2138 1332 2199 quoslihet
1352 2152 1499 2182 rerum

106 2209 280 2270 gradus,
305 2225 396 2255 non
417 2219 600 2270 possunt
621 2225 711 2256 esse
732 2211 814 2256 nisi
836 2227 859 2256 a
877 2214 966 2255 Deo
986 2229 995 2256 :
1021 2210 1161 2255 omnis
1179 2219 1326 2254 autem
1343 2217 1500 2254 natura

104 2281 152 2326 in
173 2289 387 2341 quantum
405 2289 561 2325 natura
578 2290 659 2338 est,
677 2282 845 2327 bonum
862 2291 948 2340 θεῖς
973 2282 1115 2326 omnis
1133 2290 1290 2326 natura
1307 2296 1397 2325 non
1419 2295 1500 2340 po-

105 2360 190 2397 test
220 2367 312 2396 esse
344 2351 426 2395 'nisi
448 2367 472 2395 a
493 2367 663 2398 summo
693 2362 738 2398 et
765 2368 869 2398 vero
900 2357 1017 2398 Deo:
1054 2352 1157 2412 quia
1189 2352 1335 2397 omnia
1368 2351 1499 2395 etiam

105 2439 197 2469 non
215 2438 384 2468 summa
404 2422 535 2479 bona,
561 2424 636 2469 sed
656 2426 903 2486 propinqua
924 2439 1096 2470 summo
1118 2424 1256 2480 bono,
1281 2432 1327 2468 et
1349 2437 1498 2468 rursus

154 2527 166 2543 ¹
198 2521 343 2564 Scriptus
362 2524 435 2564 post
451 2530 568 2554 annum
596 2520 673 2564 404.
700 2522 781 2557 Vide
801 2525 945 2557 Retract.
966 2521 1023 2555 lib.
1053 2532 1087 2564 n,
1111 2531 1186 2565 cap.
1206 2520 1238 2556 3.
1254 2537 1295 2546 —
1311 2527 1325 2544 ²
1355 2520 1435 2554 Vide
1457 2521 1496 2552 D.

108 2575 246 2620 Guillon,
268 2582 345 2613 tom.
365 2585 445 2619 xxn,
463 2585 536 2620 pag.
559 2577 723 2612 128-130.
