1803 3250
347 243 428 282 384
776 251 809 282 s.
845 251 1076 283 AUGUSTINI
1109 256 1289 284 EPlseopl

346 329 522 379 propter
543 318 664 379 quod
684 318 737 364 ad
760 319 833 365 illa
855 337 953 382 quae
981 322 1132 366 audire
1155 322 1343 366 horroris
1364 330 1428 366 est
1443 356 1454 378 ,
1475 322 1729 367 veniretur?

344 394 399 434 Et
430 400 574 434 tamen
607 407 707 436 cum
744 390 936 450 legitur,
962 410 1086 438 aures
1108 392 1341 437 infidelitas
1363 393 1552 449 claudit,
1579 394 1733 439 avertit

342 461 496 505 faciem
514 497 524 516 ‚
550 471 770 522 exasperat
802 462 973 508 vultum
993 500 1002 518 ‚
1028 465 1222 522 linguam
1247 464 1417 519 vibrat,
1446 463 1734 524 blasphemias

331 532 563 592 jaculatur.
590 533 744 579 Videte
765 536 798 579 si
820 551 908 580 non
931 537 1114 581 suntisti
1133 552 1182 579 ex
1206 536 1287 581 isto
1305 551 1462 595 genere
1478 537 1730 591 hominum,

340 605 417 664 qui
438 605 646 666 loquente
668 607 840 652 Christo
860 606 915 651 de
937 619 1205 652 sacramento
1228 609 1420 667 eorporis
1443 617 1486 652 et
1509 607 1733 666 sanguinis

340 679 405 720 sui
427 677 658 723 dixerunt:
686 698 702 718 «
726 681 865 724 Durus
889 688 952 723 est
974 678 1044 723 hic
1072 695 1229 733 sermo,
1254 680 1350 738 quis
1373 688 1514 738 potest
1535 694 1636 722 eum
1655 694 1733 722 au-

342 765 362 788 »
389 746 481 791 dire
498 750 506 773 ¹
523 750 539 789 ⁶?
559 768 577 790 η
604 749 692 794 Nisi
714 750 833 809 quod
857 749 1187 793 excusabiliores
1205 758 1323 802 sunt,
1343 749 1418 808 qui
1435 749 1565 794 verba
1585 748 1731 793 divina

338 834 440 878 quse
465 834 552 863 non
574 819 895 878 intelligebant,
921 835 1009 863 non
1030 820 1073 862 in
1099 818 1420 875 maledictione,
1443 819 1518 864 sed
1538 820 1582 863 in
1600 820 1734 863 bene-

339 889 530 934 dictione
552 890 773 934 horribilia
798 907 887 935 non
910 890 1125 934 ferebant.
1153 891 1313 935 Mirum
1337 892 1452 935 enim
1477 907 1566 936 non
1589 900 1674 946 est,
1699 891 1734 935 si

340 960 618 1005 maledictum
644 961 822 1021 quando
845 961 1048 1015 auditur,
1088 962 1290 1005 horretur
1309 983 1320 1019 3
1357 977 1436 1006 nee
1471 961 1733 1021 exigendum

339 1041 416 1083 est,
442 1042 487 1076 ut
502 1033 645 1077 verbis
664 1049 753 1078 non
774 1034 1005 1078 horrendis
1025 1033 1212 1088 dicatur7
1238 1034 1358 1094 quod
1381 1034 1436 1077 ad
1453 1034 1537 1079 hoc
1554 1033 1730 1089 dicitur,

339 1113 387 1147 ut
410 1104 463 1148 ab
490 1105 746 1150 exhorrente
764 1106 968 1150 timeatur
995 1125 1004 1149 ι
1032 1105 1242 1150 Dominus
1257 1114 1403 1149 autem
1420 1104 1521 1149 talia
1540 1105 1745 1161 diceban*

338 1190 437 1233 quaa
449 1175 582 1219 amari
595 1177 864 1236 praeciperet,
882 1192 970 1220 non
984 1176 1124 1220 timeri
1145 1195 1152 1220 :
1170 1185 1369 1221 ettamen
1385 1192 1484 1235 quae
1500 1175 1734 1220 infidelitas

338 1247 520 1291 sufferat
545 1267 554 1291 ι
585 1249 730 1293 «Caro
753 1264 845 1291 mea
870 1264 970 1292 vere
994 1248 1118 1291 cibus
1141 1257 1218 1301 est,
1238 1258 1281 1291 et
1295 1247 1470 1307 sanguis
1494 1262 1616 1291 meus
1632 1262 1734 1291 vere

339 1336 359 1359 »
389 1328 514 1377 potus
547 1323 656 1373 est'23
685 1341 699 1361 »›
729 1329 786 1373 et,
824 1320 949 1365 «Nisi
972 1319 1338 1363 manducaveritis
1360 1334 1533 1362 carnem
1562 1334 1729 1374 meam,

339 1408 359 1430 »
386 1399 429 1433 et
453 1390 647 1435 biberitis
669 1391 922 1448 sanguinem
961 1406 1104 1434 meum
1123 1426 1133 1446 ,
1160 1406 1248 1434 non
1282 1390 1497 1434 habebitis
1520 1390 1655 1434 vitam
1686 1391 1731 1433 in

340 1479 360 1502 »
387 1461 566 1505 vobis³P
588 1481 606 1502 »
635 1463 675 1506 Si
696 1478 799 1520 ergo
823 1462 899 1506 Dei
917 1463 1145 1521 sapientia,
1172 1461 1315 1505 verbis
1334 1470 1604 1505 sacramento
1623 1477 1732 1506 eon·

338 1532 454 1589 gruis
477 1547 654 1590 pascens
678 1533 863 1576 animam
894 1531 1144 1576 credentem
1162 1568 1172 1587 ‚
1214 1548 1303 1576 non
1335 1533 1502 1576 curavit
1522 1532 1733 1591 insipien·

336 1604 438 1645 tiam
463 1613 741 1647 nauseantem
767 1624 775 1648 :
798 1613 962 1664 quanto
979 1605 1112 1663 magis
1130 1603 1280 1648 eadem
1298 1605 1390 1663 ipsa
1409 1605 1636 1663 sapientia,
1659 1603 1733 1647 ubi

334 1673 456 1717 loeus
479 1684 521 1717 et
546 1684 714 1734 tempus
739 1676 902 1719 timoris
926 1674 1085 1730 fuerat,
1111 1691 1200 1720 non
1223 1676 1395 1730 amoris,
1417 1674 1634 1719 salubrem
1654 1691 1728 1719 νο·

334 1743 427 1787 lens
450 1745 686 1804 importare
712 1756 935 1802 terrorem,
960 1762 1051 1790 non
1073 1747 1241 1792 curavit
1263 1746 1506 1806 insipientis
1522 1761 1727 1802 errorem,

336 1817 530 1874 quamvis
559 1818 649 1876 ejus
682 1817 937 1876 praevideret
961 1818 1201 1861 horrorem.
1229 1818 1336 1871 Quis
1370 1828 1517 1862 autem
1549 1817 1729 1861 istorum

336 1887 572 1945 spiritalem
597 1889 719 1934 novit
743 1891 916 1934 horrere
939 1889 1095 1932 animae
1119 1889 1380 1941 foeditatem,
1402 1904 1501 1932 eum
1520 1887 1641 1932 velut
1654 1903 1730 1932 sua

339 1959 530 2018 quadam
554 1960 667 2004 fame
689 1970 821 2021 atque
844 1970 1033 2019 egestate
1061 1960 1338 2020 compellitur
1360 1961 1604 2014 comedere,
1630 1976 1730 2019 quaa

339 2029 394 2073 de
416 2031 502 2074 suis
535 2031 781 2076 carnalibus
809 2032 1146 2090 cogitationibus
1177 2042 1386 2091 tanquam
1412 2031 1466 2075 de
1490 2031 1730 2076 femoribus

339 2104 531 2146 exeunt?
554 2105 660 2147 Nam
685 2102 802 2147 illius
824 2103 1043 2148 maledicti
1061 2139 1070 2157 ,
1098 2103 1218 2163 quod
1240 2104 1319 2148 iste
1348 2103 1468 2148 velut
1503 2113 1631 2163 turpe
1661 2118 1729 2146 re-

339 2173 597 2233 prehendit,
627 2190 748 2219 rarus
781 2175 963 2219 effectus
990 2185 1080 2232 est3
1119 2176 1186 2218 vix
1225 2175 1341 2219 enim
1377 2175 1615 2235 aliquando
1640 2184 1729 2218 tam

340 2262 546 2305 magnum
569 2257 631 2291 est
654 2247 875 2306 flagellum
900 2247 1046 2302 famis,
1073 2257 1121 2291 ut
1144 2248 1197 2291 ad
1223 2246 1411 2292 nefanda
1431 2247 1505 2291 illa
1532 2246 1728 2306 compel-

339 2317 398 2361 lat
425 2337 433 2359 ·,
460 2318 536 2361 ista
558 2334 656 2361 vero
674 2318 802 2372 same,
821 2335 906 2378 qua
923 2318 1179 2362 miserorum
1198 2319 1352 2362 animae
1367 2318 1517 2377 inopes
1540 2317 1729 2362 veritatis

340 2404 387 2432 ea
412 2405 489 2448 pro
512 2390 691 2434 veritate
713 2390 951 2434 comedunt
971 2425 981 2443 ‚
1018 2405 1117 2448 quae
1149 2389 1396 2434 carnalibus
1431 2389 1627 2433 sensibus
1649 2405 1727 2447 pa-

339 2461 475 2516 riunt,
500 2476 815 2522 usquequaque
837 2461 965 2521 plena
987 2470 1089 2505 sunt
1109 2462 1255 2505 omnia
1273 2497 1283 2515 ,
1320 2470 1443 2506 tanto
1474 2459 1694 2505 infelicius
1713 2495 1725 2516 ‚

340 2541 507 2592 quanto
531 2542 657 2579 nocet
679 2533 864 2593 amplius
881 2568 891 2588 ,
917 2542 957 2576 et
980 2532 1182 2577 horretur
1204 2533 1362 2576 minus.

389 2623 398 2639 ¹
419 2619 512 2649 Joan.
532 2616 797 2659 v1‚61.—-²1d.
820 2629 864 2658 w,
884 2617 992 2649 56.-
1012 2614 1023 2639 3
1044 2616 1127 2648 lbid.
1149 2615 1201 2657 54.
