1803 3250
345 186 398 221 50
781 193 814 218 s.
851 191 1078 219 AUGUSTIM
1115 193 1290 219 EPlscom

340 258 518 316 gratiam
535 289 546 308 ‚
567 253 642 299 sed
663 268 785 298 suam
806 253 986 312 gloriam
1011 256 1275 316 requirebat.
1304 257 1396 300 Hoc
1419 270 1565 300 amore
1579 255 1727 315 gloriae

336 326 528 386 corrupti
558 335 707 379 erant,
734 340 846 384 quos
878 326 1037 370 Paulus
1067 326 1287 386 apostolus
1316 335 1465 381 notat,
1501 326 1623 387 quod
1651 342 1729 386 per

337 399 542 443 invidiam
565 407 609 441 et
632 397 960 441 contentionem
992 413 1081 442 non
1103 410 1219 444 caste
1237 399 1460 444 Christum
1491 399 1728 443 annuntia-

337 472 446 513 rcnt¹
463 488 470 512 :
484 468 645 529 quibus
657 478 801 512 tamen
814 468 1149 527 praedicantibus
1161 470 1322 528 gaudet
1331 469 1581 530 Apostolus,
1590 471 1728 514 sciens

336 541 425 584 fieri
446 555 591 600 posse,
615 549 661 583 ut
686 539 794 583 dum
819 538 881 582 illi
902 549 1125 584 sectantur
1152 541 1356 585 humanae
1387 542 1535 601 gloriae
1561 540 1730 600 cupidi·

337 621 495 666 tatem,
520 621 669 655 tamen
696 611 761 655 his
791 610 948 655 auditis
973 610 1122 655 fideles
1147 622 1450 672 nascerentur3
1472 628 1561 657 non
1579 628 1632 657 ex
1659 627 1730 656 eo-

331 699 427 727 rum
453 683 598 727 invida
620 682 862 741 cupiditate
878 717 889 737 ‚
915 698 1001 743 qua
1032 697 1076 726 se
1110 682 1318 727 volebant
1348 673 1419 728 'vel
1447 685 1634 743 aequari,
1660 681 1730 728 vel

329 754 537 814 anteponi
560 754 824 813 Apostolicae
847 754 997 813 gloriae
1015 789 1026 809 ‚
1059 753 1134 800 sed
1167 769 1242 814 per
1268 753 1554 814 Evangelium
1572 790 1583 810 ‚
1608 753 1731 815 quod

334 826 500 870 etiamsi
521 842 611 871 non
636 836 751 871 caste
767 862 778 881 ,
804 836 953 871 tamen
974 826 1317 882 annuntiabant,
1343 835 1392 871 ut
1414 826 1470 871 de
1490 826 1606 871 malo
1631 824 1731 871 illo-

334 913 430 942 rum
455 901 566 942 Deus
594 908 846 957 operaretur
869 898 1034 942 bonum
1062 916 1071 942 ε
1095 898 1207 943 sicut
1227 898 1321 942 fieri
1343 907 1486 958 potest
1514 907 1564 942 ut
1595 899 1730 942 homo

330 970 385 1013 ad
407 969 696 1013 concubitum
717 984 805 1013 non
827 968 1102 1028 ingrediatur
1117 968 1344 1014 voluntate
1368 966 1631 1027 generandi,
1656 966 1732 1012 sed

331 1039 579 1084 luxuriandi
602 1038 786 1084 libidine
808 1041 1001 1100 rapiatur
1027 1061 1038 1098 3
1075 1050 1120 1085 et
1147 1049 1296 1085 tamen
1330 1048 1532 1084 nascatur
1566 1039 1726 1094 homo,

332 1111 496 1155 bonum
521 1111 597 1154 Dei
634 1125 742 1169 opus
766 1110 821 1154 de
849 1110 1141 1155 foecunditate
1165 1110 1381 1155 seminum
1400 1145 1411 1165 ,
1437 1125 1528 1155 non
1557 1108 1612 1154 de
1633 1117 1731 1154 tur-

331 1182 528 1241 pitudine
551 1181 770 1225 vitiorum.
801 1181 923 1226 Sicut
947 1197 1049 1240 ergo
1073 1181 1211 1225 sancti
1235 1180 1431 1240 Apostoli
1454 1180 1728 1226 auditoribus

325 1252 640 1298 admirantibus
656 1251 898 1296 doctrinam
917 1268 1039 1296 suam
1060 1252 1484 1296 condelectabantur
1500 1287 1511 1307 ,
1537 1267 1627 1296 non
1642 1252 1727 1296 avi-

324 1324 459 1369 ditate
478 1322 799 1382 consequendae
815 1322 954 1367 laudis
975 1358 985 1376 ‚
1011 1323 1086 1367 sed
1105 1324 1317 1367 charitate
1333 1322 1601 1367 seminandae
1618 1323 1726 1367 veri-

328 1396 424 1440 tatis
446 1415 456 1451 3
490 1395 549 1438 ita
574 1394 713 1437 sancti
739 1394 1000 1438 Patriarchae
1031 1394 1291 1453 conjugibus
1320 1394 1634 1453 excipientibus
1660 1409 1726 1439 se-

327 1482 428 1511 men
449 1480 578 1510 suum
601 1465 920 1518 miscebantur,
949 1480 1038 1509 non
1056 1465 1409 1524 concupiscentia
1435 1463 1726 1524 percipiendae

327 1536 562 1596 voluptatis
579 1570 590 1589 ,
622 1534 697 1579 sed
722 1534 995 1594 providentia
1020 1534 1315 1594 propagandas
1337 1535 1618 1580 successionis
1641 1553 1650 1580 :
1675 1550 1724 1580 ac

330 1624 405 1668 per
429 1609 512 1652 hoc
545 1622 625 1651 nec
651 1606 747 1651 illos
777 1606 1028 1650 ambitiosos
1056 1605 1293 1650 multitudo
1316 1605 1584 1666 populorum
1601 1641 1612 1662 ‚
1645 1622 1725 1651 nec

326 1680 423 1725 illos
452 1679 706 1723 libidinosos
731 1677 968 1722 multitudo
991 1676 1180 1722 faciebat
1204 1693 1404 1722 uxorum.
1433 1679 1518 1723 Sed
1540 1677 1649 1738 quid
1670 1678 1726 1724 de

329 1751 428 1795 viris
445 1751 622 1810 loquar,
651 1748 811 1809 quibus
829 1748 1238 1793 excellentissimum
1258 1748 1553 1793 testimonium
1578 1748 1726 1795 divina

328 1837 434 1866 voce
458 1820 736 1881 perhibetur,
768 1835 869 1863 cum
905 1819 1017 1878 ipsas
1048 1817 1250 1863 foeminas
1285 1819 1384 1863 satis
1423 1817 1594 1864 eluceat
1615 1818 1724 1864 nihil

331 1892 451 1936 aliud
484 1893 530 1935 in
563 1890 801 1935 concubitu
825 1890 1035 1950 appetisse
1058 1905 1192 1950 quam
1215 1888 1361 1933 filios?
1389 1890 1564 1949 Quippe
1585 1889 1663 1934 ubi
1682 1905 1727 1935 se

331 1964 509 2008 minime
530 1978 681 2022 parere
703 1961 927 2015 viderunt,
954 1960 1139 2006 famulas
1159 1977 1255 2006 suas
1276 1960 1494 2006 dederunt
1514 1961 1607 2006 viro
1623 1976 1724 2014 suo,

332 2044 382 2080 ut
398 2034 491 2079 illas
514 2043 672 2078 matres
694 2031 887 2077 facerent
909 2048 1038 2077 carne
1054 2067 1066 2087 ,
1095 2033 1198 2092 ipsae
1220 2032 1375 2077 fierent
1391 2032 1634 2078 voluntate.

391 2107 551 2150 XLIX.
597 2107 705 2151 Nam
741 2114 784 2149 et
815 2103 924 2148 illud
942 2139 953 2159 ,
997 2104 1117 2164 quod
1156 2103 1483 2149 mendacissima
1520 2104 1727 2149 crimina-

334 2180 451 2223 tione
486 2180 673 2222 Faustus
710 2176 897 2237 objecit‚
934 2176 1134 2220 habuisse
1168 2177 1280 2220 inter
1309 2191 1353 2220 se
1383 2175 1507 2221 velut
1538 2185 1728 2237 quatuor

336 2257 476 2293 scorta
499 2258 720 2292 certamen
737 2282 748 2303 ‚
787 2262 989 2307 quaenam
1012 2262 1113 2291 eum
1135 2246 1189 2291 ad
1211 2246 1499 2293 concubitum
1527 2256 1697 2307 raperet
1713 2281 1724 2302 ‚

339 2321 414 2364 ubi
440 2321 521 2364 hoc
543 2319 696 2378 legerit
717 2320 885 2373 nescio,
909 2319 990 2363 nisi
1010 2318 1121 2363 forte
1142 2319 1187 2362 in
1204 2318 1336 2363 corde
1356 2334 1435 2363 suo
1454 2329 1662 2379 tanquam
1682 2319 1728 2362 in

336 2390 448 2434 libro
479 2390 742 2434 nefariarum
768 2388 1064 2444 fallaciarum,
1089 2389 1165 2433 ubi
1191 2405 1290 2434 vere
1312 2390 1402 2448 ipse
1424 2390 1724 2445 scortabatur,

332 2461 407 2507 sed
430 2477 530 2506 cum
558 2469 756 2520 serpente
783 2459 882 2515 illo,
909 2460 963 2504 de
987 2475 1075 2520 quo
1106 2459 1341 2519 Apostolus
1369 2460 1552 2505 timebat
1573 2459 1724 2506 Eccle-

379 2555 385 2571 ¹
405 2546 521 2589 Philip.
544 2557 572 2587 1,
599 2546 649 2577 15.
