1803 3250
295 195 349 234 86
733 199 766 228 s.
802 199 1033 230 Aucus-run
1055 201 1236 228 nnat-,01²1

293 271 433 314 Jesu¹.
463 265 657 310 Tradidit
689 274 732 309 et
752 264 872 320 alios,
908 274 958 310 ut
986 265 1200 311 discerent
1223 279 1312 310 non
1334 263 1674 324 blasphemare2.

294 343 462 397 Legunt
484 336 718 394 scripturas
739 336 1010 396 apocryphas
1041 336 1288 391 Manichaei,
1313 350 1336 379 a
1353 335 1498 379 nescio
1518 334 1680 395 quibus

291 408 511 453 sutoribus
543 406 795 451 fabularum
829 408 913 452 sub
939 407 1248 467 Apostolorum
1273 406 1450 451 nomine
1472 405 1680 465 scriptas:

291 494 391 539 quae
442 492 617 522 suorum
673 478 932 537 scriptorum
978 478 1246 538 temporibus
1288 477 1334 520 in
1377 476 1682 521 auctoritatem

288 559 446 594 sanctae
475 550 678 594 Ecclesiae
710 550 840 609 recipi
869 559 1155 605 mererentur,
1182 550 1214 593 si
1244 549 1379 593 sancti
1402 558 1445 593 et
1462 547 1581 593 docti
1598 548 1682 592 ho-

286 622 438 675 mines,
459 621 537 680 qui
558 630 663 664 tunc
682 620 728 664 in
751 621 831 664 hac
847 621 936 665 vita
958 630 1081 664 erant
1102 630 1145 664 et
1168 621 1412 664 examinare
1432 618 1533 664 talia
1554 627 1680 678 pote-

289 700 401 746 rant,
424 701 467 735 et
488 706 560 735 eos
579 706 678 735 vera
700 690 869 735 locutos
887 705 977 735 esse
994 700 1321 749 cognoscerent.
1350 691 1416 734 Ibi
1446 699 1592 734 tamen
1614 689 1681 733 le-

286 771 395 822 gunt
409 760 654 821 apostolum
671 762 900 815 Thomam‚
918 776 1019 805 cum
1038 770 1149 804 esset
1162 760 1205 804 in
1217 760 1407 820 quodam
1428 760 1681 819 nuptiarum

286 834 486 879 convivio
511 833 762 892 peregrinus
784 841 828 876 et
848 847 1023 891 prorsus
1045 832 1309 890 incognitus,
1333 847 1356 875 a
1379 830 1572 890 quodam
1595 831 1680 874 mi-

286 905 422 949 nistro
444 903 587 962 palma
611 916 880 961 percussum,
912 902 1202 960 imprecatum
1227 900 1358 944 fuisse
1380 901 1547 944 homini
1570 917 1680 945 con-

283 974 451 1018 tinuam
468 986 716 1032 saevamque
733 970 986 1015 vindictam.
1007 973 1118 1015 Nam
1131 986 1232 1015 cum
1249 985 1442 1029 egressus
1457 969 1609 1015 fuisset
1626 971 1682 1016 ad

283 1044 475 1098 fontem,
501 1043 618 1087 unde
641 1057 801 1102 aquam
822 1042 1156 1087 convivantibus
1180 1041 1464 1097 ministraret,
1490 1057 1589 1086 eum
1613 1041 1682 1086 leo

282 1117 450 1160 irruens
482 1114 719 1169 interemit,
752 1129 1021 1173 manumque
1053 1115 1165 1173 ejus,
1197 1128 1284 1173 qua
1317 1122 1450 1172 caput
1483 1112 1683 1175 Apostoli

283 1187 367 1231 levi
392 1186 484 1230 ictu
513 1194 798 1244 percusserat,
820 1200 842 1228 a
861 1200 1044 1244 corpore
1068 1184 1278 1239 avulsam,
1311 1186 1556 1230 secundum
1581 1200 1683 1229 ver-

287 1258 393 1302 bum
414 1254 610 1316 ejusdem
634 1255 831 1315 Apostoli
851 1255 897 1299 id
920 1256 1109 1315 optantis
1131 1265 1263 1317 atquc
1286 1256 1590 1316 imprecantis,
1612 1271 1685 1300 ca-

284 1329 351 1373 nis
372 1328 521 1372 intulit
542 1328 720 1382 mensis,
741 1328 787 1371 in
809 1328 970 1387 quibus
992 1328 1084 1387 ipse
1106 1327 1410 1372 discumbebat
1431 1326 1679 1386 Apostolus.

285 1400 401 1453 Quid
431 1400 515 1444 hoc
547 1398 686 1443 videri
712 1398 934 1443 crudelius
964 1401 1133 1458 potest?
1168 1401 1330 1443 Verum
1362 1399 1465 1459 quia
1497 1398 1577 1453 ibi,
1603 1398 1683 1442 nisi

284 1481 431 1516 tamen
453 1470 604 1525 fallor,
626 1471 710 1515 hoc
734 1470 865 1515 etiam
887 1471 1097 1529 scriptum
1119 1479 1204 1525 est,
1234 1469 1355 1531 quod
1378 1471 1418 1514 ei
1438 1471 1613 1515 veniam
1638 1471 1684 1514 in

285 1541 444 1587 saeculo
474 1541 628 1586 futuro
657 1541 875 1601 petiverit,
913 1539 1026 1586 facta
1058 1550 1121 1585 est
1153 1541 1451 1601 compensatio
1483 1541 1685 1586 beneficii

289 1613 486 1672 majoris:
510 1621 559 1656 ut
575 1621 619 1656 et
640 1611 874 1671 Apostolus
889 1626 1022 1671 quam
1037 1611 1195 1656 charus
1216 1614 1305 1655 Deo
1321 1620 1446 1665 esset,
1467 1626 1545 1670 per
1568 1612 1685 1656 hunc

286 1684 488 1728 timorem
509 1683 894 1727 commendaretur
916 1683 1092 1742 ignotis,
1129 1691 1174 1727 et
1201 1682 1264 1726 illi
1290 1692 1387 1742 post
1414 1683 1528 1727 hanc
1549 1683 1684 1727 vitam

286 1752 554 1814 quandoque
588 1752 828 1797 finiendam
855 1754 900 1797 in
934 1761 1147 1797 aeternum
1177 1753 1494 1797 consuleretur.
1528 1754 1686 1797 Utrum

284 1824 359 1870 illa
376 1839 477 1868 vera
494 1824 548 1868 sit
566 1834 642 1868 aut
658 1824 846 1868 conficta
865 1824 1070 1879 narratio,
1096 1824 1205 1868 nihil
1227 1839 1323 1868 mea
1346 1840 1464 1869 nunc
1488 1825 1680 1868 interest.

288 1897 417 1942 Certe
435 1895 553 1939 enim
568 1894 822 1950 Manichaei,
841 1910 865 1939 a
880 1895 1042 1955 quibus
1059 1894 1132 1939 ille
1148 1896 1390 1955 scripturae,
1410 1910 1519 1955 quas
1533 1896 1688 1940 Canon

291 1966 603 2011 ecclesiasticus
631 1967 818 2025 respuit,
852 1975 1064 2026 tanquam
1094 1982 1210 2011 verae
1239 1976 1371 2027 atque
1402 1967 1582 2011 sincerae
1616 1982 1689 2011 ac-

292 2045 540 2096 ceptantur,
571 2035 724 2080 saltem
758 2037 859 2081 hinc
893 2046 1113 2096 coguntur
1148 2035 1295 2093 fateri,
1327 2037 1535 2082 virtutem
1568 2035 1689 2080 illam

290 2107 528 2167 patientiae,
548 2122 682 2167 quam
701 2107 830 2152 docet
854 2108 1080 2163 Dominus,
1100 2107 1248 2152 dicens
1266 2127 1274 2153 :
1296 2127 1316 2150 «
1341 2109 1383 2153 Si
1400 2109 1498 2168 quis
1520 2117 1564 2152 te
1586 2122 1689 2167 per·

295 2196 315 2219 »
350 2178 530 2222 cusserit
550 2179 594 2222 in
612 2177 831 2222 maxillam
853 2187 975 2222 tuam
998 2178 1242 2233 dexteram,
1262 2180 1410 2238 praebe
1427 2178 1489 2223 illi
1507 2188 1550 2223 et
1566 2178 1691 2223 sinis-

297 2265 316 2289 »
352 2249 505 2303 tram³‚
531 2267 550 2290 »
574 2264 697 2308 posse
712 2264 802 2293 esse
824 2249 871 2293 in
891 2249 1206 2308 praeparatione
1224 2249 1381 2305 cordis,
1401 2250 1531 2294 etiam
1548 2250 1689 2294 sinon

292 2318 552 2363 exhibeatur
589 2330 712 2377 gestu
750 2319 943 2379 corporis
960 2354 970 2374 ‚
1016 2329 1060 2364 et
1096 2320 1370 2379 expressione
1420 2321 1654 2364 verborum
1676 2337 1684 2362 :

292 2388 653 2449 quandoquidem
676 2390 910 2451 Apostolus
933 2390 1076 2450 palma
1100 2405 1342 2449 percussuS,
1380 2389 1522 2448 potius
1547 2392 1686 2433 Deum

296 2460 476 2517 rogavit,
504 2469 551 2502 ut
575 2460 784 2517 injurioso
806 2461 973 2503 homini
996 2460 1041 2501 in
1063 2457 1214 2503 futuro
1234 2459 1395 2503 saeculo
1417 2468 1684 2518 parceretur,

348 2551 351 2563 ¹
381 2555 387 2572 ι
419 2527 491 2573 Cor.
518 2554 550 2581 v,
577 2543 594 2572 τ’)
629 2559 663 2563 -
689 2550 699 2563 ²
725 2554 733 2573 ι
757 2541 835 2573 Tim.
855 2553 878 2582 1,
898 2539 1023 2574 20.—3
1044 2542 1159 2574 Matth.
1180 2553 1210 2580 v,
1233 2543 1285 2584 39.
