1803 3250
305 236 384 272 488
745 243 776 269 s.
815 243 1043 270 AUGUSTINI
1069 242 1247 268 EPISCOP!

363 313 413 352 X.
454 309 524 350 lsti
556 322 672 359 saue,
712 321 900 366 quorum
934 305 1269 362 disputationem
1304 304 1444 361 accepi
1466 338 1475 353 ,
1504 303 1573 346 eui
1603 318 1689 345 res-

300 379 492 438 pondeo,
522 393 606 420 nou
632 377 794 420 audoin
817 376 930 420 idom
955 376 1097 419 ‹licei-0
1122 374 1284 418 factum
1311 389 1400 416 esse
1423 373 1541 431 quod
1568 374 1690 431 geui-

301 460 422 503 tuni3
463 457 505 490 ct
545 447 635 491 duo
670 449 746 491 ista
787 448 1063 497 discernunt,
1109 446 1204 487 «ita
1240 454 1288 487 ut.
1315 459 1337 486 a
1370 447 1493 486 Patre
1531 442 1689 485 Filium

299 519 493 577 genitum
514 516 679 571 dicant,
706 516 872 560 factum
896 531 999 560 vero
1022 532 1044 558 a
1067 514 1174 557 Filio
1200 514 1404 572 Spiritum
1422 522 1619 556 sanetum
1644 530 1688 555 ε»

292 587 422 642 Quod
455 589 500 631 in
540 587 771 646 Scripturis
804 587 962 631 sanctis
988 600 1203 645 nusquam
1234 585 1400 641 legunt,
1427 598 1525 628 oum
1554 581 1690 626 Filius

291 660 381 718 ipse
403 658 534 712 dicat,
560 658 681 718 quod
705 659 888 717 Spiritus
910 666 1084 701 sanctus
1107 671 1129 698 a
1150 659 1275 698 Patre
1301 654 1521 712 procedat.

358 732 437 772 Xl.
480 748 499 770 «
519 729 671 783 Filius,
699 728 923 787 inquiunt,
944 730 1112 769 Patrem
1129 724 1353 783 praedicat,
1374 725 1556 783 Spiritus
1572 738 1695 767 sanc-

299 811 366 845 tus
407 801 567 843 Filium
606 799 893 842 annuntiat.»
920 797 1052 850 Quasi
1082 812 1170 840 non
1203 796 1528 840 annuntiaverit
1563 795 1698 839 Filius

300 871 507 929 Spiritum
527 878 726 912 sanctum
746 883 836 910 esse
858 875 1110 919 venturum,
1137 876 1212 910 aut
1227 876 1271 910 et
1287 870 1414 910 Pater
1428 882 1517 910 nori
1538 866 1696 924 praedi-

297 941 457 985 caverit
485 938 658 992 Filium,
685 938 897 982 dicendo:
925 957 943 979 α
966 937 1044 981 Hic
1060 946 1123 980 est
1141 937 1276 982 Filius
1298 953 1418 980 meus
1447 936 1631 980 dilectus
1652 936 1697 979 in

303 1032 321 1051 n
348 1027 436 1070 quo
458 1010 567 1053 liene
590 1010 858 1069 complacui,
881 1010 1022 1068 ipsum
1043 1009 1190 1053 audite
1208 1012 1234 1051 ¹.
1257 1029 1275 1049 »

363 1085 461 1125 xil.
501 1085 561 1125 Ac
594 1097 669 1140 per
704 1082 788 1125 hoo
825 1097 912 1124 non
953 1080 1093 1125 solum
1134 1082 1270 1124 Patris
1306 1079 1484 1139 gloriam
1532 1079 1696 1132 Filius,

305 1168 458 1196 verum
479 1154 606 1195 etiam
634 1151 729 1195 Filii
756 1151 937 1210 gloriam
961 1151 1123 1195 revelat
1146 1154 1300 1195 Pater:
1328 1166 1407 1194 nec
1433 1149 1574 1193 solum
1603 1149 1698 1192 Filii

305 1225 489 1282 Spiritus
508 1233 695 1275 sanctus,
714 1222 789 1266 sed
804 1224 932 1267 etiam
952 1223 1086 1266 Filius
1102 1222 1347 1266 manifestat
1366 1222 1550 1280 Spiritus
1566 1221 1701 1264 sancti

303 1294 578 1351 dignitatem.

361 1368 484 1408 xiii.
523 1368 578 1408 Et
601 1365 699 1408 ideo
721 1366 833 1409 siout
855 1365 990 1408 Filius
1018 1366 1159 1417 Patri,
1191 1366 1248 1407 ita
1275 1373 1316 1406 et
1348 1367 1475 1406 Pater
1498 1361 1636 1419 Filio3
1663 1374 1707 1405 et

305 1437 415 1479 sicut
446 1436 629 1493 Spiritus
659 1445 833 1478 sanetus
859 1435 998 1489 Filio,
1031 1436 1090 1479 ita
1121 1444 1163 1478 et
1196 1433 1330 1477 Filius
1357 1434 1534 1492 Spiritui
1556 1442 1707 1477 sancto

310 1505 511 1563 perhibet
529 1505 840 1547 testimonium.

366 1576 483 1616 XIV.
509 1577 543 1616 Α
561 1577 688 1617 Patre
704 1584 849 1617 autem
868 1583 911 1617 et
929 1573 1041 1618 Filio
1056 1575 1210 1618 missus
1226 1584 1289 1619 est
1307 1575 1492 1633 Spiritus
1508 1583 1703 1619 sanctus:

304 1654 345 1687 et
367 1659 389 1686 a
415 1647 540 1686 Patre
563 1654 604 1687 et
631 1645 795 1702 Spiritu
818 1644 969 1687 missus
989 1653 1052 1688 est
1076 1644 1228 1687 Filius.

370 1716 466 1756 XV.
506 1714 668 1767 Filius,
713 1715 953 1774 inquiunt,
994 1715 1191 1759 minister
1222 1724 1286 1759 est
1320 1716 1457 1759 Patris
1481 1751 1492 1769 ,
1528 1716 1711 1774 Spiritus

311 1791 487 1827 sanctus
509 1785 704 1827 minister
725 1793 789 1828 est
812 1783 925 1828 Filii.
952 1787 1042 1830 Neo
1066 1784 1445 1845 attenduntoquod
1474 1786 1556 1829 isto
1580 1786 1710 1830 modo

310 1854 512 1898 meliores
547 1853 713 1899 faciunt
750 1855 913 1914 Spiritu
949 1865 1103 1900 sancto
1139 1855 1367 1915 Apostolos
1403 1866 1600 1912 sanctos3
1637 1859 1711 1917 qui

311 1942 413 1970 cum
434 1941 477 1969 se
500 1927 576 1969 Dei
602 1927 819 1970 ministros
838 1942 928 1971 esse
946 1927 1115 1982 dicunt,
1139 1943 1227 1971 non
1243 1943 1315 1972 eos
1330 1928 1482 1987 utique
1498 1928 1565 1972 isti
1582 1928 1710 1972 etiam

320 1997 397 2040 Dei
423 1996 558 2039 Patris
581 1997 799 2040 ministros
823 1997 1062 2055 negabunt.
1089 1999 1193 2057 Ejus
1214 1999 1377 2058 quippe
1400 1999 1583 2042 ministri
1612 1999 1714 2044 facti

319 2076 437 2121 sunt⁷
462 2068 506 2110 in
529 2069 652 2127 cujus
672 2068 848 2112 nomine
864 2068 994 2113 etiam
1020 2069 1315 2128 baptizarunt,
1335 2069 1381 2113 id
1396 2079 1476 2125 est⁷
1501 2071 1653 2125 Patris,
1672 2080 1714 2114 et

315 2139 433 2192 Filii,
470 2148 513 2182 et
547 2140 728 2198 Spiritus
761 2141 914 2183 sancti.
950 2145 1011 2184 Ac
1034 2156 1110 2199 per
1144 2142 1226 2184 hoo
1257 2140 1500 2185 secundum
1531 2142 1712 2186 istorum

314 2208 581 2268 vaniloquia,
607 2210 804 2254 meliores
826 2221 957 2255 erunt
974 2211 1194 2255 Trinitatis
1210 2212 1417 2268 ministri3
1439 2213 1470 2255 si
1487 2222 1713 2272 propterea

320 2281 458 2322 minor
480 2289 543 2322 est
570 2281 752 2339 Spiritus
775 2293 967 2337 sanctus,
990 2282 1092 2342 quia
1115 2282 1247 2326 solius
1264 2283 1460 2326 minister
1478 2293 1542 2327 est
1565 2283 1681 2327 Filii.

380 2354 492 2394 xvi.
535 2352 682 2402 Filius,
709 2354 942 2413 inquiunt,
965 2354 1145 2414 jubetur
1170 2371 1191 2397 a
1216 2358 1359 2409 Patre,
1388 2355 1571 2413 Spiritus
1591 2371 1715 2399 sanc-

321 2431 384 2463 tu÷
402 2422 583 2479 jubetur
602 2439 621 2465 a
650 2423 771 2466 Filio.
797 2427 1023 2483 Nusquam
1050 2425 1130 2467 hoc
1155 2426 1197 2467 iu
1226 2426 1456 2484 Scripturis
1478 2427 1634 2469 sanctis
1658 2426 1715 2470 le·

321 2502 429 2540 iiuut
464 2495 695 2552 :quamvis
730 2495 1010 2538 obedientem
1052 2495 1207 2538 Filium
1245 2495 1435 2553 legamus
1472 2495 1712 2540 secundum

406 2579 519 2607 ‘istil-r
545 2590 621 2613 Ἣειι,
671 2604 674 2608 .
