1803 3250
310 186 361 221 88
752 191 783 220 s.
822 193 1050 221 auous'rim
1085 194 1265 222 nmscom

306 261 500 306 otl'endat
534 274 720 304 errorem
739 262 756 303 P
780 259 965 316 Scilicet,
991 262 1091 321 quia
1114 261 1254 306 solent
1275 259 1379 304 dare
1401 275 1578 320 operam
1595 276 1691 306 me-

306 333 478 376 retrices
512 346 567 374 ne
600 329 788 389 gravidae
821 332 941 377 fiant.
981 332 1167 378 Proinde
1192 333 1280 377 istis
1304 331 1533 376 fornicaria
1558 333 1692 391 magis

303 416 559 461 permanens
582 399 783 461 placebat
816 412 864 448 ut
892 402 1024 447 deum
1051 404 1241 462 ipsorum
1266 419 1356 448 non
1372 402 1540 462 ligaret,
1561 418 1693 464 quam

250 481 257 486 '
304 473 432 516 unius
449 472 527 516 viri
546 473 659 517 facta
674 489 784 518 uxor
803 484 851 519 ut
869 484 1053 533 pareret.

361 546 563 589 LXXXI.
601 548 660 589 De
692 545 922 590 Salomone
954 555 1099 590 autem
1127 545 1234 606 quid
1268 545 1437 600 dicam,
1476 545 1556 589 nisi
1588 545 1691 606 quia

302 616 471 674 gravius
490 616 621 675 ipsius
637 615 774 661 fidelis
788 626 830 661 et
843 625 1002 661 sanctae
1022 617 1256 676 Scripturae
1274 616 1524 661 testimonio
1547 615 1696 660 redar-

302 688 465 746 guitur,
491 703 622 747 quam
645 687 944 747 petulantibus
962 697 1005 732 et
1028 688 1270 746 nugacibus
1294 687 1443 732 Fausti
1470 687 1697 732 conviciis?

303 758 382 803 Illa
404 758 520 803 enim
543 759 598 802 de
619 758 694 803 illo
712 759 876 819 etquid
898 759 1001 804 boni
1019 759 1138 818 prius
1150 759 1389 812 habuisset,
1410 758 1576 819 etquid
1593 758 1696 802 mali

304 829 503 873 faciendo
526 828 691 874 bonum
710 829 755 872 in
772 844 861 888 quo
876 830 1065 888 primum
1083 828 1227 873 fuerat
1253 829 1510 889 reliquisset,
1531 829 1697 873 veraci-

302 911 365 945 ter
383 900 657 958 fideliterque
679 899 826 943 locuta
848 901 960 943 est1:
1001 900 1080 943 iste
1102 909 1249 943 autem
1273 899 1410 943 oculis
1434 899 1604 953 clausis,
1629 899 1698 944 vel

301 972 446 1031 potius
469 971 689 1022 extinctis,
717 986 806 1015 non
833 986 923 1030 quo
939 970 1106 1014 lumine
1124 969 1431 1014 manifestante
1453 969 1700 1015 ducebatur

300 1042 406 1096 ibat,
435 1042 511 1085 sed
532 1057 621 1100 quo
645 1040 953 1086 malevolentia
981 1041 1282 1100 praecipitante
1309 1040 1530 1085 ferebatur
1557 1042 1698 1085 irrue-

304 1113 418 1156 bat‘2.
447 1114 540 1156 Hoc
560 1112 653 1170 ipso
673 1112 788 1155 enim
808 1112 942 1169 magis
965 1111 1297 1156 insinuaverunt
1319 1112 1455 1156 sancti
1477 1110 1576 1155 libri
1599 1111 1701 1155 reli-

303 1183 430 1241 giosis
452 1181 688 1225 lectoribus
710 1191 753 1226 et
774 1182 1036 1226 electoribus
1058 1182 1160 1236 suis,
1180 1197 1312 1241 quam
1330 1191 1445 1226 caste
1463 1182 1701 1226 habuerint

303 1254 440 1297 sancti
462 1252 542 1297 viri
565 1251 710 1311 plures
728 1267 910 1309 uxores,
941 1253 1060 1313 quod
1080 1252 1302 1308 Salomon,
1328 1253 1404 1312 qui
1427 1268 1495 1297 eas
1516 1269 1605 1297 non
1624 1252 1700 1298 illo

303 1326 452 1380 modo,
489 1324 564 1368 sed
595 1325 729 1382 magis
751 1324 804 1367 ad
828 1324 1056 1369 libidinem
1080 1340 1211 1384 quam
1236 1324 1289 1368 ad
1314 1326 1596 1384 propaginem
1619 1325 1700 1368 ha-

307 1397 417 1451 buit,
436 1396 707 1454 improbatus
725 1404 789 1439 est
806 1405 848 1439 et
864 1396 1151 1455 reprehensus
1172 1396 1237 1440 his
1257 1396 1414 1451 verbis,
1435 1405 1485 1440 ut
1507 1394 1701 1455 appella-

303 1476 421 1511 retur
453 1475 618 1511 amator
641 1465 924 1524 mulierum³3
950 1476 993 1511 et
1015 1467 1118 1511 inde
1140 1466 1195 1512 ad
1217 1465 1489 1527 profundum
1512 1465 1700 1512 idolola-

304 1537 394 1582 triae
430 1536 573 1596 lapsus
607 1547 739 1596 atque
772 1537 1012 1592 demersus,
1061 1537 1213 1581 eadem
1249 1538 1431 1583 veritate
1471 1553 1701 1597 personam

303 1608 467 1653 nullius
490 1617 744 1668 acceptante
767 1607 1040 1667 proderetur.

364 1681 589 1723 LXXXII.
610 1681 737 1724 Nunc
758 1694 861 1737 ergo
876 1679 966 1738 jam
984 1678 1254 1738 pertractatis
1268 1679 1462 1738 personis
1478 1679 1699 1735 omnibus,

305 1764 381 1809 per
412 1764 520 1810 quas
550 1752 735 1794 Faustus
771 1749 942 1808 putavit
969 1749 1212 1808 Scripturas
1241 1750 1408 1793 Veteris
1439 1751 1703 1795 Testamenti

306 1835 397 1864 esse
419 1818 675 1878 culpandas,
702 1818 963 1879 redditoque
986 1834 1064 1863 suo
1086 1819 1246 1879 cuique
1264 1834 1463 1863 sermone
1486 1835 1700 1879 congruo,

304 1907 393 1951 quo
427 1891 498 1936 vel
522 1890 688 1935 defensi
717 1900 820 1936 sunt
840 1891 1038 1935 homines
1067 1891 1144 1935 Dei
1172 1890 1375 1935 adversus
1397 1891 1702 1936 haereticorum

306 1962 635 2022 carnaliumque
667 1961 922 2017 calumnias,
949 1961 1017 2007 vel
1040 1963 1310 2022 reprehensis
1333 1963 1599 2019 hominibus,
1634 1973 1702 2007 ta-

303 2050 406 2078 men
440 2035 661 2094 Scriptura
690 2034 923 2079 laudabilis
954 2034 1306 2095 venerabilisque
1339 2044 1575 2080 monstrata
1608 2044 1698 2080 est:

305 2104 528 2149 videamus
561 2106 764 2165 deinceps
793 2121 843 2149 cx
874 2105 1048 2159 ordine,
1080 2122 1169 2166 quo
1191 2121 1263 2151 eos
1283 2106 1481 2150 homines
1516 2109 1705 2150 Faustus

306 2177 550 2221 accusando
563 2176 934 2231 commemoravit,
951 2176 1058 2236 quid
1072 2178 1200 2220 etiam
1216 2177 1462 2236 significent
1479 2177 1569 2236 ipsa
1588 2175 1702 2221 faeta

306 2247 556 2303 hominum,
591 2248 697 2308 quid
728 2248 969 2308 prophetiae
1002 2256 1177 2306 gerant,
1204 2263 1303 2307 quae
1327 2247 1476 2291 futura
1497 2262 1705 2306 praenun-

309 2318 415 2362 tient
436 2337 444 2362 :
469 2318 590 2377 quod
619 2320 709 2379 jam
739 2318 919 2371 fecimus
949 2317 1004 2362 de
1032 2318 1253 2362 Abraham
1278 2327 1321 2362 et
1342 2321 1459 2362 Isaac
1484 2327 1527 2360 et
1545 2316 1701 2370 Jacob,

307 2403 495 2448 quorum
525 2404 568 2433 sc
602 2392 714 2433 Deus
742 2390 801 2433 ita
830 2388 916 2433 dici
939 2389 1123 2443 voluit⁴‚
1149 2398 1353 2446 tanquam
1378 2385 1569 2431 solorum
1593 2396 1703 2431 esset

310 2462 437 2512 Deus,
463 2459 536 2517 qui
560 2461 669 2502 Deus
685 2470 747 2503 est
764 2460 977 2502 universae
995 2466 1204 2502 creaturae
1224 2477 1232 2502 ε
1258 2473 1348 2502 non
1369 2457 1530 2502 frustra
1547 2458 1702 2517 utique

360 2550 366 2564 ¹
390 2543 501 2583 311054.
523 2554 560 2574 ιιι
580 2547 609 2574 ct
632 2553 724 2574 xi.—
743 2549 753 2563 2
775 2541 873 2574 Eccli.
894 2552 986 2573 xnvn.
1001 2558 1042 2564 ——
1058 2540 1070 2565 3
1085 2542 1102 2573 3
1122 2544 1198 2583 Reg.
1214 2553 1257 2579 xi,
1282 2553 1309 2573 1.
1325 2559 1365 2565 -
1380 2540 1395 2567 Δ
1411 2542 1510 2576 Exod.
1532 2553 1580 2583 ιιι,
1601 2542 1651 2574 15.
