<?xml version="1.0" encoding="UTF-8"?>
<!DOCTYPE html PUBLIC "-//W3C//DTD XHTML 1.0 Transitional//EN"
    "http://www.w3.org/TR/xhtml1/DTD/xhtml1-transitional.dtd">
<html xmlns="http://www.w3.org/1999/xhtml" xml:lang="en" lang="en">
 <head>
  <title>
</title>
<meta http-equiv="Content-Type" content="text/html;charset=utf-8" />
  <meta name='ocr-system' content='tesseract 3.04.00' />
  <meta name='ocr-capabilities' content='ocr_page ocr_carea ocr_par ocr_line ocrx_word'/>
</head>
<body>
  <div class='ocr_page' id='page_1' title='image "./operaomniaaccura29auguuoft/operaomniaaccura29auguuoft_0190.png"; bbox 0 0 1803 3250; ppageno 0'>
   <div class='ocr_carea' id='block_1_1' title="bbox 344 208 1287 243">
    <p class='ocr_par' dir='ltr' id='par_1_1' title="bbox 344 208 1287 243">
     <span class='ocr_line' id='line_1_1' title="bbox 344 208 1287 243; baseline -0.003 0"><span class='ocrx_word' id='word_1_1' title='bbox 344 208 423 243; x_wconf 83' lang='lat'>180</span> <span class='ocrx_word' id='word_1_2' title='bbox 774 210 807 240; x_wconf 84' lang='lat' dir='ltr'>s.</span> <span class='ocrx_word' id='word_1_3' title='bbox 845 210 1073 242; x_wconf 69' lang='lat' dir='ltr'>mensum</span> <span class='ocrx_word' id='word_1_4' title='bbox 1108 213 1287 241; x_wconf 73' lang='lat' dir='ltr'>zmscom</span> 
     </span>
    </p>
   </div>
   <div class='ocr_carea' id='block_1_2' title="bbox 323 278 1724 2472">
    <p class='ocr_par' dir='ltr' id='par_1_2' title="bbox 338 278 1718 481">
     <span class='ocr_line' id='line_1_2' title="bbox 339 278 1714 333; baseline 0 -7"><span class='ocrx_word' id='word_1_5' title='bbox 339 281 601 326; x_wconf 77' lang='lat' dir='ltr'>annuntians</span> <span class='ocrx_word' id='word_1_6' title='bbox 625 278 679 322; x_wconf 82' lang='lat' dir='ltr'>ab</span> <span class='ocrx_word' id='word_1_7' title='bbox 702 279 902 324; x_wconf 87' lang='lat' dir='ltr'>universo</span> <span class='ocrx_word' id='word_1_8' title='bbox 919 280 1023 324; x_wconf 86' lang='lat' dir='ltr'>orbe</span> <span class='ocrx_word' id='word_1_9' title='bbox 1040 279 1324 333; x_wconf 83' lang='lat' dir='ltr'>anathemari,</span> <span class='ocrx_word' id='word_1_10' title='bbox 1345 282 1555 324; x_wconf 86' lang='lat' dir='ltr'>continuo</span> <span class='ocrx_word' id='word_1_11' title='bbox 1572 281 1714 326; x_wconf 82' lang='lat' dir='ltr'>dicat:</span> 
     </span>
     <span class='ocr_line' id='line_1_3' title="bbox 338 343 1718 411; baseline 0.001 -16"><span class='ocrx_word' id='word_1_12' title='bbox 338 373 357 395; x_wconf 87' lang='lat'>«</span> <span class='ocrx_word' id='word_1_13' title='bbox 385 355 477 397; x_wconf 88' lang='lat' dir='ltr'>Hoc</span> <span class='ocrx_word' id='word_1_14' title='bbox 499 358 563 394; x_wconf 89' lang='lat' dir='ltr'>est</span> <span class='ocrx_word' id='word_1_15' title='bbox 584 348 703 409; x_wconf 87' lang='lat' dir='ltr'>quod</span> <span class='ocrx_word' id='word_1_16' title='bbox 725 351 934 410; x_wconf 84' lang='lat' dir='ltr'>scriptum</span> <span class='ocrx_word' id='word_1_17' title='bbox 957 360 1020 396; x_wconf 85' lang='lat' dir='ltr'>est</span> <span class='ocrx_word' id='word_1_18' title='bbox 1041 370 1049 396; x_wconf 78' lang='lat' dir='ltr'><strong><em>z</em></strong></span> <span class='ocrx_word' id='word_1_19' title='bbox 1076 350 1268 397; x_wconf 84' lang='lat' dir='ltr'>Mundus</span> <span class='ocrx_word' id='word_1_20' title='bbox 1290 343 1389 395; x_wconf 85' lang='lat' dir='ltr'>eum</span> <span class='ocrx_word' id='word_1_21' title='bbox 1412 351 1605 411; x_wconf 85' lang='lat' dir='ltr'>accipere</span> <span class='ocrx_word' id='word_1_22' title='bbox 1629 368 1718 398; x_wconf 90' lang='lat' dir='ltr'>non</span> 
     </span>
     <span class='ocr_line' id='line_1_4' title="bbox 341 422 621 481; baseline 0 -19"><span class='ocrx_word' id='word_1_23' title='bbox 341 444 358 463; x_wconf 56' lang='grc' dir='ltr'>»ι</span> <span class='ocrx_word' id='word_1_24' title='bbox 384 424 546 481; x_wconf 87' lang='lat' dir='ltr'>potest¹</span> <span class='ocrx_word' id='word_1_25' title='bbox 564 422 581 462; x_wconf 70' lang='grc' dir='ltr'>ἵ)</span> <span class='ocrx_word' id='word_1_26' title='bbox 601 438 621 462; x_wconf 90' lang='lat'>»</span> 
     </span>
    </p>

    <p class='ocr_par' dir='ltr' id='par_1_3' title="bbox 323 493 1724 2472">
     <span class='ocr_line' id='line_1_5' title="bbox 390 493 1717 555; baseline 0.002 -19"><span class='ocrx_word' id='word_1_27' title='bbox 390 495 553 537; x_wconf 85' lang='lat' dir='ltr'>xvlll.</span> <span class='ocrx_word' id='word_1_28' title='bbox 592 493 716 538; x_wconf 89' lang='lat' dir='ltr'><strong>Unde</strong></span> <span class='ocrx_word' id='word_1_29' title='bbox 743 508 844 552; x_wconf 84' lang='lat' dir='ltr'>ergo</span> <span class='ocrx_word' id='word_1_30' title='bbox 872 495 1055 554; x_wconf 84' lang='lat' dir='ltr'>probare</span> <span class='ocrx_word' id='word_1_31' title='bbox 1076 495 1272 554; x_wconf 88' lang='lat' dir='ltr'>poteritis</span> <span class='ocrx_word' id='word_1_32' title='bbox 1294 495 1415 555; x_wconf 86' lang='lat' dir='ltr'>quod</span> <span class='ocrx_word' id='word_1_33' title='bbox 1438 510 1461 538; x_wconf 85' lang='lat' dir='ltr'>a</span> <span class='ocrx_word' id='word_1_34' title='bbox 1484 493 1608 538; x_wconf 87' lang='lat' dir='ltr'>vobis</span> <span class='ocrx_word' id='word_1_35' title='bbox 1628 495 1717 539; x_wconf 88' lang='lat' dir='ltr'>exi—</span> 
     </span>
     <span class='ocr_line' id='line_1_6' title="bbox 331 564 1717 626; baseline 0.001 -18"><span class='ocrx_word' id='word_1_36' title='bbox 331 565 462 623; x_wconf 84' lang='lat' dir='ltr'>gitur,</span> <span class='ocrx_word' id='word_1_37' title='bbox 488 564 760 609; x_wconf 78' lang='lat' dir='ltr'>Paracletum</span> <span class='ocrx_word' id='word_1_38' title='bbox 784 581 873 610; x_wconf 88' lang='lat' dir='ltr'>esse</span> <span class='ocrx_word' id='word_1_39' title='bbox 894 565 1036 617; x_wconf 81' lang='lat' dir='ltr'>illum,</span> <span class='ocrx_word' id='word_1_40' title='bbox 1058 582 1080 610; x_wconf 90' lang='lat' dir='ltr'>a</span> <span class='ocrx_word' id='word_1_41' title='bbox 1099 581 1188 626; x_wconf 87' lang='lat' dir='ltr'>quo</span> <span class='ocrx_word' id='word_1_42' title='bbox 1204 565 1413 611; x_wconf 83' lang='lat' dir='ltr'>didicistis</span> <span class='ocrx_word' id='word_1_43' title='bbox 1431 564 1551 625; x_wconf 86' lang='lat' dir='ltr'>quod</span> <span class='ocrx_word' id='word_1_44' title='bbox 1567 568 1717 610; x_wconf 84' lang='lat' dir='ltr'>Evan-</span> 
     </span>
     <span class='ocr_line' id='line_1_7' title="bbox 327 634 1715 696; baseline 0 -18"><span class='ocrx_word' id='word_1_45' title='bbox 327 634 462 693; x_wconf 82' lang='lat' dir='ltr'>gelica</span> <span class='ocrx_word' id='word_1_46' title='bbox 503 635 659 695; x_wconf 86' lang='lat' dir='ltr'>scripta</span> <span class='ocrx_word' id='word_1_47' title='bbox 686 651 776 680; x_wconf 90' lang='lat' dir='ltr'>non</span> <span class='ocrx_word' id='word_1_48' title='bbox 813 645 915 680; x_wconf 87' lang='lat' dir='ltr'>sunt</span> <span class='ocrx_word' id='word_1_49' title='bbox 952 637 1259 695; x_wconf 81' lang='lat' dir='ltr'>Apostolorum</span> <span class='ocrx_word' id='word_1_50' title='bbox 1287 638 1305 677; x_wconf 80' lang='lat'>‘?</span> <span class='ocrx_word' id='word_1_51' title='bbox 1347 636 1715 696; x_wconf 79' lang='lat' dir='ltr'>Quandoquidem</span> 
     </span>
     <span class='ocr_line' id='line_1_8' title="bbox 327 706 1719 766; baseline 0.001 -17"><span class='ocrx_word' id='word_1_52' title='bbox 327 706 457 750; x_wconf 84' lang='lat' dir='ltr'>etiam</span> <span class='ocrx_word' id='word_1_53' title='bbox 481 722 559 751; x_wconf 91' lang='lat' dir='ltr'>nos</span> <span class='ocrx_word' id='word_1_54' title='bbox 581 707 817 765; x_wconf 80' lang='lat' dir='ltr'>probamus</span> <span class='ocrx_word' id='word_1_55' title='bbox 841 722 930 751; x_wconf 91' lang='lat' dir='ltr'>non</span> <span class='ocrx_word' id='word_1_56' title='bbox 953 722 1041 750; x_wconf 88' lang='lat' dir='ltr'>esse</span> <span class='ocrx_word' id='word_1_57' title='bbox 1063 708 1333 751; x_wconf 80' lang='lat' dir='ltr'>Paracletum</span> <span class='ocrx_word' id='word_1_58' title='bbox 1356 707 1563 766; x_wconf 85' lang='lat' dir='ltr'>Spiritum</span> <span class='ocrx_word' id='word_1_59' title='bbox 1590 722 1719 751; x_wconf 84' lang='lat' dir='ltr'>sanc-</span> 
     </span>
     <span class='ocr_line' id='line_1_9' title="bbox 326 775 1718 837; baseline 0.001 -16"><span class='ocrx_word' id='word_1_60' title='bbox 326 786 436 830; x_wconf 86' lang='lat' dir='ltr'>tum,</span> <span class='ocrx_word' id='word_1_61' title='bbox 458 778 536 822; x_wconf 88' lang='lat' dir='ltr'>nisi</span> <span class='ocrx_word' id='word_1_62' title='bbox 555 778 630 837; x_wconf 90' lang='lat' dir='ltr'>qui</span> <span class='ocrx_word' id='word_1_63' title='bbox 648 780 751 822; x_wconf 58' lang='lat' dir='ltr'>„lesu</span> <span class='ocrx_word' id='word_1_64' title='bbox 774 776 1007 822; x_wconf 80' lang='lat' dir='ltr'>clarificato</span> <span class='ocrx_word' id='word_1_65' title='bbox 1033 791 1130 821; x_wconf 83' lang='lat' dir='ltr'>mox</span> <span class='ocrx_word' id='word_1_66' title='bbox 1152 777 1316 820; x_wconf 75' lang='lat' dir='ltr'>venit2.</span> <span class='ocrx_word' id='word_1_67' title='bbox 1346 775 1451 822; x_wconf 89' lang='lat' dir='ltr'>ldeo</span> <span class='ocrx_word' id='word_1_68' title='bbox 1472 777 1589 821; x_wconf 71' lang='lat' dir='ltr'>enim</span> <span class='ocrx_word' id='word_1_69' title='bbox 1606 793 1718 822; x_wconf 87' lang='lat' dir='ltr'>non-</span> 
     </span>
     <span class='ocr_line' id='line_1_10' title="bbox 324 847 1715 908; baseline 0 -15"><span class='ocrx_word' id='word_1_70' title='bbox 324 849 430 893; x_wconf 93' lang='lat' dir='ltr'>dum</span> <span class='ocrx_word' id='word_1_71' title='bbox 450 859 542 892; x_wconf 86' lang='lat' dir='ltr'>erat</span> <span class='ocrx_word' id='word_1_72' title='bbox 563 848 690 893; x_wconf 83' lang='lat' dir='ltr'>datus</span> <span class='ocrx_word' id='word_1_73' title='bbox 706 883 716 903; x_wconf 86' lang='lat'><strong>‚</strong></span> <span class='ocrx_word' id='word_1_74' title='bbox 742 849 843 908; x_wconf 85' lang='lat' dir='ltr'>quia</span> <span class='ocrx_word' id='word_1_75' title='bbox 873 847 1073 892; x_wconf 89' lang='lat' dir='ltr'>nondum</span> <span class='ocrx_word' id='word_1_76' title='bbox 1093 851 1215 893; x_wconf 82' lang='lat' dir='ltr'>Jesus</span> <span class='ocrx_word' id='word_1_77' title='bbox 1245 847 1386 893; x_wconf 85' lang='lat' dir='ltr'>fuerat</span> <span class='ocrx_word' id='word_1_78' title='bbox 1410 849 1715 894; x_wconf 38' lang='lat' dir='ltr'>clarificatus&amp;</span> 
     </span>
     <span class='ocr_line' id='line_1_11' title="bbox 326 918 1716 977; baseline 0.001 -15"><span class='ocrx_word' id='word_1_79' title='bbox 326 920 565 963; x_wconf 87' lang='lat' dir='ltr'>Probamus</span> <span class='ocrx_word' id='word_1_80' title='bbox 593 920 723 962; x_wconf 81' lang='lat' dir='ltr'>etiam</span> <span class='ocrx_word' id='word_1_81' title='bbox 755 919 898 977; x_wconf 88' lang='lat' dir='ltr'>ipsum</span> <span class='ocrx_word' id='word_1_82' title='bbox 933 918 1142 963; x_wconf 83' lang='lat' dir='ltr'>inducere</span> <span class='ocrx_word' id='word_1_83' title='bbox 1175 920 1221 963; x_wconf 91' lang='lat' dir='ltr'>in</span> <span class='ocrx_word' id='word_1_84' title='bbox 1253 935 1428 964; x_wconf 87' lang='lat' dir='ltr'>omnem</span> <span class='ocrx_word' id='word_1_85' title='bbox 1459 921 1716 965; x_wconf 85' lang='lat' dir='ltr'>veritatem:</span> 
     </span>
     <span class='ocr_line' id='line_1_12' title="bbox 324 988 1721 1050; baseline 0.003 -18"><span class='ocrx_word' id='word_1_86' title='bbox 324 990 426 1049; x_wconf 81' lang='lat' dir='ltr'>quia</span> <span class='ocrx_word' id='word_1_87' title='bbox 447 1005 537 1033; x_wconf 88' lang='lat' dir='ltr'>non</span> <span class='ocrx_word' id='word_1_88' title='bbox 560 988 748 1033; x_wconf 84' lang='lat' dir='ltr'>intratur</span> <span class='ocrx_word' id='word_1_89' title='bbox 770 989 815 1032; x_wconf 94' lang='lat' dir='ltr'>in</span> <span class='ocrx_word' id='word_1_90' title='bbox 833 989 1057 1033; x_wconf 80' lang='lat' dir='ltr'>veritatem</span> <span class='ocrx_word' id='word_1_91' title='bbox 1076 990 1156 1034; x_wconf 88' lang='lat' dir='ltr'>nisi</span> <span class='ocrx_word' id='word_1_92' title='bbox 1175 1005 1251 1050; x_wconf 90' lang='lat' dir='ltr'>per</span> <span class='ocrx_word' id='word_1_93' title='bbox 1268 992 1521 1035; x_wconf 83' lang='lat' dir='ltr'>charitatem</span> <span class='ocrx_word' id='word_1_94' title='bbox 1541 1010 1549 1035; x_wconf 92' lang='lat'>:</span> <span class='ocrx_word' id='word_1_95' title='bbox 1573 992 1721 1037; x_wconf 83' lang='lat' dir='ltr'>«Cha-</span> 
     </span>
     <span class='ocr_line' id='line_1_13' title="bbox 323 1059 1718 1120; baseline 0.004 -19"><span class='ocrx_word' id='word_1_96' title='bbox 323 1078 343 1101; x_wconf 83' lang='lat'>»</span> <span class='ocrx_word' id='word_1_97' title='bbox 370 1061 470 1104; x_wconf 84' lang='lat' dir='ltr'>ritas</span> <span class='ocrx_word' id='word_1_98' title='bbox 501 1069 648 1105; x_wconf 86' lang='lat' dir='ltr'>autem</span> <span class='ocrx_word' id='word_1_99' title='bbox 681 1059 756 1103; x_wconf 89' lang='lat' dir='ltr'>Dei</span> <span class='ocrx_word' id='word_1_100' title='bbox 782 1059 940 1104; x_wconf 68' lang='lat' dir='ltr'>diffsusa</span> <span class='ocrx_word' id='word_1_101' title='bbox 964 1068 1054 1115; x_wconf 87' lang='lat' dir='ltr'>est,</span> <span class='ocrx_word' id='word_1_102' title='bbox 1081 1061 1141 1104; x_wconf 86' lang='lat' dir='ltr'>ait</span> <span class='ocrx_word' id='word_1_103' title='bbox 1166 1061 1423 1120; x_wconf 83' lang='lat' dir='ltr'>Apostolus,</span> <span class='ocrx_word' id='word_1_104' title='bbox 1450 1062 1494 1105; x_wconf 92' lang='lat' dir='ltr'>in</span> <span class='ocrx_word' id='word_1_105' title='bbox 1512 1061 1718 1107; x_wconf 77' lang='lat' dir='ltr'>cordibus</span> 
     </span>
     <span class='ocr_line' id='line_1_14' title="bbox 324 1130 1715 1190; baseline 0.001 -18"><span class='ocrx_word' id='word_1_106' title='bbox 324 1150 345 1173; x_wconf 89' lang='lat'>»</span> <span class='ocrx_word' id='word_1_107' title='bbox 372 1132 554 1187; x_wconf 82' lang='lat' dir='ltr'>nostris,</span> <span class='ocrx_word' id='word_1_108' title='bbox 581 1146 657 1190; x_wconf 86' lang='lat' dir='ltr'>per</span> <span class='ocrx_word' id='word_1_109' title='bbox 681 1130 890 1190; x_wconf 85' lang='lat' dir='ltr'>Spiritum</span> <span class='ocrx_word' id='word_1_110' title='bbox 913 1140 1112 1175; x_wconf 85' lang='lat' dir='ltr'>sanctum</span> <span class='ocrx_word' id='word_1_111' title='bbox 1145 1132 1222 1190; x_wconf 82' lang='lat' dir='ltr'>qui</span> <span class='ocrx_word' id='word_1_112' title='bbox 1255 1132 1379 1176; x_wconf 88' lang='lat' dir='ltr'>datus</span> <span class='ocrx_word' id='word_1_113' title='bbox 1407 1141 1470 1177; x_wconf 82' lang='lat' dir='ltr'>est</span> <span class='ocrx_word' id='word_1_114' title='bbox 1493 1133 1618 1177; x_wconf 89' lang='lat' dir='ltr'>nobis</span> <span class='ocrx_word' id='word_1_115' title='bbox 1635 1135 1667 1177; x_wconf 73' lang='lat'>⁴.</span> <span class='ocrx_word' id='word_1_116' title='bbox 1700 1155 1715 1174; x_wconf 68' lang='lat' dir='ltr'>n</span> 
     </span>
     <span class='ocr_line' id='line_1_15' title="bbox 326 1201 1719 1264; baseline 0 -16"><span class='ocrx_word' id='word_1_117' title='bbox 326 1206 539 1248; x_wconf 85' lang='lat' dir='ltr'>Docemus</span> <span class='ocrx_word' id='word_1_118' title='bbox 561 1203 690 1247; x_wconf 84' lang='lat' dir='ltr'>etiam</span> <span class='ocrx_word' id='word_1_119' title='bbox 714 1217 804 1246; x_wconf 89' lang='lat' dir='ltr'>non</span> <span class='ocrx_word' id='word_1_120' title='bbox 826 1201 979 1246; x_wconf 83' lang='lat' dir='ltr'>dixisse</span> <span class='ocrx_word' id='word_1_121' title='bbox 1003 1202 1189 1246; x_wconf 87' lang='lat' dir='ltr'>Paulum</span> <span class='ocrx_word' id='word_1_122' title='bbox 1209 1219 1220 1246; x_wconf 90' lang='lat'>:</span> <span class='ocrx_word' id='word_1_123' title='bbox 1248 1222 1268 1245; x_wconf 92' lang='lat'>«</span> <span class='ocrx_word' id='word_1_124' title='bbox 1290 1206 1401 1249; x_wconf 90' lang='lat' dir='ltr'>Cum</span> <span class='ocrx_word' id='word_1_125' title='bbox 1417 1205 1584 1248; x_wconf 88' lang='lat' dir='ltr'>venerit</span> <span class='ocrx_word' id='word_1_126' title='bbox 1599 1204 1719 1264; x_wconf 84' lang='lat' dir='ltr'>quod</span> 
     </span>
     <span class='ocr_line' id='line_1_16' title="bbox 327 1272 1715 1335; baseline 0.003 -20"><span class='ocrx_word' id='word_1_127' title='bbox 327 1295 345 1315; x_wconf 64' lang='lat' dir='ltr'>n</span> <span class='ocrx_word' id='word_1_128' title='bbox 372 1273 615 1334; x_wconf 87' lang='lat' dir='ltr'>perfectum</span> <span class='ocrx_word' id='word_1_129' title='bbox 641 1282 719 1329; x_wconf 79' lang='lat' dir='ltr'>est,</span> <span class='ocrx_word' id='word_1_130' title='bbox 735 1292 754 1314; x_wconf 72' lang='lat' dir='ltr'>n</span> <span class='ocrx_word' id='word_1_131' title='bbox 779 1273 860 1317; x_wconf 88' lang='lat' dir='ltr'>nisi</span> <span class='ocrx_word' id='word_1_132' title='bbox 882 1272 936 1316; x_wconf 93' lang='lat' dir='ltr'>de</span> <span class='ocrx_word' id='word_1_133' title='bbox 960 1272 1338 1332; x_wconf 85' lang='lat' dir='ltr'>perfectioneilla‚</span> <span class='ocrx_word' id='word_1_134' title='bbox 1358 1291 1456 1335; x_wconf 81' lang='lat' dir='ltr'>quae</span> <span class='ocrx_word' id='word_1_135' title='bbox 1471 1276 1516 1319; x_wconf 92' lang='lat' dir='ltr'>in</span> <span class='ocrx_word' id='word_1_136' title='bbox 1532 1290 1715 1335; x_wconf 86' lang='lat' dir='ltr'>percep-</span> 
     </span>
     <span class='ocr_line' id='line_1_17' title="bbox 324 1345 1718 1406; baseline 0.001 -17"><span class='ocrx_word' id='word_1_137' title='bbox 324 1345 441 1389; x_wconf 87' lang='lat' dir='ltr'>tione</span> <span class='ocrx_word' id='word_1_138' title='bbox 472 1346 573 1389; x_wconf 78' lang='lat' dir='ltr'>vitae</span> <span class='ocrx_word' id='word_1_139' title='bbox 602 1353 777 1389; x_wconf 82' lang='lat' dir='ltr'>aeternae</span> <span class='ocrx_word' id='word_1_140' title='bbox 814 1345 963 1388; x_wconf 75' lang='lat' dir='ltr'>futura</span> <span class='ocrx_word' id='word_1_141' title='bbox 1005 1353 1084 1388; x_wconf 88' lang='lat' dir='ltr'>est.</span> <span class='ocrx_word' id='word_1_142' title='bbox 1111 1347 1205 1389; x_wconf 85' lang='lat' dir='ltr'>Hoc</span> <span class='ocrx_word' id='word_1_143' title='bbox 1235 1346 1353 1389; x_wconf 90' lang='lat' dir='ltr'>enim</span> <span class='ocrx_word' id='word_1_144' title='bbox 1391 1361 1493 1390; x_wconf 91' lang='lat' dir='ltr'>cum</span> <span class='ocrx_word' id='word_1_145' title='bbox 1515 1345 1718 1406; x_wconf 89' lang='lat' dir='ltr'>loquere-</span> 
     </span>
     <span class='ocr_line' id='line_1_18' title="bbox 325 1414 1717 1475; baseline 0 -15"><span class='ocrx_word' id='word_1_146' title='bbox 325 1424 396 1460; x_wconf 90' lang='lat' dir='ltr'>tur</span> <span class='ocrx_word' id='word_1_147' title='bbox 429 1435 438 1461; x_wconf 79' lang='lat'>2</span> <span class='ocrx_word' id='word_1_148' title='bbox 479 1415 723 1460; x_wconf 84' lang='lat' dir='ltr'>«Videmus</span> <span class='ocrx_word' id='word_1_149' title='bbox 760 1414 898 1469; x_wconf 87' lang='lat' dir='ltr'>enim,</span> <span class='ocrx_word' id='word_1_150' title='bbox 934 1415 1104 1474; x_wconf 78' lang='lat' dir='ltr'>inquit,</span> <span class='ocrx_word' id='word_1_151' title='bbox 1145 1430 1263 1459; x_wconf 89' lang='lat' dir='ltr'>nunc</span> <span class='ocrx_word' id='word_1_152' title='bbox 1304 1430 1379 1474; x_wconf 89' lang='lat' dir='ltr'>per</span> <span class='ocrx_word' id='word_1_153' title='bbox 1414 1416 1640 1475; x_wconf 85' lang='lat' dir='ltr'>speculum</span> <span class='ocrx_word' id='word_1_154' title='bbox 1675 1417 1717 1460; x_wconf 86' lang='lat' dir='ltr'>in</span> 
     </span>
     <span class='ocr_line' id='line_1_19' title="bbox 327 1484 1714 1546; baseline 0.003 -18"><span class='ocrx_word' id='word_1_155' title='bbox 327 1505 347 1528; x_wconf 87' lang='lat'>»</span> <span class='ocrx_word' id='word_1_156' title='bbox 372 1487 629 1546; x_wconf 68' lang='lat' dir='ltr'>aenigmate,</span> <span class='ocrx_word' id='word_1_157' title='bbox 656 1495 762 1530; x_wconf 83' lang='lat' dir='ltr'>tunc</span> <span class='ocrx_word' id='word_1_158' title='bbox 795 1495 941 1530; x_wconf 86' lang='lat' dir='ltr'>autem</span> <span class='ocrx_word' id='word_1_159' title='bbox 974 1484 1084 1530; x_wconf 79' lang='lat' dir='ltr'>facie</span> <span class='ocrx_word' id='word_1_160' title='bbox 1111 1485 1165 1530; x_wconf 89' lang='lat' dir='ltr'>ad</span> <span class='ocrx_word' id='word_1_161' title='bbox 1188 1486 1342 1530; x_wconf 83' lang='lat' dir='ltr'>faciem</span> <span class='ocrx_word' id='word_1_162' title='bbox 1361 1489 1392 1529; x_wconf 88' lang='lat'>⁵.</span> <span class='ocrx_word' id='word_1_163' title='bbox 1425 1507 1441 1528; x_wconf 90' lang='lat'>»</span> <span class='ocrx_word' id='word_1_164' title='bbox 1470 1487 1551 1532; x_wconf 91' lang='lat' dir='ltr'>Hic</span> <span class='ocrx_word' id='word_1_165' title='bbox 1578 1496 1714 1543; x_wconf 83' lang='lat' dir='ltr'>certe,</span> 
     </span>
     <span class='ocr_line' id='line_1_20' title="bbox 325 1555 1719 1617; baseline 0 -15"><span class='ocrx_word' id='word_1_166' title='bbox 325 1558 405 1602; x_wconf 89' lang='lat' dir='ltr'>nisi</span> <span class='ocrx_word' id='word_1_167' title='bbox 427 1567 574 1617; x_wconf 82' lang='lat' dir='ltr'>aperte</span> <span class='ocrx_word' id='word_1_168' title='bbox 602 1557 789 1601; x_wconf 84' lang='lat' dir='ltr'>insanire</span> <span class='ocrx_word' id='word_1_169' title='bbox 811 1556 1032 1601; x_wconf 87' lang='lat' dir='ltr'>volueritis</span> <span class='ocrx_word' id='word_1_170' title='bbox 1049 1591 1059 1610; x_wconf 90' lang='lat'>‚</span> <span class='ocrx_word' id='word_1_171' title='bbox 1086 1555 1331 1600; x_wconf 79' lang='lat' dir='ltr'>fatebimini</span> <span class='ocrx_word' id='word_1_172' title='bbox 1361 1573 1449 1602; x_wconf 87' lang='lat' dir='ltr'>non</span> <span class='ocrx_word' id='word_1_173' title='bbox 1473 1573 1547 1602; x_wconf 89' lang='lat' dir='ltr'>vos</span> <span class='ocrx_word' id='word_1_174' title='bbox 1570 1558 1719 1603; x_wconf 86' lang='lat' dir='ltr'>videre</span> 
     </span>
     <span class='ocr_line' id='line_1_21' title="bbox 325 1627 1715 1689; baseline 0 -16"><span class='ocrx_word' id='word_1_175' title='bbox 325 1631 464 1673; x_wconf 90' lang='lat' dir='ltr'>Deum</span> <span class='ocrx_word' id='word_1_176' title='bbox 488 1628 598 1673; x_wconf 80' lang='lat' dir='ltr'>facie</span> <span class='ocrx_word' id='word_1_177' title='bbox 621 1628 676 1672; x_wconf 84' lang='lat' dir='ltr'>ad</span> <span class='ocrx_word' id='word_1_178' title='bbox 698 1627 872 1672; x_wconf 85' lang='lat' dir='ltr'>faeiem.</span> <span class='ocrx_word' id='word_1_179' title='bbox 897 1629 994 1673; x_wconf 93' lang='lat' dir='ltr'>Non</span> <span class='ocrx_word' id='word_1_180' title='bbox 1014 1642 1117 1686; x_wconf 82' lang='lat' dir='ltr'>ergo</span> <span class='ocrx_word' id='word_1_181' title='bbox 1138 1627 1192 1672; x_wconf 88' lang='lat' dir='ltr'>ad</span> <span class='ocrx_word' id='word_1_182' title='bbox 1214 1643 1289 1673; x_wconf 93' lang='lat' dir='ltr'>vos</span> <span class='ocrx_word' id='word_1_183' title='bbox 1311 1629 1431 1673; x_wconf 86' lang='lat' dir='ltr'>venit</span> <span class='ocrx_word' id='word_1_184' title='bbox 1460 1628 1571 1673; x_wconf 91' lang='lat' dir='ltr'>illud</span> <span class='ocrx_word' id='word_1_185' title='bbox 1594 1630 1715 1689; x_wconf 91' lang='lat' dir='ltr'>quod</span> 
     </span>
     <span class='ocr_line' id='line_1_22' title="bbox 325 1699 1718 1760; baseline 0.001 -15"><span class='ocrx_word' id='word_1_186' title='bbox 325 1700 568 1759; x_wconf 87' lang='lat' dir='ltr'>perfectum</span> <span class='ocrx_word' id='word_1_187' title='bbox 585 1709 662 1745; x_wconf 88' lang='lat' dir='ltr'>est.</span> <span class='ocrx_word' id='word_1_188' title='bbox 689 1702 784 1745; x_wconf 89' lang='lat' dir='ltr'>Hoc</span> <span class='ocrx_word' id='word_1_189' title='bbox 798 1699 914 1743; x_wconf 89' lang='lat' dir='ltr'>enim</span> <span class='ocrx_word' id='word_1_190' title='bbox 936 1699 1069 1744; x_wconf 91' lang='lat' dir='ltr'>modo</span> <span class='ocrx_word' id='word_1_191' title='bbox 1092 1699 1218 1758; x_wconf 84' lang='lat' dir='ltr'>plane</span> <span class='ocrx_word' id='word_1_192' title='bbox 1241 1699 1350 1760; x_wconf 90' lang='lat' dir='ltr'>quid</span> <span class='ocrx_word' id='word_1_193' title='bbox 1371 1699 1426 1745; x_wconf 90' lang='lat' dir='ltr'>de</span> <span class='ocrx_word' id='word_1_194' title='bbox 1440 1701 1522 1746; x_wconf 89' lang='lat' dir='ltr'>hac</span> <span class='ocrx_word' id='word_1_195' title='bbox 1548 1716 1595 1746; x_wconf 87' lang='lat' dir='ltr'>re</span> <span class='ocrx_word' id='word_1_196' title='bbox 1619 1716 1718 1746; x_wconf 87' lang='lat' dir='ltr'>sen-</span> 
     </span>
     <span class='ocr_line' id='line_1_23' title="bbox 326 1770 1718 1832; baseline 0.001 -15"><span class='ocrx_word' id='word_1_197' title='bbox 326 1773 445 1829; x_wconf 82' lang='lat' dir='ltr'>serit,</span> <span class='ocrx_word' id='word_1_198' title='bbox 462 1773 561 1818; x_wconf 81' lang='lat' dir='ltr'>satis</span> <span class='ocrx_word' id='word_1_199' title='bbox 578 1770 811 1832; x_wconf 77' lang='lat' dir='ltr'>Apostolus</span> <span class='ocrx_word' id='word_1_200' title='bbox 826 1771 1055 1831; x_wconf 85' lang='lat' dir='ltr'>explicavit</span> <span class='ocrx_word' id='word_1_201' title='bbox 1077 1790 1085 1816; x_wconf 91' lang='lat'>:</span> <span class='ocrx_word' id='word_1_202' title='bbox 1107 1787 1187 1816; x_wconf 91' lang='lat' dir='ltr'>nec</span> <span class='ocrx_word' id='word_1_203' title='bbox 1203 1771 1400 1817; x_wconf 89' lang='lat' dir='ltr'>futurum</span> <span class='ocrx_word' id='word_1_204' title='bbox 1419 1782 1482 1817; x_wconf 91' lang='lat' dir='ltr'>est</span> <span class='ocrx_word' id='word_1_205' title='bbox 1496 1774 1580 1818; x_wconf 90' lang='lat' dir='ltr'>hoc</span> <span class='ocrx_word' id='word_1_206' title='bbox 1597 1789 1718 1818; x_wconf 84' lang='lat' dir='ltr'>sanc-</span> 
     </span>
     <span class='ocr_line' id='line_1_24' title="bbox 328 1841 1712 1903; baseline 0.001 -15"><span class='ocrx_word' id='word_1_207' title='bbox 328 1846 380 1888; x_wconf 87' lang='lat' dir='ltr'>tis</span> <span class='ocrx_word' id='word_1_208' title='bbox 401 1879 411 1899; x_wconf 83' lang='lat'>‚</span> <span class='ocrx_word' id='word_1_209' title='bbox 447 1844 528 1889; x_wconf 91' lang='lat' dir='ltr'>nisi</span> <span class='ocrx_word' id='word_1_210' title='bbox 550 1858 651 1889; x_wconf 90' lang='lat' dir='ltr'>cum</span> <span class='ocrx_word' id='word_1_211' title='bbox 680 1841 844 1887; x_wconf 82' lang='lat' dir='ltr'>sactum</span> <span class='ocrx_word' id='word_1_212' title='bbox 879 1841 1012 1886; x_wconf 85' lang='lat' dir='ltr'>fuerit</span> <span class='ocrx_word' id='word_1_213' title='bbox 1039 1842 1159 1903; x_wconf 87' lang='lat' dir='ltr'>quod</span> <span class='ocrx_word' id='word_1_214' title='bbox 1190 1843 1319 1887; x_wconf 84' lang='lat' dir='ltr'>etiam</span> <span class='ocrx_word' id='word_1_215' title='bbox 1353 1846 1542 1889; x_wconf 68' lang='lat' dir='ltr'>,loannes</span> <span class='ocrx_word' id='word_1_216' title='bbox 1577 1843 1712 1890; x_wconf 87' lang='lat' dir='ltr'>dicit:</span> 
     </span>
     <span class='ocr_line' id='line_1_25' title="bbox 327 1913 1714 1975; baseline 0.002 -18"><span class='ocrx_word' id='word_1_217' title='bbox 327 1934 348 1957; x_wconf 88' lang='lat'>»</span> <span class='ocrx_word' id='word_1_218' title='bbox 375 1914 473 1960; x_wconf 89' lang='lat' dir='ltr'>Filii</span> <span class='ocrx_word' id='word_1_219' title='bbox 507 1915 584 1960; x_wconf 89' lang='lat' dir='ltr'>Dei</span> <span class='ocrx_word' id='word_1_220' title='bbox 617 1929 792 1968; x_wconf 81' lang='lat' dir='ltr'>sumus,</span> <span class='ocrx_word' id='word_1_221' title='bbox 834 1922 878 1958; x_wconf 89' lang='lat' dir='ltr'>et</span> <span class='ocrx_word' id='word_1_222' title='bbox 910 1913 1109 1958; x_wconf 91' lang='lat' dir='ltr'>nondum</span> <span class='ocrx_word' id='word_1_223' title='bbox 1146 1916 1347 1975; x_wconf 85' lang='lat' dir='ltr'>apparuit</span> <span class='ocrx_word' id='word_1_224' title='bbox 1383 1916 1486 1975; x_wconf 85' lang='lat' dir='ltr'>quid</span> <span class='ocrx_word' id='word_1_225' title='bbox 1527 1916 1714 1975; x_wconf 73' lang='lat' dir='ltr'>erimus3</span> 
     </span>
     <span class='ocr_line' id='line_1_26' title="bbox 328 1984 1724 2045; baseline 0.003 -18"><span class='ocrx_word' id='word_1_226' title='bbox 328 2004 349 2027; x_wconf 85' lang='lat'>»</span> <span class='ocrx_word' id='word_1_227' title='bbox 374 1986 533 2030; x_wconf 90' lang='lat' dir='ltr'>scimus</span> <span class='ocrx_word' id='word_1_228' title='bbox 556 1994 702 2030; x_wconf 87' lang='lat' dir='ltr'>autem</span> <span class='ocrx_word' id='word_1_229' title='bbox 731 1985 832 2044; x_wconf 86' lang='lat' dir='ltr'>quia</span> <span class='ocrx_word' id='word_1_230' title='bbox 864 1999 964 2029; x_wconf 89' lang='lat' dir='ltr'>cum</span> <span class='ocrx_word' id='word_1_231' title='bbox 988 1985 1264 2045; x_wconf 82' lang='lat' dir='ltr'>apparuerit,</span> <span class='ocrx_word' id='word_1_232' title='bbox 1290 1984 1447 2030; x_wconf 89' lang='lat' dir='ltr'>similes</span> <span class='ocrx_word' id='word_1_233' title='bbox 1470 1986 1509 2030; x_wconf 90' lang='lat' dir='ltr'>ei</span> <span class='ocrx_word' id='word_1_234' title='bbox 1527 1986 1686 2032; x_wconf 87' lang='lat' dir='ltr'>erimus</span> <span class='ocrx_word' id='word_1_235' title='bbox 1701 2022 1724 2041; x_wconf 19' lang='lat'>‚⁷</span> 
     </span>
     <span class='ocr_line' id='line_1_27' title="bbox 327 2055 1715 2117; baseline 0.003 -20"><span class='ocrx_word' id='word_1_236' title='bbox 327 2075 347 2097; x_wconf 85' lang='lat'>»</span> <span class='ocrx_word' id='word_1_237' title='bbox 373 2057 581 2117; x_wconf 85' lang='lat' dir='ltr'>quoniam</span> <span class='ocrx_word' id='word_1_238' title='bbox 615 2055 863 2101; x_wconf 90' lang='lat' dir='ltr'>videbimus</span> <span class='ocrx_word' id='word_1_239' title='bbox 896 2070 996 2100; x_wconf 92' lang='lat' dir='ltr'>eum</span> <span class='ocrx_word' id='word_1_240' title='bbox 1028 2056 1154 2100; x_wconf 89' lang='lat' dir='ltr'>sicuti</span> <span class='ocrx_word' id='word_1_241' title='bbox 1178 2059 1267 2100; x_wconf 79' lang='lat' dir='ltr'>est⁶</span> <span class='ocrx_word' id='word_1_242' title='bbox 1290 2075 1299 2102; x_wconf 79' lang='lat'>2</span> <span class='ocrx_word' id='word_1_243' title='bbox 1323 2074 1343 2098; x_wconf 89' lang='lat'>»</span> <span class='ocrx_word' id='word_1_244' title='bbox 1379 2065 1485 2102; x_wconf 87' lang='lat' dir='ltr'>tunc</span> <span class='ocrx_word' id='word_1_245' title='bbox 1510 2056 1715 2102; x_wconf 85' lang='lat' dir='ltr'>introdu-</span> 
     </span>
     <span class='ocr_line' id='line_1_28' title="bbox 324 2127 1715 2188; baseline 0 -15"><span class='ocrx_word' id='word_1_246' title='bbox 324 2138 450 2173; x_wconf 84' lang='lat' dir='ltr'>cente</span> <span class='ocrx_word' id='word_1_247' title='bbox 477 2129 522 2172; x_wconf 91' lang='lat' dir='ltr'>in</span> <span class='ocrx_word' id='word_1_248' title='bbox 549 2143 724 2173; x_wconf 85' lang='lat' dir='ltr'>ornnem</span> <span class='ocrx_word' id='word_1_249' title='bbox 753 2127 977 2172; x_wconf 87' lang='lat' dir='ltr'>veritatem</span> <span class='ocrx_word' id='word_1_250' title='bbox 1019 2128 1181 2187; x_wconf 89' lang='lat' dir='ltr'>Spiritu</span> <span class='ocrx_word' id='word_1_251' title='bbox 1221 2137 1395 2183; x_wconf 77' lang='lat' dir='ltr'>sancto,</span> <span class='ocrx_word' id='word_1_252' title='bbox 1440 2129 1562 2188; x_wconf 87' lang='lat' dir='ltr'>cujus</span> <span class='ocrx_word' id='word_1_253' title='bbox 1596 2145 1715 2174; x_wconf 78' lang='lat' dir='ltr'>nune</span> 
     </span>
     <span class='ocr_line' id='line_1_29' title="bbox 324 2198 1714 2259; baseline 0.001 -16"><span class='ocrx_word' id='word_1_254' title='bbox 324 2200 482 2259; x_wconf 83' lang='lat' dir='ltr'>pignus</span> <span class='ocrx_word' id='word_1_255' title='bbox 519 2200 778 2259; x_wconf 87' lang='lat' dir='ltr'>accepimus.</span> <span class='ocrx_word' id='word_1_256' title='bbox 817 2198 947 2252; x_wconf 88' lang='lat' dir='ltr'>Quod</span> <span class='ocrx_word' id='word_1_257' title='bbox 980 2208 1126 2244; x_wconf 88' lang='lat' dir='ltr'>autem</span> <span class='ocrx_word' id='word_1_258' title='bbox 1157 2198 1324 2244; x_wconf 89' lang='lat' dir='ltr'>dictum</span> <span class='ocrx_word' id='word_1_259' title='bbox 1357 2208 1452 2244; x_wconf 87' lang='lat' dir='ltr'>est:</span> <span class='ocrx_word' id='word_1_260' title='bbox 1483 2200 1714 2245; x_wconf 85' lang='lat' dir='ltr'>«Mundus</span> 
     </span>
     <span class='ocr_line' id='line_1_30' title="bbox 325 2268 1714 2331; baseline 0.003 -20"><span class='ocrx_word' id='word_1_261' title='bbox 325 2289 345 2311; x_wconf 87' lang='lat'>»</span> <span class='ocrx_word' id='word_1_262' title='bbox 371 2285 472 2314; x_wconf 90' lang='lat' dir='ltr'>eum</span> <span class='ocrx_word' id='word_1_263' title='bbox 496 2271 689 2331; x_wconf 85' lang='lat' dir='ltr'>accipere</span> <span class='ocrx_word' id='word_1_264' title='bbox 711 2285 800 2315; x_wconf 92' lang='lat' dir='ltr'>non</span> <span class='ocrx_word' id='word_1_265' title='bbox 822 2278 990 2329; x_wconf 88' lang='lat' dir='ltr'>potest,</span> <span class='ocrx_word' id='word_1_266' title='bbox 1017 2268 1071 2313; x_wconf 90' lang='lat' dir='ltr'>de</span> <span class='ocrx_word' id='word_1_267' title='bbox 1092 2270 1141 2314; x_wconf 89' lang='lat' dir='ltr'>iis</span> <span class='ocrx_word' id='word_1_268' title='bbox 1163 2271 1316 2330; x_wconf 87' lang='lat' dir='ltr'>utique</span> <span class='ocrx_word' id='word_1_269' title='bbox 1339 2269 1507 2314; x_wconf 86' lang='lat' dir='ltr'>dictum</span> <span class='ocrx_word' id='word_1_270' title='bbox 1531 2279 1610 2326; x_wconf 86' lang='lat' dir='ltr'>est,</span> <span class='ocrx_word' id='word_1_271' title='bbox 1637 2272 1714 2331; x_wconf 87' lang='lat' dir='ltr'>qui</span> 
     </span>
     <span class='ocr_line' id='line_1_31' title="bbox 325 2338 1714 2401; baseline 0.002 -18"><span class='ocrx_word' id='word_1_272' title='bbox 325 2360 345 2383; x_wconf 91' lang='lat'>»</span> <span class='ocrx_word' id='word_1_273' title='bbox 371 2341 514 2387; x_wconf 87' lang='lat' dir='ltr'>solent</span> <span class='ocrx_word' id='word_1_274' title='bbox 534 2342 579 2386; x_wconf 92' lang='lat' dir='ltr'>in</span> <span class='ocrx_word' id='word_1_275' title='bbox 605 2341 835 2401; x_wconf 88' lang='lat' dir='ltr'>Scripturis</span> <span class='ocrx_word' id='word_1_276' title='bbox 859 2338 1012 2384; x_wconf 89' lang='lat' dir='ltr'>mundi</span> <span class='ocrx_word' id='word_1_277' title='bbox 1034 2341 1210 2385; x_wconf 91' lang='lat' dir='ltr'>nomine</span> <span class='ocrx_word' id='word_1_278' title='bbox 1233 2340 1470 2400; x_wconf 82' lang='lat' dir='ltr'>appellari,</span> <span class='ocrx_word' id='word_1_279' title='bbox 1500 2349 1714 2386; x_wconf 88' lang='lat' dir='ltr'>amatores</span> 
     </span>
     <span class='ocr_line' id='line_1_32' title="bbox 325 2411 1712 2472; baseline 0.003 -19"><span class='ocrx_word' id='word_1_280' title='bbox 325 2430 345 2454; x_wconf 87' lang='lat'>»</span> <span class='ocrx_word' id='word_1_281' title='bbox 371 2411 549 2468; x_wconf 87' lang='lat' dir='ltr'>mundi,</span> <span class='ocrx_word' id='word_1_282' title='bbox 581 2413 651 2457; x_wconf 90' lang='lat' dir='ltr'>vel</span> <span class='ocrx_word' id='word_1_283' title='bbox 683 2412 826 2472; x_wconf 86' lang='lat' dir='ltr'>impii,</span> <span class='ocrx_word' id='word_1_284' title='bbox 861 2411 929 2456; x_wconf 90' lang='lat' dir='ltr'>vel</span> <span class='ocrx_word' id='word_1_285' title='bbox 962 2411 1211 2455; x_wconf 75' lang='lat' dir='ltr'>carnales7:</span> <span class='ocrx_word' id='word_1_286' title='bbox 1235 2429 1255 2452; x_wconf 87' lang='lat'>»</span> <span class='ocrx_word' id='word_1_287' title='bbox 1289 2411 1344 2456; x_wconf 89' lang='lat' dir='ltr'>de</span> <span class='ocrx_word' id='word_1_288' title='bbox 1379 2411 1582 2472; x_wconf 85' lang='lat' dir='ltr'>qualibus</span> <span class='ocrx_word' id='word_1_289' title='bbox 1605 2411 1712 2457; x_wconf 87' lang='lat' dir='ltr'>dicit</span> 
     </span>
    </p>
   </div>
   <div class='ocr_carea' id='block_1_3' title="bbox 319 2511 1708 2615">
    <p class='ocr_par' dir='ltr' id='par_1_4' title="bbox 319 2511 1708 2615">
     <span class='ocr_line' id='line_1_33' title="bbox 371 2511 1708 2557; baseline 0.001 -10"><span class='ocrx_word' id='word_1_290' title='bbox 371 2522 380 2538; x_wconf 87' lang='lat'><strong>¹</strong></span> <span class='ocrx_word' id='word_1_291' title='bbox 410 2517 500 2548; x_wconf 81' lang='lat' dir='ltr'>Joau.</span> <span class='ocrx_word' id='word_1_292' title='bbox 526 2526 659 2557; x_wconf 82' lang='lat' dir='ltr'>x1v‚17.</span> <span class='ocrx_word' id='word_1_293' title='bbox 680 2522 746 2538; x_wconf 78' lang='lat'>-2</span> <span class='ocrx_word' id='word_1_294' title='bbox 767 2516 812 2547; x_wconf 87' lang='lat' dir='ltr'>Id.</span> <span class='ocrx_word' id='word_1_295' title='bbox 843 2525 899 2556; x_wconf 83' lang='lat' dir='ltr'>vn,</span> <span class='ocrx_word' id='word_1_296' title='bbox 932 2514 985 2556; x_wconf 81' lang='lat'>39.</span> <span class='ocrx_word' id='word_1_297' title='bbox 1006 2532 1047 2538; x_wconf 89' lang='lat'><em>-</em></span> <span class='ocrx_word' id='word_1_298' title='bbox 1070 2511 1083 2536; x_wconf 80' lang='lat'>3</span> <span class='ocrx_word' id='word_1_299' title='bbox 1114 2514 1160 2545; x_wconf 83' lang='lat' dir='ltr'>Id.</span> <span class='ocrx_word' id='word_1_300' title='bbox 1192 2525 1257 2554; x_wconf 78' lang='lat' dir='ltr'>xvi,</span> <span class='ocrx_word' id='word_1_301' title='bbox 1282 2515 1332 2547; x_wconf 83' lang='lat'>13.</span> <span class='ocrx_word' id='word_1_302' title='bbox 1349 2513 1419 2545; x_wconf 70' lang='lat' dir='ltr'>——lt</span> <span class='ocrx_word' id='word_1_303' title='bbox 1440 2518 1531 2549; x_wconf 78' lang='lat' dir='ltr'>Rom.</span> <span class='ocrx_word' id='word_1_304' title='bbox 1561 2527 1594 2557; x_wconf 87' lang='lat' dir='ltr'>v,</span> <span class='ocrx_word' id='word_1_305' title='bbox 1617 2515 1648 2549; x_wconf 87' lang='lat'>5.</span> <span class='ocrx_word' id='word_1_306' title='bbox 1669 2532 1708 2538; x_wconf 92' lang='grc'>-</span> 
     </span>
     <span class='ocr_line' id='line_1_34' title="bbox 319 2572 1346 2615; baseline 0.002 -11"><span class='ocrx_word' id='word_1_307' title='bbox 319 2578 333 2593; x_wconf 72' lang='lat'><strong>³</strong></span> <span class='ocrx_word' id='word_1_308' title='bbox 356 2583 365 2604; x_wconf 90' lang='lat'>1</span> <span class='ocrx_word' id='word_1_309' title='bbox 395 2575 468 2605; x_wconf 88' lang='lat' dir='ltr'>Cor.</span> <span class='ocrx_word' id='word_1_310' title='bbox 494 2584 563 2615; x_wconf 77' lang='lat' dir='ltr'>xiu,</span> <span class='ocrx_word' id='word_1_311' title='bbox 591 2583 638 2607; x_wconf 92' lang='grc' dir='ltr'>ιο.</span> <span class='ocrx_word' id='word_1_312' title='bbox 659 2591 699 2598; x_wconf 84' lang='grc'>-</span> <span class='ocrx_word' id='word_1_313' title='bbox 715 2572 730 2596; x_wconf 73' lang='lat'><strong>⁶</strong></span> <span class='ocrx_word' id='word_1_314' title='bbox 754 2583 765 2606; x_wconf 89' lang='grc' dir='ltr'>ι</span> <span class='ocrx_word' id='word_1_315' title='bbox 786 2575 875 2605; x_wconf 73' lang='lat' dir='ltr'>Joan.</span> <span class='ocrx_word' id='word_1_316' title='bbox 894 2583 941 2613; x_wconf 83' lang='grc' dir='ltr'>ιιι,</span> <span class='ocrx_word' id='word_1_317' title='bbox 961 2580 1044 2605; x_wconf 74' lang='grc'>2.-</span> <span class='ocrx_word' id='word_1_318' title='bbox 1060 2582 1075 2613; x_wconf 83' lang='lat'><strong>7</strong></span> <span class='ocrx_word' id='word_1_319' title='bbox 1096 2574 1187 2605; x_wconf 81' lang='lat' dir='ltr'>Joan.</span> <span class='ocrx_word' id='word_1_320' title='bbox 1204 2582 1271 2613; x_wconf 79' lang='lat' dir='ltr'>xiv,</span> <span class='ocrx_word' id='word_1_321' title='bbox 1297 2583 1346 2614; x_wconf 74' lang='lat'>17.</span> 
     </span>
    </p>
   </div>
  </div>
 </body>
</html>
