1803 3250
422 228 583 257 CONTRA
616 231 850 258 sEnMONEM
883 231 1149 258 ARIANORUM.
1392 220 1477 259 479

157 292 273 337 Dixit
287 307 389 351 ergo
406 293 539 337 Filius
563 313 570 338 ;
601 313 620 336 «
648 294 768 339 Sicut
789 293 934 348 audio,
950 295 1102 354 judico
1123 298 1134 320 ¹
1160 314 1168 339 :
1199 314 1215 335 »
1234 295 1321 340 sive
1335 309 1386 339 ex
1402 296 1477 339 hu-

96 376 221 407 mana
241 362 531 421 subjectione,
553 364 655 422 quia
679 372 723 407 et
747 361 879 407 Filius
903 364 1089 408 hominis
1109 372 1194 418 est,
1214 365 1301 408 sive
1323 380 1479 409 secun-

93 431 200 476 dum
222 431 342 476 illam
365 433 770 478 incommutabilem
790 433 1118 493 simplicemque
1136 443 1335 478 naturam
1348 469 1359 489 ,
1379 450 1479 495 quac

93 500 153 545 sic
169 511 234 547 est
254 501 375 556 Filii,
404 512 453 546 ut
471 512 615 548 tamen
632 504 670 547 ei
692 503 747 546 de
770 505 897 546 Patre
922 504 974 547 sit
1007 523 1013 548 :
1038 504 1083 547 in
1107 520 1194 562 qua
1216 514 1368 549 natura
1389 520 1478 549 non

95 579 160 615 est
180 570 300 616 aliud
321 573 496 628 audire,
527 572 645 616 aliud
666 571 815 617 videre
831 606 842 626 ,
876 572 994 616 aliud
1026 589 1140 630 esse,
1167 574 1242 618 sed
1268 574 1389 634 quod
1417 583 1481 620 est

94 655 200 694 esse,
221 641 304 685 hoc
322 641 489 696 audire,
512 642 595 686 hoc
616 642 780 686 videre.
812 642 935 685 Unde
954 643 1008 686 ab
1025 642 1100 687 illo
1125 643 1163 686 ei
1182 653 1244 687 est
1266 644 1416 688 audire
1438 654 1482 688 et

94 709 261 766 videre,
281 727 305 755 a
326 727 414 770 quo
432 710 493 755 illi
517 721 580 756 est
600 712 743 771 ipsum
767 727 870 756 esse.
899 714 1008 757 Nam
1033 722 1077 756 et
1100 713 1209 758 illud
1232 715 1352 773 quod
1378 713 1480 758 alibi

95 782 155 826 ait
181 801 190 826 ι
224 800 244 824 «
268 784 365 829 Non
388 792 530 841 potest
552 782 688 827 Filius
715 799 737 827 a
761 798 804 826 se
826 781 968 827 facere
986 783 1230 843 quidquam
1257 785 1337 828 nisi
1361 785 1482 843 quod

97 868 118 893 »
155 850 313 896 viderit
358 855 529 899 Patrem
561 852 793 897 facientem
821 856 860 908 ²,
901 871 920 894 »
959 853 1098 897 multo
1135 863 1198 897 est
1233 854 1288 898 ad
1320 853 1483 898 intelli-

23 979 26 983 .
95 921 290 980 gendum
320 922 538 967 difficilius
571 939 700 983 quam
736 925 818 967 hoc
858 924 978 983 quod
1004 925 1075 969 isti
1107 933 1371 983 posuerunt,
1405 925 1483 969 ubi

95 990 204 1036 dixit
235 1011 243 1036 :
274 1011 294 1034 «
320 992 440 1037 Sicut
462 992 619 1048 audio,
643 993 809 1053 judico.
845 1012 863 1035 »
903 995 946 1038 Si
967 995 1084 1040 enim
1110 1009 1198 1037 non
1234 1002 1375 1053 potest
1405 994 1481 1038 Fi-

95 1060 178 1107 lius
204 1077 227 1105 a
248 1077 291 1105 se
313 1062 457 1109 facere
484 1063 726 1123 quidquam
743 1098 754 1119 ,
780 1064 861 1107 nisi
888 1064 1006 1123 quod
1036 1063 1192 1108 viderit
1223 1067 1393 1108 Patrem
1415 1062 1481 1108 fa-

94 1131 302 1187 cientem,
327 1134 550 1192 quomodo
570 1133 725 1192 poterit
738 1133 951 1192 judicare,
975 1133 1008 1177 si
1028 1137 1198 1178 Patrem
1222 1149 1311 1177 non
1328 1132 1483 1178 viderit

86 1201 390 1260 judicantem?
425 1203 509 1248 Sed
546 1207 671 1246 Pater
706 1219 794 1247 non
822 1204 990 1263 judicat
1023 1218 1314 1263 quemquam3
1352 1218 1481 1248 omne

91 1271 255 1331 quippe
266 1273 481 1331 judicium
505 1273 627 1318 dedit
650 1274 777 1318 Filio.
805 1277 827 1317 J
835 1273 980 1318 udicat
1001 1289 1103 1331 ergo
1126 1273 1281 1328 Filius,
1304 1284 1482 1332 accepto

91 1358 115 1386 a
140 1345 285 1397 Patre,
310 1359 401 1387 non
422 1344 592 1404 aliquo,
617 1344 692 1387 sed
716 1344 835 1406 omni
861 1343 1051 1402 judicio,
1084 1346 1280 1403 quamvis
1310 1348 1480 1388 Patrem

92 1427 181 1456 non
203 1411 347 1457 videat
364 1413 659 1473 judicantem,
681 1413 783 1473 quia
804 1412 877 1456 ille
908 1413 1127 1458 neminem
1149 1413 1332 1473 judicat.
1359 1417 1482 1467 Quo-2„

93 1482 226 1526 modo
248 1483 378 1540 igitur
399 1499 489 1528 non
512 1492 652 1541 potest
676 1482 811 1526 Filius
834 1499 856 1526 a
878 1498 923 1526 se
945 1483 1087 1526 facere
1109 1482 1368 1542 quidquam,
1402 1484 1484 1528 nisi

93 1551 214 1611 quod
230 1551 388 1597 viderit
407 1556 577 1596 Patrem
602 1552 848 1606 facientem,
869 1568 970 1595 cum
988 1552 1182 1611 judicet,
1208 1567 1288 1596 nec
1312 1556 1484 1597 Patrem

93 1621 240 1670 videat
256 1622 553 1681 judicantem?
576 1626 673 1668 Non
690 1623 807 1667 enim
830 1624 890 1666 ait
920 1642 928 1667 :
950 1625 1046 1668 Non
1069 1632 1211 1682 potest
1234 1622 1369 1666 Filius
1395 1639 1418 1667 a
1440 1638 1484 1667 se

94 1691 237 1739 facere
263 1691 504 1752 quidquam
521 1727 531 1747 ,
556 1693 635 1736 nisi
657 1692 777 1752 quod
807 1692 992 1737 audierit
1022 1696 1192 1737 Patrem
1212 1692 1443 1752 jubentem
1470 1710 1482 1738 ε

90 1761 193 1818 sed,
218 1763 339 1823 quod
360 1763 518 1808 viderit
547 1767 717 1807 Patrem
744 1763 989 1807 facientem.
1025 1767 1075 1807 In
1105 1765 1184 1808 ista
1216 1764 1480 1819 intendant,

94 1835 174 1881 ista
195 1835 414 1893 cogitent,
439 1835 515 1878 ista
534 1834 831 1892 considerent,
861 1843 904 1878 et
926 1850 1075 1879 eorum
1100 1834 1292 1894 quodam
1316 1835 1449 1880 modo
1467 1870 1478 1890 ,

95 1913 310 1963 quantum
334 1905 424 1951 fieri
449 1914 604 1964 potest,
630 1914 887 1949 excarnetur
903 1905 1103 1959 intentio,
1129 1905 1205 1964 qui
1228 1904 1478 1949 carnalibus

93 1975 429 2032 cogitationibus
451 1976 691 2021 moliuntur
709 1991 839 2019 unam
861 1975 1081 2020 Trinitatis
1103 1975 1390 2035 eamdemque
1409 1991 1486 2019 na-

96 2055 237 2095 turam
252 2055 296 2090 et
316 2047 653 2094 substantiarum
678 2060 874 2103 separare
901 2044 1102 2091 distantia
1116 2079 1126 2097 ,
1148 2054 1191 2088 et
1214 2053 1481 2104 potestatum

95 2115 300 2174 gradibus
320 2116 536 2160 ordinare.
564 2116 668 2160 Ideo
685 2116 800 2158 enim
818 2114 984 2159 dictum
1001 2124 1080 2170 est,
1101 2113 1222 2173 quod
1244 2130 1333 2161 non
1350 2115 1482 2159 faciat

95 2184 260 2245 aliquid
294 2185 430 2230 Filius
453 2203 475 2230 a
498 2201 563 2241 se,
590 2185 692 2245 quia
714 2200 802 2229 non
824 2193 886 2228 est
909 2201 930 2228 a
954 2200 998 2230 se
1025 2203 1032 2228 :
1066 2194 1109 2229 et
1132 2185 1231 2228 ideo
1262 2183 1482 2245 quidquid

96 2253 216 2311 facit,
243 2259 415 2301 Patrem
437 2255 554 2301 videt
572 2255 824 2313 facientem3
850 2256 951 2314 quia
967 2254 1086 2300 videt
1107 2270 1160 2298 ex
1177 2255 1268 2313 ipso
1291 2254 1483 2299 faciendi

95 2341 140 2371 se
156 2326 315 2371 habere
339 2327 600 2386 potentiam,
620 2341 670 2370 ex
686 2342 774 2386 quo
789 2341 832 2369 se
854 2324 974 2370 videt
992 2323 1200 2369 existendi
1218 2325 1380 2372 habere
1398 2341 1482 2370 na-

94 2405 252 2446 turam.
277 2400 334 2441 Et
355 2397 474 2457 quod
492 2397 566 2452 ait,
591 2412 635 2441 se
648 2412 738 2440 non
756 2411 897 2455 posse,
924 2411 1013 2440 non
1032 2395 1270 2439 deficientis
1292 2405 1377 2451 est,
1397 2395 1473 2440 sed

93 2466 140 2516 in
160 2482 212 2512 eo
233 2467 355 2526 quod
375 2465 430 2512 de
451 2470 578 2511 Patre
598 2475 726 2512 natus
745 2475 809 2511 est
828 2465 1118 2525 permanentis
1138 2485 1149 2521 3
1170 2473 1347 2526 tamque
1367 2464 1466 2510 lau-

145 2558 154 2574 ¹
174 2553 266 2585 Joan.
286 2562 318 2594 v,
342 2552 394 2585 30.
409 2557 475 2575 —2
494 2551 575 2584 Ibid.
602 2562 652 2593 ¹9·
