1803 3250
334 213 407 248 ΗΜ
740 218 770 245 s.
811 218 1035 247 Aucus‘rmi
1073 220 1248 246 m‘iscori

317 303 414 329 mim
439 287 492 328 de
517 300 672 343 genere
696 300 790 339 suo,
816 287 889 345 qui
921 302 1006 329 non
1038 286 1167 329 fuerit
1191 299 1366 328 carnem
1392 285 1593 344 praeputii
1621 287 1706 329 eir—

316 355 577 410 cinni-isus¹·,
602 355 702 414 quia
729 357 808 399 hoc
832 371 1009 416 quoque
1033 357 1084 399 :ut
1113 370 1287 399 omnem
1317 355 1529 414 pertineat
1554 355 1705 399 Chris-

320 429 482 469 tianum
509 445 516 469 :
545 434 619 469 aut
644 425 858 486 lapidibus
891 426 1236 485 extinguendum
1262 441 1388 480 euni,
1428 426 1503 485 qui
1534 426 1710 470 solverit

319 496 576 540 sabbatum‘2
600 517 607 542 z
630 507 704 542 aut
727 513 815 542 non
846 498 1108 557 parcendum
1129 499 1165 541 ei
1183 532 1193 547 ,
1219 498 1295 557 qui
1318 512 1456 541 unum
1480 497 1706 556 quodlibet

318 568 579 612 Testamenti
602 570 769 613 Veteris
798 567 1053 612 mandatum
1084 568 1262 628 ruperit.
1297 570 1404 621 Quae
1431 568 1577 613 omnia
1600 567 1633 611 si
1661 576 1708 611 tu

315 638 486 693 credas,
514 639 777 700 firmumque
803 640 963 683 habeas
986 640 1086 699 quia
1119 641 1204 684 sint
1234 640 1385 683 eadem
1420 655 1443 683 a
1476 642 1564 683 Deo
1585 653 1710 682 man-

316 708 432 765 data,
459 710 565 754 mihi
588 711 732 766 crede,
756 725 908 754 manus
930 710 1047 769 prior
1063 711 1276 770 injecisses
1294 710 1337 753 in
1362 709 1582 755 Christum
1603 728 1611 754 ε
1630 723 1709 753 nec

316 796 434 824 nunc
456 781 696 825 irascereris
719 781 905 834 Judaeis,
932 781 1008 841 qui
1024 781 1142 825 hunc
1166 782 1319 825 animis
1343 797 1390 825 ac
1415 780 1579 825 viribus
1610 794 1709 840 per-

316 854 480 907 secuti,
508 854 584 896 Dei
607 853 671 896 sui
698 852 902 897 mandata
929 851 1204 912 complerint.
1227 871 1245 893 n

377 925 448 966 Vt.
489 942 505 964 (ι
528 922 744 982 Equidem
766 923 884 966 haud
907 923 1078 981 ignoro,
1104 924 1211 983 quin
1230 938 1304 967 vos
1322 923 1415 966 hren
1439 937 1527 966 non
1551 921 1711 966 audea-

320 994 369 1037 tis
392 993 536 1038 dicere
571 992 698 1048 falsa,
732 995 808 1039 sed
841 995 942 1055 quia
972 995 1057 1039 sint
1086 994 1238 1038 eadem
1276 1010 1355 1054 pro
1388 1003 1582 1054 tempore
1604 1004 1710 1038 tunc

319 1063 521 1109 mandata
544 1065 707 1109 Judaeis
730 1080 868 1125 usque
891 1064 1128 1109 adventum
1152 1064 1314 1109 seilicet
1342 1068 1444 1109 Jesu
1465 1084 1473 1109 :
1499 1066 1575 1124 qui
1596 1080 1710 1124 quo-

318 1136 431 1179 niam
444 1138 610 1180 venerit
625 1136 680 1180 ab
696 1137 850 1180 eodem
863 1136 1196 1195 praenuntiatus,
1215 1145 1259 1179 ut
1277 1136 1424 1191 vultis,
1440 1139 1596 1180 Vetere
1613 1138 1710 1179 Tes-

319 1216 525 1262 lamento,
544 1207 729 1267 ipsejam
744 1206 897 1251 doceat
919 1207 1023 1267 quid
1038 1207 1339 1266 accipiendum
1355 1208 1482 1251 nobis
1495 1223 1542 1250 ex
1557 1207 1711 1251 eodem

316 1277 369 1321 sit
386 1312 397 1331 ,
443 1286 485 1321 et
520 1277 627 1337 quid
675 1276 1029 1338 relinquendum.
1076 1277 1157 1323 Sed
1197 1293 1250 1322 an
1282 1279 1512 1336 Prophetae
1562 1280 1708 1321 Jesum

318 1349 640 1408 prsesagiverint
658 1383 668 1403 ,
705 1358 851 1407 postea
887 1348 1134 1393 videbimus
1167 1364 1174 1389 :
1212 1349 1385 1392 interim
1424 1348 1479 1392 ad
1514 1349 1607 1393 haec
1642 1363 1712 1392 me

318 1435 435 1463 nunc
458 1419 719 1479 respondere
747 1429 944 1479 oportet,
969 1422 1071 1480 quia
1094 1420 1126 1463 si
1147 1422 1269 1463 Jcsus
1287 1435 1364 1478 per
1384 1422 1710 1464 Testamentum

318 1493 451 1534 Vetus
475 1491 779 1545 annuntiatus,
803 1506 921 1534 nunc
944 1490 1156 1551 dijudicat
1177 1501 1219 1535 et
1241 1491 1469 1546 carminat,
1491 1491 1710 1551 docetque

318 1577 453 1621 pauca
483 1563 574 1621 ejus
603 1562 852 1621 accipienda
878 1577 990 1617 esse,
1018 1562 1288 1621 repudianda
1316 1577 1419 1606 vero
1447 1578 1578 1622 quam
1607 1562 1709 1622 plu-

320 1635 451 1690 rima3
477 1641 519 1676 et
542 1632 668 1676 nobis
693 1632 938 1677 Paracletus
957 1648 1006 1676 ex
1021 1635 1144 1678 Novo
1170 1635 1446 1677 Testamento
1474 1634 1709 1692 promissus

317 1705 496 1763 perinde
516 1704 668 1758 docet,
695 1703 801 1764 quid
820 1705 1014 1764 accipere
1031 1719 1082 1748 ex
1100 1704 1254 1749 eodem
1274 1704 1528 1759 debeamus,
1546 1714 1588 1749 et
1601 1705 1707 1765 quid

316 1774 543 1834 repudiare
560 1797 569 1832 3
595 1774 650 1819 de
667 1791 756 1835 quo
772 1774 888 1819 ultro
907 1777 1045 1830 Jesus,
1064 1791 1164 1819 cum
1181 1790 1278 1819 eum
1296 1776 1585 1834 promitteret,
1603 1776 1709 1820 dicit

316 1849 357 1889 in
382 1846 619 1904 Evangelio
644 1866 652 1890 ε
686 1849 780 1904 Ipse
806 1861 882 1890 vos
906 1845 1084 1890 inducet
1111 1847 1154 1889 in
1183 1861 1356 1891 omnem
1385 1847 1639 1904 veritatem⁷
1665 1857 1708 1890 et

316 1919 403 1976 ipse
425 1917 547 1961 vobis
570 1916 847 1960 annuntiabit
864 1916 1025 1971 omnia,
1045 1918 1460 1961 eteommemorabit
1475 1932 1565 1961 vos.
1589 1922 1706 1970 Qua-

317 1996 491 2046 propter
518 1986 645 2031 liceat
674 1987 948 2030 tantumdem
977 1996 1021 2030 et
1049 1987 1175 2031 nobis
1203 1988 1246 2030 in
1279 1990 1554 2032 Testamento
1582 1990 1706 2034 Novo

317 2074 390 2118 per
404 2058 692 2113 Paracletum,
714 2068 928 2118 quantum
948 2058 1070 2103 vobis
1091 2058 1136 2102 in
1157 2061 1312 2103 Vetere
1328 2059 1457 2103 licere
1479 2058 1705 2104 ostenditis

318 2146 392 2190 per
415 2133 594 2174 Jesum‘2
616 2150 623 2175 :
651 2131 733 2175 nisi
761 2129 873 2175 sorte
891 2131 1024 2191 pluris
1046 2131 1168 2175 vobis
1190 2134 1512 2175 Testamentum
1534 2131 1706 2176 videtur

315 2202 413 2246 Filii
432 2218 524 2247 esse
547 2218 678 2262 quam
706 2203 842 2248 Patris
857 2238 867 2258 ‚
892 2203 924 2248 si
947 2202 1079 2247 modo
1109 2203 1243 2247 Patris
1261 2213 1339 2258 est,
1365 2211 1412 2246 ut
1431 2218 1532 2247 cum
1555 2219 1606 2247 ex
1628 2202 1705 2248 illo

316 2274 707 2333 reprobenturtam
725 2273 880 2328 multa,
907 2274 1034 2334 hujus
1057 2274 1187 2318 solius
1210 2273 1314 2317 nihil
1340 2289 1428 2318 non
1446 2273 1604 2318 debeat
1622 2290 1701 2333 ap-

313 2344 511 2403 probari,
538 2345 774 2404 praesertim
799 2344 921 2405 quod
938 2360 1018 2389 nec
1036 2360 1057 2388 a
1081 2345 1253 2389 Christo
1271 2345 1479 2403 scriptum
1503 2353 1696 2400 constat,

315 2424 360 2459 ut
383 2415 584 2471 diximus,
606 2432 685 2460 nec
701 2416 756 2461 ab
773 2417 863 2476 ejus
882 2416 1112 2474 Apostolis.
1136 2437 1153 2456 »

372 2488 406 2529 V
413 2489 467 2529 ΙΙ.
506 2488 824 2547 «Quapropter
852 2494 900 2531 ut
923 2501 999 2531 vos
1022 2501 1071 2530 ex
1101 2488 1256 2531 Vetere
1282 2488 1558 2532 Testamento
1587 2485 1697 2530 solas

356 2572 366 2590 ¹
386 2571 478 2603 Num.
500 2581 551 2609 xv,
573 2572 624 2603 32.
644 2590 681 2595 -
700 2578 712 2593 ²
732 2573 824 2604 Joan.
844 2581 913 2613 xvi,
937 2569 985 2603 13.
