1803 3250
303 221 383 262 124
722 231 754 259 s.
795 231 1019 262 AUGUSTINI
1054 234 1232 262 EPTSCOPI

299 301 429 344 habet
447 313 603 358 corpus
620 297 979 360 corporalemque
996 301 1146 358 vitam3
1164 299 1237 344 sed
1249 299 1490 344 seeundum
1505 300 1550 344 id
1565 301 1685 361 quod

298 370 428 413 habet
469 367 722 413 rationalem
746 380 959 427 mentem,
984 388 1069 432 qua
1092 380 1323 430 eognoscat
1347 374 1501 425 Deum,
1527 381 1567 415 et
1586 387 1685 417 om-

296 440 426 483 nibus
452 439 821 485 irrationabilibus
849 440 1001 486 eadem
1039 443 1212 487 rationis
1236 441 1489 486 excellentia
1510 457 1686 502 praepo—

298 518 441 554 natur.
479 510 565 555 Sed
600 509 711 555 illud
739 512 919 556 interius
953 512 1154 557 coneedit
1188 515 1372 557 Faustus
1395 528 1419 557 a
1448 515 1539 556 Deo
1561 513 1685 558 fieri:

301 599 321 622 «
340 582 452 626 Cum
471 591 722 638 renovatur,
748 583 907 644 inquit,
928 585 972 627 in
992 585 1212 643 agnitione
1229 584 1302 627 Dei
1324 583 1565 627 seeundum
1582 585 1690 628 ima-

299 670 318 693 »
347 652 490 711 ginem
518 653 608 714 ejus
631 655 705 714 qui
728 655 889 699 creavit
914 670 1030 698 eum.
1054 674 1072 695 »
1112 658 1233 699 Hane
1257 653 1538 713 apostolicam
1561 653 1692 714 plane

297 738 484 782 agnosco
519 725 777 769 sententiam
813 745 820 769 :
854 741 988 785 quare
1020 726 1110 784 ipse
1140 724 1317 768 alteram
1346 740 1436 769 non
1467 725 1693 783 agnoscit?

297 796 411 838 Deus
433 795 578 854 posuit
602 795 821 850 membra,
857 796 1078 854 singulum
1115 794 1324 856 quodque
1346 811 1497 840 eorum
1522 798 1566 839 in
1593 811 1694 840 cor-

295 881 401 925 pore
428 875 559 925 prout
589 866 773 910 voluit¹.
809 868 921 909 Ecce
952 869 1066 909 Deus
1099 866 1228 910 etiam
1260 867 1482 910 exterioris
1503 866 1694 911 hominis

297 938 479 981 ess'eetor
497 937 551 981 ab
573 936 728 981 eodem
752 937 961 996 Apostolo
981 935 1245 997 praedicatur
1265 958 1273 982 :
1296 953 1430 998 quare
1454 937 1556 981 inde
1575 937 1695 997 eligit

297 1007 419 1068 quod
439 1022 520 1066 pro
542 1023 586 1051 se
608 1017 750 1067 putat,
776 1017 819 1052 et
837 1017 950 1052 tacet
968 1018 1043 1052 aut
1062 1009 1225 1068 respuit
1243 1008 1364 1068 quod
1381 1009 1611 1053 Manichaei
1634 1008 1697 1053 fa-

298 1078 422 1122 bulas
446 1081 680 1139 amputat?
714 1082 824 1124 Item
853 1095 953 1124 cum
981 1080 1034 1123 de
1060 1088 1233 1123 terreno
1262 1088 1305 1123 et
1328 1079 1495 1123 coelesti
1517 1080 1697 1124 homine

297 1149 525 1194 dissereret
552 1149 669 1194 idem
700 1150 860 1195 Paulus
878 1186 888 1205 ,
924 1151 1036 1194 inter
1061 1149 1290 1194 mortalem
1314 1149 1695 1211 immortalemque

297 1220 543 1265 discernens
561 1256 572 1276 ,
604 1222 717 1265 inter
751 1220 795 1265 id
827 1220 948 1280 qnod
976 1221 1023 1264 in
1051 1219 1191 1265 Adam
1226 1235 1402 1275 sumus,
1437 1229 1480 1264 et
1510 1219 1621 1264 illud
1651 1220 1697 1264 in

298 1293 472 1337 Christo
494 1292 668 1347 erimus,
694 1307 744 1335 ex
767 1292 857 1351 ipsa
882 1294 1013 1350 Lege,
1037 1306 1087 1335 ex
1105 1291 1198 1350 ipso
1220 1290 1332 1335 libro
1355 1300 1397 1335 et
1415 1307 1466 1335 ex
1485 1292 1578 1351 ipso
1599 1289 1698 1336 loeo

301 1363 504 1408 adhibuit
526 1363 714 1418 terreni,
740 1362 783 1407 id
808 1371 896 1418 est,
923 1361 1120 1406 animalis
1143 1362 1336 1422 eorporis
1367 1362 1665 1407 testimonium
1684 1397 1695 1418 ,

300 1435 378 1478 ubi
410 1434 621 1493 scriptum
652 1443 739 1489 est,
777 1432 898 1494 quod
922 1436 1036 1477 Deus
1061 1433 1192 1477 etiam
1219 1442 1441 1477 terrenum
1472 1433 1698 1478 hominem

300 1504 446 1549 fecit‘2.
473 1507 583 1551 Nam
616 1520 717 1549 eum
751 1513 897 1564 ageret
929 1503 1153 1565 quomodo
1187 1514 1415 1563 resurgent
1444 1504 1633 1559 mortui,
1657 1513 1700 1549 et

299 1592 389 1638 quo
416 1591 598 1637 corpore
619 1577 798 1622 venient
813 1612 824 1632 ‚
861 1591 962 1620 eum
986 1576 1175 1620 dedisset
1198 1575 1532 1621 similitudinem
1554 1577 1610 1620 de
1632 1592 1699 1621 se-

300 1648 492 1693 minibus
515 1647 838 1693 frumentorum
854 1682 865 1703 ‚
892 1646 1013 1708 quod
1036 1645 1155 1691 nuda
1179 1663 1312 1706 grana
1335 1648 1634 1704 seminentur,
1658 1657 1702 1693 et

302 1723 417 1764 Deus
436 1718 520 1764 illis
543 1720 617 1764 det
638 1735 796 1780 corpus
819 1717 1044 1780 quomodo
1067 1718 1280 1774 voluerit,
1313 1720 1553 1781 unicuique
1569 1721 1699 1764 semi-

302 1806 408 1835 num
432 1791 658 1852 proprium
676 1806 860 1851 eorpus:
886 1790 962 1835 ubi
981 1789 1267 1835 nihilominus
1294 1791 1524 1836 Manichaei
1544 1793 1699 1837 evertit

300 1878 507 1917 errorem,
533 1863 608 1923 qui
629 1872 672 1907 et
695 1878 827 1922 grana
849 1871 892 1906 et
913 1862 1070 1906 herhas
1093 1871 1136 1906 et
1153 1877 1305 1907 omnes
1333 1862 1499 1907 radices
1526 1879 1574 1907 ae
1603 1862 1700 1908 fru-

304 1935 406 1979 tices
431 1943 606 1993 gentem
638 1934 918 1978 tenebrarum
948 1932 1054 1977 dicit
1082 1948 1252 1988 creare,
1279 1948 1367 1978 non
1390 1936 1559 1992 Deum3
1591 1944 1634 1979 et
1655 1935 1701 1978 in

302 2006 361 2050 eis
383 2005 531 2051 formis
554 2015 685 2067 atque
709 2005 941 2065 generibus
964 2019 1110 2048 rerum
1127 2007 1266 2049 Deum
1284 2005 1430 2064 potius
1453 2005 1591 2050 credit
1610 2005 1702 2050 alli-

303 2078 416 2136 gari,
442 2093 574 2138 quam
599 2078 757 2122 horum
780 2075 947 2137 aliquid
968 2076 1136 2135 operari
1160 2095 1168 2120 :
1190 2091 1292 2120 eum
1314 2092 1418 2136 ergo
1436 2086 1588 2121 eontra
1606 2080 1701 2122 Ma-

303 2149 458 2193 nichaei
481 2148 729 2208 sacrilegam
751 2149 987 2193 vanitatem
1010 2147 1141 2192 etiam
1163 2148 1242 2192 ista
1266 2147 1443 2192 dixisset
1460 2183 1470 2202 ‚
1503 2149 1624 2192 venit
1646 2149 1701 2193 ad

302 2221 497 2265 carnium
527 2220 826 2266 differentias:
855 2222 988 2266 «Non
1010 2221 1173 2274 omnis,
1206 2219 1378 2280 inquit,
1412 2235 1512 2264 earo
1541 2219 1694 2265 eadem

303 2308 404 2337 caro
419 2293 434 2318 ³
455 2312 463 2337 :
492 2311 512 2334 »
538 2292 640 2337 inde
665 2291 720 2337 ad
742 2307 977 2352 corporum
998 2291 1243 2336 coelestium
1262 2300 1393 2352 atque
1408 2292 1696 2347 terrestrium,

303 2362 406 2407 inde
438 2363 493 2407 ad
520 2364 808 2408 mutationem
830 2362 1022 2422 corporis
1057 2361 1193 2406 nostri
1225 2377 1313 2421 qua
1340 2361 1432 2406 fieri
1454 2362 1589 2421 possit
1611 2362 1703 2422 spi-

307 2434 428 2478 ritale
451 2443 582 2495 atque
603 2434 778 2479 eoeleste
799 2454 807 2479 :
838 2453 857 2476 «
875 2433 1138 2488 Seminatur‚
1165 2433 1324 2492 inquit,
1353 2434 1396 2477 in
1415 2433 1697 2489 contumelia,

311 2523 332 2545 »
357 2514 504 2564 surget
525 2505 568 2548 in
594 2505 729 2564 gloria
749 2525 758 2550 2
779 2505 1016 2550 seminatur
1033 2503 1078 2547 in
1099 2503 1368 2560 infirmitate,
1392 2513 1540 2564 surget
1556 2504 1598 2548 in
1615 2504 1701 2548 vir‹

354 2596 363 2613 ¹
391 2600 402 2621 ¹
431 2591 505 2621 Cor.
533 2600 589 2629 xii,
621 2593 669 2622 18.
689 2607 730 2614 —
754 2598 765 2613 ²
787 2591 833 2623 Id.
862 2601 915 2630 xv,
945 2588 1085 2632 ,ἢῆ-3
1114 2590 1195 2621 ibid.
1225 2589 1268 2632 49
