1803 3250
265 190 317 215 nxz
351 187 464 217 Ac'ns
496 191 585 216 cum
619 189 763 216 FELICE
799 187 1045 228 MAMcuAEQ
1083 192 1163 218 Lus.
1201 193 1229 217 1.
1356 183 1433 220 221

60 263 100 298 te
117 254 353 312 interrege,
378 263 421 298 et
439 264 481 298 te
504 255 766 311 interrogare
784 261 832 296 ut
854 254 934 297 tibi
955 255 1262 314 respondeam3
1293 264 1337 300 et
1356 257 1441 302 hoe

56 340 146 370 non
174 340 351 369 recuso:
376 324 480 369 dum
499 335 645 369 tamen
669 324 914 369 memineris
935 326 1035 385 quia
1059 327 1139 371 tibi
1156 328 1440 387 interroganti

56 410 135 453 ego
165 395 428 454 respondeo,
463 404 511 439 tu
544 405 688 439 autem
724 394 829 437 mihi
861 395 1145 453 interroganti
1181 398 1441 457 respondere

0 496 1 499 =
55 464 248 511 noluisti.
270 468 354 511 Sed
372 467 471 527 quia
490 481 559 510 me
576 466 866 525 interrogasti.
889 465 991 509 audi
1013 466 1134 526 quod
1152 468 1438 528 interrogasti.

54 539 141 583 Nos
171 537 347 597 quidem
377 536 562 581 dicimus
592 536 867 581 liberatorem
876 519 1120 583 ‘·Chtistum
1151 540 1331 594 venisse,
1356 549 1400 585 et
1420 556 1443 585 a

56 608 241 668 peccatis
261 608 415 652 nostris
436 607 620 652 dicimus
643 623 720 652 nos
741 608 930 663 liberari,
956 610 1058 669 quia
1082 625 1159 654 nos
1183 626 1272 654 non
1295 626 1443 656 sumus

55 679 110 722 de
132 679 371 722 substantia
391 678 464 722 Dei
483 678 632 737 geniti,
653 678 728 723 sed
752 695 827 738 per
844 682 936 739 ejus
955 680 1148 723 Verbum
1172 679 1275 724 faeti
1293 696 1316 724 a
1336 684 1439 726 Deo.

53 748 246 794 Multum
267 759 414 794 autem
435 750 612 793 interest
632 750 746 794 inter
769 760 918 794 natum
942 750 996 794 de
1018 751 1257 795 substantia
1285 752 1377 806 Dei,
1402 762 1446 797 et

54 820 220 865 factum
241 836 263 864 a
285 824 373 865 Deo
401 821 523 880 quod
545 837 635 866 non
657 831 721 866 est
743 821 798 865 de
825 822 1065 866 substantia
1096 822 1191 866 Dei.
1219 822 1445 884 Quidquid

55 908 156 952 ergo
172 892 277 938 fecit
294 896 420 947 Deus,
439 901 580 953 potest
592 908 682 937 esse
700 892 932 951 mutabile3
952 893 1042 953 ipse
1059 903 1205 938 autem
1225 897 1338 940 Deus
1356 911 1446 940 non

54 974 118 1009 est
151 964 399 1009 mutabilis:
425 964 528 1024 quia
556 980 646 1008 non
680 975 859 1023 possunt
888 966 1052 1026 aequari
1075 982 1205 1026 opera
1228 966 1380 1011 artifici
1403 977 1445 1012 et

54 1036 283 1082 conditori.
317 1039 382 1081 Tu
410 1046 554 1081 autem
584 1037 660 1096 qui
692 1036 824 1096 paulo
857 1047 954 1081 ante
981 1036 1035 1081 ad
1060 1037 1444 1096 interrogationem

54 1123 195 1152 meam
211 1107 382 1152 dixisti:
409 1107 558 1160 «Quia
577 1116 620 1150 et
639 1110 766 1151 Pater
782 1109 857 1166 qui
875 1108 1092 1165 generavit
1111 1108 1171 1151 ibi
1189 1108 1298 1153 lucis
1315 1109 1441 1165 filios,

53 1187 97 1223 et
117 1182 205 1233 aer,
229 1187 273 1222 et
294 1178 387 1237 ipsa
415 1186 543 1232 terra,
569 1186 612 1221 et
635 1177 715 1236 ipsi
744 1177 821 1221 filii
855 1194 943 1222 una
977 1179 1219 1225 substantia
1248 1190 1366 1236 sunt,
1403 1190 1446 1226 et

54 1248 236 1310 aequalia
254 1258 357 1294 sunt
371 1248 533 1303 omnia,
552 1266 572 1289 »
590 1257 763 1307 oportet
781 1258 829 1292 ut
851 1249 966 1294 dicas
985 1250 1107 1305 mihi,
1128 1251 1230 1296 huic
1247 1252 1448 1296 substan-

55 1321 126 1366 tiae
145 1322 297 1382 utique
313 1319 633 1380 incorruptibili
650 1319 873 1381 quomodo
894 1330 1063 1381 poterat
1081 1338 1237 1367 nocere
1255 1339 1358 1383 gens
1379 1333 1445 1368 te-

53 1393 304 1437 nebrarum.
333 1392 375 1436 Si
396 1391 512 1435 enim
529 1399 700 1451 poterat
719 1406 877 1436 nocere
899 1392 954 1447 ei⁷
978 1408 1068 1437 non
1090 1403 1181 1438 erat
1203 1403 1358 1438 natura
1378 1394 1447 1438 in-

54 1462 362 1522 corruptibilis:
383 1462 417 1506 si
435 1470 580 1506 autem
604 1477 692 1506 non
716 1471 900 1521 poterat,
922 1462 1042 1507 nulla
1061 1479 1188 1508 causa
1202 1474 1294 1509 erat
1311 1479 1446 1525 quare

54 1534 254 1595 praelium
268 1535 464 1593 agitaret,
479 1542 523 1577 et
541 1532 652 1577 illud
666 1549 829 1577 numen
848 1534 966 1595 quod
987 1534 1107 1590 dicit,
1128 1536 1214 1580 huc
1236 1536 1442 1581 mitteret.

113 1609 145 1651 F
153 1624 219 1650 EL.
255 1605 388 1650 dixit:
413 1623 434 1647 «
454 1604 712 1649 Dilationem
734 1614 855 1664 peto,
878 1616 926 1650 ut
944 1607 1102 1665 possim
1119 1607 1398 1666 respondere.
1420 1625 1440 1648 »

114 1681 227 1722 Am.
263 1676 397 1721 dixit:
420 1675 633 1730 Quando?
653 1678 756 1722 Cras
775 1677 1042 1722 intermissus
1053 1679 1239 1723 sufficit?

114 1750 211 1792 XX.
250 1751 354 1792 Fu.
391 1747 524 1792 dixit:
547 1766 567 1789 «
583 1747 828 1791 Inter-mitte
846 1748 953 1791 mihi
972 1758 1056 1793 tres
1072 1749 1178 1804 dies,
1199 1749 1245 1793 id
1263 1758 1342 1805 est,
1362 1749 1445 1795 ho-

57 1820 144 1875 die,
173 1829 217 1864 et
247 1836 356 1874 cras,
382 1829 426 1863 et
448 1819 668 1879 perendie,
702 1828 777 1863 aut
797 1835 936 1879 usque
955 1819 1010 1864 ad
1030 1820 1145 1865 diem
1168 1822 1246 1882 qui
1269 1830 1332 1866 est
1353 1830 1449 1881 post

56 1892 349 1946 Dominicum‚
369 1890 415 1934 id
432 1899 511 1946 est,
531 1890 670 1950 pridie
688 1889 791 1934 Idus
810 1891 1072 1935 Decembris.
1092 1910 1112 1932 »

119 1967 228 2008 Aue.
265 1963 396 2007 dixit:
424 1961 562 2006 Video
584 1970 625 2006 te
646 1961 898 2007 dilationem
916 1962 972 2007 ad
997 1962 1348 2022 respondendum
1370 1979 1448 2024 pe-

61 2035 195 2091 tiisse,
216 2035 456 2077 humanum
472 2042 551 2088 est,
572 2041 621 2077 ut
633 2032 899 2077 concedatur
917 2033 992 2077 tibi
1011 2053 1019 2078 :
1040 2033 1116 2078 sed
1134 2033 1167 2078 si
1186 2034 1447 2094 respondere

59 2121 147 2150 non
159 2104 352 2164 potueris
367 2103 418 2148 ad
435 2103 724 2163 praestitutum
744 2103 876 2157 diem,
897 2103 1005 2164 quid
1021 2104 1121 2148 fiet?

120 2178 152 2220 F
158 2193 225 2219 m„
261 2175 369 2219 dixit
391 2194 399 2219 ι
420 2177 544 2219 «Ero
560 2174 717 2218 victus.
735 2192 754 2215 n

120 2250 232 2291 Ave.
268 2244 378 2289 dixit
395 2264 404 2290 :
424 2245 541 2299 Quid
555 2245 588 2288 si
607 2244 794 2303 fugeris?

120 2319 227 2362 FEL'.
262 2315 394 2360 dixit:
415 2318 565 2359 «Reus
581 2330 655 2359 ero
672 2315 855 2360 civitatis
875 2316 1019 2375 hujus,
1036 2324 1078 2359 et
1093 2315 1273 2376 ubique,
1291 2325 1334 2361 et
1346 2316 1451 2376 legis

62 2403 185 2432 meae.
201 2406 222 2429 »

123 2465 235 2505 Auo.
270 2459 377 2503 dixit
395 2478 403 2504 :
428 2462 521 2503 lmo
536 2460 618 2503 hoe
632 2458 702 2503 dic
720 2477 728 2504 :
752 2458 794 2504 Si
807 2458 976 2517 fugero,
991 2458 1051 2503 sic
1067 2457 1228 2503 habear
1243 2467 1450 2520 tanquam

67 2531 99 2576 si
118 2531 453 2575 anathemavero
469 2531 776 2575 Maniehaeum.
