<?xml version="1.0" encoding="UTF-8"?>
<!DOCTYPE html PUBLIC "-//W3C//DTD XHTML 1.0 Transitional//EN"
    "http://www.w3.org/TR/xhtml1/DTD/xhtml1-transitional.dtd">
<html xmlns="http://www.w3.org/1999/xhtml" xml:lang="en" lang="en">
 <head>
  <title>
</title>
<meta http-equiv="Content-Type" content="text/html;charset=utf-8" />
  <meta name='ocr-system' content='tesseract 3.04.00' />
  <meta name='ocr-capabilities' content='ocr_page ocr_carea ocr_par ocr_line ocrx_word'/>
</head>
<body>
  <div class='ocr_page' id='page_1' title='image "./operaomniaaccura29auguuoft/operaomniaaccura29auguuoft_0493.png"; bbox 0 0 1803 3250; ppageno 0'>
   <div class='ocr_carea' id='block_1_1' title="bbox 423 248 1474 289">
    <p class='ocr_par' dir='ltr' id='par_1_1' title="bbox 423 248 1474 289">
     <span class='ocr_line' id='line_1_1' title="bbox 423 248 1474 289; baseline 0.003 -3"><span class='ocrx_word' id='word_1_1' title='bbox 423 257 582 286; x_wconf 78' lang='lat' dir='ltr'>CONTRA</span> <span class='ocrx_word' id='word_1_2' title='bbox 617 257 849 286; x_wconf 79' lang='lat' dir='ltr'>sERMONEM</span> <span class='ocrx_word' id='word_1_3' title='bbox 882 258 1149 287; x_wconf 66' lang='grc' dir='ltr'><strong>ΑΜΑΝοιιυΜ.</strong></span> <span class='ocrx_word' id='word_1_4' title='bbox 1391 248 1474 289; x_wconf 81' lang='lat'>483</span> 
     </span>
    </p>
   </div>
   <div class='ocr_carea' id='block_1_2' title="bbox 85 322 1480 2551">
    <p class='ocr_par' dir='ltr' id='par_1_2' title="bbox 86 322 1480 1498">
     <span class='ocr_line' id='line_1_2' title="bbox 98 322 1475 384; baseline 0.003 -19"><span class='ocrx_word' id='word_1_5' title='bbox 98 322 192 365; x_wconf 87' lang='lat' dir='ltr'>haec</span> <span class='ocrx_word' id='word_1_6' title='bbox 210 322 290 366; x_wconf 87' lang='lat' dir='ltr'>tria</span> <span class='ocrx_word' id='word_1_7' title='bbox 313 322 440 366; x_wconf 89' lang='lat' dir='ltr'>simul</span> <span class='ocrx_word' id='word_1_8' title='bbox 463 332 606 381; x_wconf 80' lang='lat' dir='ltr'><strong>agant.</strong></span> <span class='ocrx_word' id='word_1_9' title='bbox 639 322 800 366; x_wconf 86' lang='lat' dir='ltr'>Deinde</span> <span class='ocrx_word' id='word_1_10' title='bbox 821 338 921 365; x_wconf 82' lang='lat' dir='ltr'>cuni</span> <span class='ocrx_word' id='word_1_11' title='bbox 943 323 998 367; x_wconf 91' lang='lat' dir='ltr'>de</span> <span class='ocrx_word' id='word_1_12' title='bbox 1026 324 1203 382; x_wconf 86' lang='lat' dir='ltr'>singulis</span> <span class='ocrx_word' id='word_1_13' title='bbox 1232 324 1475 384; x_wconf 88' lang='lat' dir='ltr'>loquimur,</span> 
     </span>
     <span class='ocr_line' id='line_1_3' title="bbox 96 391 1475 455; baseline 0.003 -20"><span class='ocrx_word' id='word_1_14' title='bbox 96 392 224 436; x_wconf 89' lang='lat' dir='ltr'>etiam</span> <span class='ocrx_word' id='word_1_15' title='bbox 247 391 366 452; x_wconf 92' lang='lat' dir='ltr'>quod</span> <span class='ocrx_word' id='word_1_16' title='bbox 384 392 438 436; x_wconf 90' lang='lat' dir='ltr'>ad</span> <span class='ocrx_word' id='word_1_17' title='bbox 460 393 627 451; x_wconf 83' lang='lat' dir='ltr'>singula</span> <span class='ocrx_word' id='word_1_18' title='bbox 644 393 830 451; x_wconf 81' lang='lat' dir='ltr'>pertinet</span> <span class='ocrx_word' id='word_1_19' title='bbox 857 394 910 436; x_wconf 88' lang='lat' dir='ltr'>ab</span> <span class='ocrx_word' id='word_1_20' title='bbox 928 395 1129 437; x_wconf 90' lang='lat' dir='ltr'>omnibus</span> <span class='ocrx_word' id='word_1_21' title='bbox 1150 396 1306 453; x_wconf 86' lang='lat' dir='ltr'>agitur.</span> <span class='ocrx_word' id='word_1_22' title='bbox 1323 398 1475 455; x_wconf 85' lang='lat' dir='ltr'>Neque</span> 
     </span>
     <span class='ocr_line' id='line_1_4' title="bbox 95 462 1472 522; baseline 0.004 -16"><span class='ocrx_word' id='word_1_23' title='bbox 95 463 212 506; x_wconf 87' lang='lat' dir='ltr'>enim</span> <span class='ocrx_word' id='word_1_24' title='bbox 225 478 466 507; x_wconf 90' lang='lat' dir='ltr'>sermonem</span> <span class='ocrx_word' id='word_1_25' title='bbox 485 479 612 522; x_wconf 85' lang='lat' dir='ltr'>quem</span> <span class='ocrx_word' id='word_1_26' title='bbox 633 463 687 506; x_wconf 88' lang='lat' dir='ltr'>de</span> <span class='ocrx_word' id='word_1_27' title='bbox 708 462 796 506; x_wconf 84' lang='lat' dir='ltr'>sola</span> <span class='ocrx_word' id='word_1_28' title='bbox 816 465 1020 508; x_wconf 90' lang='lat' dir='ltr'>memoria</span> <span class='ocrx_word' id='word_1_29' title='bbox 1039 466 1244 520; x_wconf 86' lang='lat' dir='ltr'>facimus,</span> <span class='ocrx_word' id='word_1_30' title='bbox 1264 467 1472 512; x_wconf 90' lang='lat' dir='ltr'>memoria</span> 
     </span>
     <span class='ocr_line' id='line_1_5' title="bbox 94 531 1472 594; baseline 0.004 -19"><span class='ocrx_word' id='word_1_31' title='bbox 94 531 183 587; x_wconf 86' lang='lat' dir='ltr'>sola</span> <span class='ocrx_word' id='word_1_32' title='bbox 218 531 322 576; x_wconf 87' lang='lat' dir='ltr'>facit</span> <span class='ocrx_word' id='word_1_33' title='bbox 356 554 365 576; x_wconf 72' lang='grc' dir='ltr'>ι</span> <span class='ocrx_word' id='word_1_34' title='bbox 410 533 484 575; x_wconf 88' lang='lat' dir='ltr'>sed</span> <span class='ocrx_word' id='word_1_35' title='bbox 524 532 808 590; x_wconf 83' lang='lat' dir='ltr'>intelligentia</span> <span class='ocrx_word' id='word_1_36' title='bbox 852 534 1142 594; x_wconf 85' lang='lat' dir='ltr'>voluntasque</span> <span class='ocrx_word' id='word_1_37' title='bbox 1183 546 1472 594; x_wconf 80' lang='lat' dir='ltr'>cooperantur</span> 
     </span>
     <span class='ocr_line' id='line_1_6' title="bbox 93 600 1476 660; baseline 0.003 -16"><span class='ocrx_word' id='word_1_38' title='bbox 93 615 209 654; x_wconf 88' lang='lat' dir='ltr'>eum,</span> <span class='ocrx_word' id='word_1_39' title='bbox 233 602 429 660; x_wconf 87' lang='lat' dir='ltr'>quamvis</span> <span class='ocrx_word' id='word_1_40' title='bbox 451 600 504 644; x_wconf 90' lang='lat' dir='ltr'>ad</span> <span class='ocrx_word' id='word_1_41' title='bbox 527 600 662 644; x_wconf 88' lang='lat' dir='ltr'>solam</span> <span class='ocrx_word' id='word_1_42' title='bbox 691 601 942 644; x_wconf 81' lang='lat' dir='ltr'>memoriam</span> <span class='ocrx_word' id='word_1_43' title='bbox 971 604 1278 660; x_wconf 81' lang='lat' dir='ltr'>pertinentem.</span> <span class='ocrx_word' id='word_1_44' title='bbox 1315 607 1406 648; x_wconf 89' lang='lat' dir='ltr'>Hoc</span> <span class='ocrx_word' id='word_1_45' title='bbox 1433 614 1476 649; x_wconf 91' lang='lat' dir='ltr'>et</span> 
     </span>
     <span class='ocr_line' id='line_1_7' title="bbox 94 669 1475 733; baseline 0.001 -18"><span class='ocrx_word' id='word_1_46' title='bbox 94 669 149 714; x_wconf 90' lang='lat' dir='ltr'>de</span> <span class='ocrx_word' id='word_1_47' title='bbox 166 670 340 715; x_wconf 89' lang='lat' dir='ltr'>duobus</span> <span class='ocrx_word' id='word_1_48' title='bbox 361 671 526 715; x_wconf 85' lang='lat' dir='ltr'>caeteris</span> <span class='ocrx_word' id='word_1_49' title='bbox 553 671 700 715; x_wconf 91' lang='lat' dir='ltr'>videre</span> <span class='ocrx_word' id='word_1_50' title='bbox 731 669 988 714; x_wconf 87' lang='lat' dir='ltr'>facillimum</span> <span class='ocrx_word' id='word_1_51' title='bbox 1020 682 1096 716; x_wconf 89' lang='lat' dir='ltr'>est.</span> <span class='ocrx_word' id='word_1_52' title='bbox 1123 676 1229 717; x_wconf 88' lang='lat' dir='ltr'>Nam</span> <span class='ocrx_word' id='word_1_53' title='bbox 1259 674 1475 733; x_wconf 84' lang='lat' dir='ltr'>quidquid</span> 
     </span>
     <span class='ocr_line' id='line_1_8' title="bbox 93 739 1476 800; baseline 0.002 -16"><span class='ocrx_word' id='word_1_54' title='bbox 93 739 148 784; x_wconf 92' lang='lat' dir='ltr'>de</span> <span class='ocrx_word' id='word_1_55' title='bbox 168 756 211 784; x_wconf 88' lang='lat' dir='ltr'>se</span> <span class='ocrx_word' id='word_1_56' title='bbox 234 741 323 800; x_wconf 86' lang='lat' dir='ltr'>ipsa</span> <span class='ocrx_word' id='word_1_57' title='bbox 345 740 632 800; x_wconf 85' lang='lat' dir='ltr'>intelligentia</span> <span class='ocrx_word' id='word_1_58' title='bbox 655 740 876 800; x_wconf 81' lang='lat' dir='ltr'>loquitur,</span> <span class='ocrx_word' id='word_1_59' title='bbox 912 741 1003 784; x_wconf 91' lang='lat' dir='ltr'>sine</span> <span class='ocrx_word' id='word_1_60' title='bbox 1027 745 1232 786; x_wconf 88' lang='lat' dir='ltr'>memoria</span> <span class='ocrx_word' id='word_1_61' title='bbox 1254 754 1296 786; x_wconf 91' lang='lat' dir='ltr'>et</span> <span class='ocrx_word' id='word_1_62' title='bbox 1318 743 1476 787; x_wconf 89' lang='lat' dir='ltr'>volun—</span> 
     </span>
     <span class='ocr_line' id='line_1_9' title="bbox 94 810 1480 872; baseline 0.001 -17"><span class='ocrx_word' id='word_1_63' title='bbox 94 820 182 855; x_wconf 87' lang='lat' dir='ltr'>tate</span> <span class='ocrx_word' id='word_1_64' title='bbox 202 827 291 856; x_wconf 90' lang='lat' dir='ltr'>non</span> <span class='ocrx_word' id='word_1_65' title='bbox 310 811 507 872; x_wconf 82' lang='lat' dir='ltr'>loquitur</span> <span class='ocrx_word' id='word_1_66' title='bbox 537 832 545 856; x_wconf 91' lang='lat'>:</span> <span class='ocrx_word' id='word_1_67' title='bbox 577 821 620 855; x_wconf 90' lang='lat' dir='ltr'>et</span> <span class='ocrx_word' id='word_1_68' title='bbox 650 810 869 871; x_wconf 85' lang='lat' dir='ltr'>quidquid</span> <span class='ocrx_word' id='word_1_69' title='bbox 894 812 949 855; x_wconf 91' lang='lat' dir='ltr'>de</span> <span class='ocrx_word' id='word_1_70' title='bbox 977 827 1020 855; x_wconf 88' lang='lat' dir='ltr'>se</span> <span class='ocrx_word' id='word_1_71' title='bbox 1041 813 1132 871; x_wconf 89' lang='lat' dir='ltr'>ipsa</span> <span class='ocrx_word' id='word_1_72' title='bbox 1153 813 1353 857; x_wconf 87' lang='lat' dir='ltr'>voluntas</span> <span class='ocrx_word' id='word_1_73' title='bbox 1375 815 1480 858; x_wconf 88' lang='lat' dir='ltr'>dicit</span> 
     </span>
     <span class='ocr_line' id='line_1_10' title="bbox 91 882 1478 941; baseline 0.002 -15"><span class='ocrx_word' id='word_1_74' title='bbox 91 892 167 926; x_wconf 91' lang='lat' dir='ltr'>aut</span> <span class='ocrx_word' id='word_1_75' title='bbox 187 883 353 938; x_wconf 84' lang='lat' dir='ltr'>scribit,</span> <span class='ocrx_word' id='word_1_76' title='bbox 379 884 469 927; x_wconf 89' lang='lat' dir='ltr'>sine</span> <span class='ocrx_word' id='word_1_77' title='bbox 492 882 781 941; x_wconf 83' lang='lat' dir='ltr'>intelligentia</span> <span class='ocrx_word' id='word_1_78' title='bbox 800 883 1096 941; x_wconf 85' lang='lat' dir='ltr'>memoriaque</span> <span class='ocrx_word' id='word_1_79' title='bbox 1113 899 1201 926; x_wconf 93' lang='lat' dir='ltr'>non</span> <span class='ocrx_word' id='word_1_80' title='bbox 1226 883 1340 928; x_wconf 85' lang='lat' dir='ltr'>facit.</span> <span class='ocrx_word' id='word_1_81' title='bbox 1363 887 1478 937; x_wconf 89' lang='lat' dir='ltr'>Qua-</span> 
     </span>
     <span class='ocr_line' id='line_1_11' title="bbox 91 952 1476 1011; baseline 0.001 -15"><span class='ocrx_word' id='word_1_82' title='bbox 91 961 217 997; x_wconf 89' lang='lat' dir='ltr'>tenus</span> <span class='ocrx_word' id='word_1_83' title='bbox 238 953 323 996; x_wconf 90' lang='lat' dir='ltr'>sint</span> <span class='ocrx_word' id='word_1_84' title='bbox 346 961 491 996; x_wconf 89' lang='lat' dir='ltr'>autem</span> <span class='ocrx_word' id='word_1_85' title='bbox 509 953 586 996; x_wconf 87' lang='lat' dir='ltr'>ista</span> <span class='ocrx_word' id='word_1_86' title='bbox 609 952 779 1006; x_wconf 87' lang='lat' dir='ltr'>similia,</span> <span class='ocrx_word' id='word_1_87' title='bbox 806 961 849 995; x_wconf 85' lang='lat' dir='ltr'>et</span> <span class='ocrx_word' id='word_1_88' title='bbox 864 967 1010 995; x_wconf 85' lang='lat' dir='ltr'>rursus</span> <span class='ocrx_word' id='word_1_89' title='bbox 1028 963 1241 1011; x_wconf 89' lang='lat' dir='ltr'>quantum</span> <span class='ocrx_word' id='word_1_90' title='bbox 1258 954 1476 998; x_wconf 87' lang='lat' dir='ltr'>dissimilia</span> 
     </span>
     <span class='ocr_line' id='line_1_12' title="bbox 91 1020 1479 1082; baseline 0.002 -18"><span class='ocrx_word' id='word_1_91' title='bbox 91 1020 156 1066; x_wconf 92' lang='lat' dir='ltr'>illi</span> <span class='ocrx_word' id='word_1_92' title='bbox 184 1021 532 1066; x_wconf 88' lang='lat' dir='ltr'>incommutabili</span> <span class='ocrx_word' id='word_1_93' title='bbox 568 1021 796 1075; x_wconf 89' lang='lat' dir='ltr'>Trinitati‚</span> <span class='ocrx_word' id='word_1_94' title='bbox 821 1037 921 1081; x_wconf 88' lang='lat' dir='ltr'>quae</span> <span class='ocrx_word' id='word_1_95' title='bbox 954 1026 1065 1065; x_wconf 90' lang='lat' dir='ltr'>Deus</span> <span class='ocrx_word' id='word_1_96' title='bbox 1098 1032 1182 1074; x_wconf 84' lang='lat' dir='ltr'>est,</span> <span class='ocrx_word' id='word_1_97' title='bbox 1212 1022 1393 1082; x_wconf 84' lang='lat' dir='ltr'>longum</span> <span class='ocrx_word' id='word_1_98' title='bbox 1415 1032 1479 1067; x_wconf 90' lang='lat' dir='ltr'>est</span> 
     </span>
     <span class='ocr_line' id='line_1_13' title="bbox 89 1090 1479 1150; baseline 0.002 -16"><span class='ocrx_word' id='word_1_99' title='bbox 89 1091 433 1136; x_wconf 86' lang='lat' dir='ltr'>enucleatissime</span> <span class='ocrx_word' id='word_1_100' title='bbox 455 1090 689 1150; x_wconf 81' lang='lat' dir='ltr'>disputare.</span> <span class='ocrx_word' id='word_1_101' title='bbox 713 1090 797 1135; x_wconf 88' lang='lat' dir='ltr'>Sed</span> <span class='ocrx_word' id='word_1_102' title='bbox 819 1090 918 1134; x_wconf 85' lang='lat' dir='ltr'>ideo</span> <span class='ocrx_word' id='word_1_103' title='bbox 932 1100 1102 1134; x_wconf 85' lang='lat' dir='ltr'>tantum</span> <span class='ocrx_word' id='word_1_104' title='bbox 1116 1093 1199 1136; x_wconf 91' lang='lat' dir='ltr'>hoc</span> <span class='ocrx_word' id='word_1_105' title='bbox 1214 1108 1479 1137; x_wconf 89' lang='lat' dir='ltr'>commemo-</span> 
     </span>
     <span class='ocr_line' id='line_1_14' title="bbox 91 1160 1476 1222; baseline 0.002 -18"><span class='ocrx_word' id='word_1_106' title='bbox 91 1160 275 1206; x_wconf 88' lang='lat' dir='ltr'>randum</span> <span class='ocrx_word' id='word_1_107' title='bbox 291 1162 464 1221; x_wconf 89' lang='lat' dir='ltr'>putavi,</span> <span class='ocrx_word' id='word_1_108' title='bbox 492 1171 540 1206; x_wconf 90' lang='lat' dir='ltr'>ut</span> <span class='ocrx_word' id='word_1_109' title='bbox 556 1161 685 1204; x_wconf 88' lang='lat' dir='ltr'>etiam</span> <span class='ocrx_word' id='word_1_110' title='bbox 700 1160 754 1204; x_wconf 88' lang='lat' dir='ltr'>de</span> <span class='ocrx_word' id='word_1_111' title='bbox 778 1160 867 1218; x_wconf 87' lang='lat' dir='ltr'>ipsa</span> <span class='ocrx_word' id='word_1_112' title='bbox 887 1169 1083 1205; x_wconf 87' lang='lat' dir='ltr'>creatura</span> <span class='ocrx_word' id='word_1_113' title='bbox 1105 1161 1270 1222; x_wconf 89' lang='lat' dir='ltr'>aliquid</span> <span class='ocrx_word' id='word_1_114' title='bbox 1292 1163 1476 1207; x_wconf 90' lang='lat' dir='ltr'>adhibe-</span> 
     </span>
     <span class='ocr_line' id='line_1_15' title="bbox 89 1229 1472 1290; baseline 0.002 -16"><span class='ocrx_word' id='word_1_115' title='bbox 89 1247 210 1276; x_wconf 88' lang='lat' dir='ltr'>rem:</span> <span class='ocrx_word' id='word_1_116' title='bbox 236 1231 354 1276; x_wconf 90' lang='lat' dir='ltr'>unde</span> <span class='ocrx_word' id='word_1_117' title='bbox 385 1231 476 1285; x_wconf 87' lang='lat' dir='ltr'>isti,</span> <span class='ocrx_word' id='word_1_118' title='bbox 511 1231 545 1275; x_wconf 88' lang='lat' dir='ltr'>si</span> <span class='ocrx_word' id='word_1_119' title='bbox 580 1239 785 1289; x_wconf 85' lang='lat' dir='ltr'>possunt,</span> <span class='ocrx_word' id='word_1_120' title='bbox 819 1229 1093 1288; x_wconf 85' lang='lat' dir='ltr'>intelligant,</span> <span class='ocrx_word' id='word_1_121' title='bbox 1132 1247 1264 1290; x_wconf 90' lang='lat' dir='ltr'>quam</span> <span class='ocrx_word' id='word_1_122' title='bbox 1298 1249 1386 1276; x_wconf 91' lang='lat' dir='ltr'>non</span> <span class='ocrx_word' id='word_1_123' title='bbox 1418 1235 1472 1278; x_wconf 89' lang='lat' dir='ltr'>sit</span> 
     </span>
     <span class='ocr_line' id='line_1_16' title="bbox 86 1300 1470 1362; baseline 0.001 -16"><span class='ocrx_word' id='word_1_124' title='bbox 86 1301 325 1346; x_wconf 82' lang='lat' dir='ltr'>absurdum</span> <span class='ocrx_word' id='word_1_125' title='bbox 343 1301 465 1362; x_wconf 90' lang='lat' dir='ltr'>quod</span> <span class='ocrx_word' id='word_1_126' title='bbox 477 1301 532 1345; x_wconf 89' lang='lat' dir='ltr'>de</span> <span class='ocrx_word' id='word_1_127' title='bbox 545 1305 672 1345; x_wconf 85' lang='lat' dir='ltr'>Patre</span> <span class='ocrx_word' id='word_1_128' title='bbox 689 1310 731 1344; x_wconf 92' lang='lat' dir='ltr'>et</span> <span class='ocrx_word' id='word_1_129' title='bbox 748 1300 859 1344; x_wconf 90' lang='lat' dir='ltr'>Filio</span> <span class='ocrx_word' id='word_1_130' title='bbox 874 1310 917 1344; x_wconf 90' lang='lat' dir='ltr'>et</span> <span class='ocrx_word' id='word_1_131' title='bbox 933 1301 1097 1358; x_wconf 89' lang='lat' dir='ltr'>Spiritu</span> <span class='ocrx_word' id='word_1_132' title='bbox 1108 1312 1260 1346; x_wconf 88' lang='lat' dir='ltr'>sancto</span> <span class='ocrx_word' id='word_1_133' title='bbox 1272 1302 1470 1359; x_wconf 90' lang='lat' dir='ltr'>dicimus,</span> 
     </span>
     <span class='ocr_line' id='line_1_17' title="bbox 86 1369 1471 1431; baseline 0.001 -15"><span class='ocrx_word' id='word_1_134' title='bbox 86 1370 397 1431; x_wconf 88' lang='lat' dir='ltr'>inseparabilia·</span> <span class='ocrx_word' id='word_1_135' title='bbox 408 1370 503 1415; x_wconf 82' lang='lat' dir='ltr'>fieri</span> <span class='ocrx_word' id='word_1_136' title='bbox 519 1370 575 1414; x_wconf 91' lang='lat' dir='ltr'>ab</span> <span class='ocrx_word' id='word_1_137' title='bbox 597 1369 800 1414; x_wconf 89' lang='lat' dir='ltr'>omnibus</span> <span class='ocrx_word' id='word_1_138' title='bbox 817 1384 962 1427; x_wconf 87' lang='lat' dir='ltr'>opera,</span> <span class='ocrx_word' id='word_1_139' title='bbox 981 1385 1070 1414; x_wconf 91' lang='lat' dir='ltr'>non</span> <span class='ocrx_word' id='word_1_140' title='bbox 1084 1371 1224 1415; x_wconf 88' lang='lat' dir='ltr'>solum</span> <span class='ocrx_word' id='word_1_141' title='bbox 1238 1373 1292 1415; x_wconf 90' lang='lat' dir='ltr'>ad</span> <span class='ocrx_word' id='word_1_142' title='bbox 1307 1389 1471 1428; x_wconf 89' lang='lat' dir='ltr'>omnes,</span> 
     </span>
     <span class='ocr_line' id='line_1_18' title="bbox 87 1438 969 1498; baseline -0.007 -11"><span class='ocrx_word' id='word_1_143' title='bbox 87 1442 374 1487; x_wconf 87' lang='lat' dir='ltr'>verumetiam</span> <span class='ocrx_word' id='word_1_144' title='bbox 394 1440 448 1485; x_wconf 88' lang='lat' dir='ltr'>ad</span> <span class='ocrx_word' id='word_1_145' title='bbox 472 1439 667 1498; x_wconf 84' lang='lat' dir='ltr'>singulos</span> <span class='ocrx_word' id='word_1_146' title='bbox 689 1438 969 1497; x_wconf 89' lang='lat' dir='ltr'>pertinentia.</span> 
     </span>
    </p>

    <p class='ocr_par' dir='ltr' id='par_1_3' title="bbox 85 1507 1475 2551">
     <span class='ocr_line' id='line_1_19' title="bbox 147 1507 1472 1568; baseline -0.003 -11"><span class='ocrx_word' id='word_1_147' title='bbox 147 1513 268 1557; x_wconf 88' lang='lat' dir='ltr'>Sicut</span> <span class='ocrx_word' id='word_1_148' title='bbox 293 1511 416 1555; x_wconf 88' lang='lat' dir='ltr'>audit</span> <span class='ocrx_word' id='word_1_149' title='bbox 439 1524 540 1568; x_wconf 87' lang='lat' dir='ltr'>ergo</span> <span class='ocrx_word' id='word_1_150' title='bbox 560 1509 712 1561; x_wconf 87' lang='lat' dir='ltr'>Filius,</span> <span class='ocrx_word' id='word_1_151' title='bbox 734 1507 930 1567; x_wconf 65' lang='lat' dir='ltr'>judicat,</span> <span class='ocrx_word' id='word_1_152' title='bbox 954 1507 1042 1550; x_wconf 88' lang='lat' dir='ltr'>sive</span> <span class='ocrx_word' id='word_1_153' title='bbox 1063 1508 1165 1566; x_wconf 91' lang='lat' dir='ltr'>quia</span> <span class='ocrx_word' id='word_1_154' title='bbox 1187 1517 1230 1551; x_wconf 88' lang='lat' dir='ltr'>et</span> <span class='ocrx_word' id='word_1_155' title='bbox 1252 1509 1366 1553; x_wconf 87' lang='lat' dir='ltr'>filius</span> <span class='ocrx_word' id='word_1_156' title='bbox 1389 1511 1472 1553; x_wconf 90' lang='lat' dir='ltr'>ho-</span> 
     </span>
     <span class='ocr_line' id='line_1_20' title="bbox 88 1576 1473 1639; baseline -0.003 -12"><span class='ocrx_word' id='word_1_157' title='bbox 88 1583 215 1627; x_wconf 88' lang='lat' dir='ltr'>minis</span> <span class='ocrx_word' id='word_1_158' title='bbox 237 1591 325 1639; x_wconf 70' lang='lat' dir='ltr'>est,</span> <span class='ocrx_word' id='word_1_159' title='bbox 350 1581 438 1626; x_wconf 91' lang='lat' dir='ltr'>sive</span> <span class='ocrx_word' id='word_1_160' title='bbox 460 1579 563 1639; x_wconf 87' lang='lat' dir='ltr'>quia</span> <span class='ocrx_word' id='word_1_161' title='bbox 585 1594 674 1623; x_wconf 90' lang='lat' dir='ltr'>non</span> <span class='ocrx_word' id='word_1_162' title='bbox 699 1577 754 1620; x_wconf 91' lang='lat' dir='ltr'>de</span> <span class='ocrx_word' id='word_1_163' title='bbox 775 1592 818 1619; x_wconf 86' lang='lat' dir='ltr'>se</span> <span class='ocrx_word' id='word_1_164' title='bbox 842 1576 934 1634; x_wconf 87' lang='lat' dir='ltr'>ipso</span> <span class='ocrx_word' id='word_1_165' title='bbox 958 1586 1036 1629; x_wconf 89' lang='lat' dir='ltr'>est,</span> <span class='ocrx_word' id='word_1_166' title='bbox 1063 1577 1139 1620; x_wconf 88' lang='lat' dir='ltr'>sed</span> <span class='ocrx_word' id='word_1_167' title='bbox 1168 1579 1362 1622; x_wconf 89' lang='lat' dir='ltr'>Verbum</span> <span class='ocrx_word' id='word_1_168' title='bbox 1390 1583 1473 1623; x_wconf 88' lang='lat' dir='ltr'>Pa-</span> 
     </span>
     <span class='ocr_line' id='line_1_21' title="bbox 89 1645 1472 1705; baseline -0.004 -8"><span class='ocrx_word' id='word_1_169' title='bbox 89 1654 163 1697; x_wconf 90' lang='lat' dir='ltr'>tris</span> <span class='ocrx_word' id='word_1_170' title='bbox 197 1662 275 1697; x_wconf 87' lang='lat' dir='ltr'>est.</span> <span class='ocrx_word' id='word_1_171' title='bbox 309 1652 439 1705; x_wconf 85' lang='lat' dir='ltr'>Quod</span> <span class='ocrx_word' id='word_1_172' title='bbox 468 1650 582 1694; x_wconf 89' lang='lat' dir='ltr'>enirn</span> <span class='ocrx_word' id='word_1_173' title='bbox 609 1648 732 1693; x_wconf 86' lang='lat' dir='ltr'>nobis</span> <span class='ocrx_word' id='word_1_174' title='bbox 767 1655 859 1701; x_wconf 81' lang='lat' dir='ltr'>est,</span> <span class='ocrx_word' id='word_1_175' title='bbox 899 1661 999 1690; x_wconf 88' lang='lat' dir='ltr'>cum</span> <span class='ocrx_word' id='word_1_176' title='bbox 1024 1645 1250 1702; x_wconf 86' lang='lat' dir='ltr'>audimus,</span> <span class='ocrx_word' id='word_1_177' title='bbox 1288 1649 1472 1693; x_wconf 88' lang='lat' dir='ltr'>verbum</span> 
     </span>
     <span class='ocr_line' id='line_1_22' title="bbox 89 1699 1475 1782; baseline -0.004 -14"><span class='ocrx_word' id='word_1_178' title='bbox 89 1699 306 1782; x_wconf 47' lang='lat' dir='ltr'>accipe3e3</span> <span class='ocrx_word' id='word_1_179' title='bbox 331 1722 414 1765; x_wconf 89' lang='lat' dir='ltr'>hoc</span> <span class='ocrx_word' id='word_1_180' title='bbox 442 1720 505 1763; x_wconf 85' lang='lat' dir='ltr'>illi</span> <span class='ocrx_word' id='word_1_181' title='bbox 539 1728 602 1763; x_wconf 87' lang='lat' dir='ltr'>est</span> <span class='ocrx_word' id='word_1_182' title='bbox 626 1734 648 1761; x_wconf 91' lang='lat' dir='ltr'>a</span> <span class='ocrx_word' id='word_1_183' title='bbox 666 1721 787 1761; x_wconf 84' lang='lat' dir='ltr'>Patre</span> <span class='ocrx_word' id='word_1_184' title='bbox 810 1716 1004 1760; x_wconf 81' lang='lat' dir='ltr'>Verbum</span> <span class='ocrx_word' id='word_1_185' title='bbox 1029 1731 1133 1760; x_wconf 86' lang='lat' dir='ltr'>esse.</span> <span class='ocrx_word' id='word_1_186' title='bbox 1166 1718 1383 1770; x_wconf 86' lang='lat' dir='ltr'>Quoniam</span> <span class='ocrx_word' id='word_1_187' title='bbox 1416 1720 1475 1762; x_wconf 90' lang='lat' dir='ltr'>sic</span> 
     </span>
     <span class='ocr_line' id='line_1_23' title="bbox 85 1786 1473 1852; baseline -0.006 -14"><span class='ocrx_word' id='word_1_188' title='bbox 85 1793 170 1838; x_wconf 89' lang='lat' dir='ltr'>dici</span> <span class='ocrx_word' id='word_1_189' title='bbox 189 1800 329 1852; x_wconf 87' lang='lat' dir='ltr'>potest</span> <span class='ocrx_word' id='word_1_190' title='bbox 354 1794 476 1835; x_wconf 81' lang='lat' dir='ltr'>Pater</span> <span class='ocrx_word' id='word_1_191' title='bbox 497 1787 665 1832; x_wconf 87' lang='lat' dir='ltr'>dedisse</span> <span class='ocrx_word' id='word_1_192' title='bbox 688 1786 798 1830; x_wconf 87' lang='lat' dir='ltr'>Filio</span> <span class='ocrx_word' id='word_1_193' title='bbox 828 1786 1044 1839; x_wconf 83' lang='lat' dir='ltr'>Verbum,</span> <span class='ocrx_word' id='word_1_194' title='bbox 1071 1786 1154 1830; x_wconf 88' lang='lat' dir='ltr'>hoc</span> <span class='ocrx_word' id='word_1_195' title='bbox 1177 1795 1264 1841; x_wconf 89' lang='lat' dir='ltr'>est,</span> <span class='ocrx_word' id='word_1_196' title='bbox 1290 1797 1339 1831; x_wconf 88' lang='lat' dir='ltr'>ut</span> <span class='ocrx_word' id='word_1_197' title='bbox 1363 1789 1473 1832; x_wconf 82' lang='lat' dir='ltr'>Ver-</span> 
     </span>
     <span class='ocr_line' id='line_1_24' title="bbox 88 1854 1467 1921; baseline -0.004 -13"><span class='ocrx_word' id='word_1_198' title='bbox 88 1865 190 1909; x_wconf 90' lang='lat' dir='ltr'>bum</span> <span class='ocrx_word' id='word_1_199' title='bbox 214 1864 288 1915; x_wconf 60' lang='lat' dir='ltr'>sit,</span> <span class='ocrx_word' id='word_1_200' title='bbox 313 1858 685 1921; x_wconf 81' lang='lat' dir='ltr'>quemadmodum</span> <span class='ocrx_word' id='word_1_201' title='bbox 709 1856 869 1900; x_wconf 83' lang='lat' dir='ltr'>dicitur</span> <span class='ocrx_word' id='word_1_202' title='bbox 892 1854 1060 1898; x_wconf 87' lang='lat' dir='ltr'>dedisse</span> <span class='ocrx_word' id='word_1_203' title='bbox 1084 1855 1194 1900; x_wconf 91' lang='lat' dir='ltr'>Filio</span> <span class='ocrx_word' id='word_1_204' title='bbox 1220 1857 1365 1911; x_wconf 87' lang='lat' dir='ltr'>vitam,</span> <span class='ocrx_word' id='word_1_205' title='bbox 1386 1859 1467 1902; x_wconf 89' lang='lat' dir='ltr'>hoc</span> 
     </span>
     <span class='ocr_line' id='line_1_25' title="bbox 87 1924 1468 1988; baseline -0.004 -13"><span class='ocrx_word' id='word_1_206' title='bbox 87 1944 166 1988; x_wconf 83' lang='lat' dir='ltr'>est,</span> <span class='ocrx_word' id='word_1_207' title='bbox 183 1943 232 1978; x_wconf 86' lang='lat' dir='ltr'>ut</span> <span class='ocrx_word' id='word_1_208' title='bbox 242 1935 327 1978; x_wconf 86' lang='lat' dir='ltr'>vita</span> <span class='ocrx_word' id='word_1_209' title='bbox 346 1931 524 1988; x_wconf 90' lang='lat' dir='ltr'>sit.Ipse</span> <span class='ocrx_word' id='word_1_210' title='bbox 546 1942 734 1986; x_wconf 87' lang='lat' dir='ltr'>namque</span> <span class='ocrx_word' id='word_1_211' title='bbox 754 1927 813 1970; x_wconf 88' lang='lat' dir='ltr'>ait</span> <span class='ocrx_word' id='word_1_212' title='bbox 836 1944 844 1968; x_wconf 71' lang='grc' dir='ltr'>ε</span> <span class='ocrx_word' id='word_1_213' title='bbox 874 1924 1030 1969; x_wconf 86' lang='lat' dir='ltr'>«Sicut</span> <span class='ocrx_word' id='word_1_214' title='bbox 1048 1925 1178 1968; x_wconf 89' lang='lat' dir='ltr'>habet</span> <span class='ocrx_word' id='word_1_215' title='bbox 1202 1929 1326 1969; x_wconf 89' lang='lat' dir='ltr'>Pater</span> <span class='ocrx_word' id='word_1_216' title='bbox 1337 1928 1468 1970; x_wconf 87' lang='lat' dir='ltr'>vitam</span> 
     </span>
     <span class='ocr_line' id='line_1_26' title="bbox 89 1994 1468 2059; baseline -0.005 -15"><span class='ocrx_word' id='word_1_217' title='bbox 89 2005 169 2048; x_wconf 82' lang='lat' dir='ltr'>»in</span> <span class='ocrx_word' id='word_1_218' title='bbox 190 2002 433 2059; x_wconf 82' lang='lat' dir='ltr'>semetipso,</span> <span class='ocrx_word' id='word_1_219' title='bbox 448 1999 505 2042; x_wconf 87' lang='lat' dir='ltr'>sic</span> <span class='ocrx_word' id='word_1_220' title='bbox 523 1996 643 2042; x_wconf 86' lang='lat' dir='ltr'>dedit</span> <span class='ocrx_word' id='word_1_221' title='bbox 657 1995 768 2039; x_wconf 90' lang='lat' dir='ltr'>Filio</span> <span class='ocrx_word' id='word_1_222' title='bbox 787 1994 947 2038; x_wconf 85' lang='lat' dir='ltr'>habere</span> <span class='ocrx_word' id='word_1_223' title='bbox 958 1994 1093 2037; x_wconf 85' lang='lat' dir='ltr'>vitam</span> <span class='ocrx_word' id='word_1_224' title='bbox 1110 1994 1156 2037; x_wconf 92' lang='lat' dir='ltr'>in</span> <span class='ocrx_word' id='word_1_225' title='bbox 1172 1995 1468 2053; x_wconf 84' lang='lat' dir='ltr'>semetipso².»</span> 
     </span>
     <span class='ocr_line' id='line_1_27' title="bbox 87 2063 1466 2131; baseline -0.008 -11"><span class='ocrx_word' id='word_1_226' title='bbox 87 2078 184 2121; x_wconf 90' lang='lat' dir='ltr'>Non</span> <span class='ocrx_word' id='word_1_227' title='bbox 208 2073 358 2131; x_wconf 87' lang='lat' dir='ltr'>utique</span> <span class='ocrx_word' id='word_1_228' title='bbox 377 2078 425 2113; x_wconf 90' lang='lat' dir='ltr'>ut</span> <span class='ocrx_word' id='word_1_229' title='bbox 452 2067 572 2112; x_wconf 91' lang='lat' dir='ltr'>aliud</span> <span class='ocrx_word' id='word_1_230' title='bbox 592 2066 647 2110; x_wconf 91' lang='lat' dir='ltr'>sit</span> <span class='ocrx_word' id='word_1_231' title='bbox 668 2066 783 2124; x_wconf 90' lang='lat' dir='ltr'>ipse,</span> <span class='ocrx_word' id='word_1_232' title='bbox 817 2063 936 2107; x_wconf 86' lang='lat' dir='ltr'>aliud</span> <span class='ocrx_word' id='word_1_233' title='bbox 958 2064 1044 2107; x_wconf 89' lang='lat' dir='ltr'>vita</span> <span class='ocrx_word' id='word_1_234' title='bbox 1072 2079 1173 2122; x_wconf 89' lang='lat' dir='ltr'>quae</span> <span class='ocrx_word' id='word_1_235' title='bbox 1193 2065 1240 2107; x_wconf 88' lang='lat' dir='ltr'>in</span> <span class='ocrx_word' id='word_1_236' title='bbox 1260 2065 1354 2122; x_wconf 92' lang='lat' dir='ltr'>ipso</span> <span class='ocrx_word' id='word_1_237' title='bbox 1379 2075 1466 2120; x_wconf 90' lang='lat' dir='ltr'>est,</span> 
     </span>
     <span class='ocr_line' id='line_1_28' title="bbox 88 2133 1468 2192; baseline -0.007 -3"><span class='ocrx_word' id='word_1_238' title='bbox 88 2145 162 2189; x_wconf 90' lang='lat' dir='ltr'>sed</span> <span class='ocrx_word' id='word_1_239' title='bbox 192 2153 241 2186; x_wconf 86' lang='lat' dir='ltr'>ut</span> <span class='ocrx_word' id='word_1_240' title='bbox 270 2141 422 2186; x_wconf 86' lang='lat' dir='ltr'>eadem</span> <span class='ocrx_word' id='word_1_241' title='bbox 443 2138 531 2182; x_wconf 86' lang='lat' dir='ltr'>vita</span> <span class='ocrx_word' id='word_1_242' title='bbox 561 2137 615 2180; x_wconf 88' lang='lat' dir='ltr'>sit</span> <span class='ocrx_word' id='word_1_243' title='bbox 644 2134 761 2179; x_wconf 89' lang='lat' dir='ltr'>idem</span> <span class='ocrx_word' id='word_1_244' title='bbox 793 2136 896 2192; x_wconf 88' lang='lat' dir='ltr'>ipse.</span> <span class='ocrx_word' id='word_1_245' title='bbox 937 2133 1056 2176; x_wconf 85' lang='lat' dir='ltr'>Sicut</span> <span class='ocrx_word' id='word_1_246' title='bbox 1085 2147 1166 2176; x_wconf 90' lang='lat' dir='ltr'>nec</span> <span class='ocrx_word' id='word_1_247' title='bbox 1192 2136 1317 2176; x_wconf 84' lang='lat' dir='ltr'>Pater</span> <span class='ocrx_word' id='word_1_248' title='bbox 1349 2135 1468 2180; x_wconf 85' lang='lat' dir='ltr'>aliud</span> 
     </span>
     <span class='ocr_line' id='line_1_29' title="bbox 89 2200 1470 2273; baseline -0.004 -20"><span class='ocrx_word' id='word_1_249' title='bbox 89 2223 152 2261; x_wconf 74' lang='lat' dir='ltr'>est</span> <span class='ocrx_word' id='word_1_250' title='bbox 172 2226 303 2273; x_wconf 84' lang='lat' dir='ltr'>quam</span> <span class='ocrx_word' id='word_1_251' title='bbox 327 2210 414 2252; x_wconf 87' lang='lat' dir='ltr'>vita</span> <span class='ocrx_word' id='word_1_252' title='bbox 433 2222 533 2266; x_wconf 85' lang='lat' dir='ltr'>quae</span> <span class='ocrx_word' id='word_1_253' title='bbox 554 2206 600 2248; x_wconf 90' lang='lat' dir='ltr'>in</span> <span class='ocrx_word' id='word_1_254' title='bbox 625 2205 720 2264; x_wconf 91' lang='lat' dir='ltr'>ipso</span> <span class='ocrx_word' id='word_1_255' title='bbox 739 2211 802 2247; x_wconf 84' lang='lat' dir='ltr'>est</span> <span class='ocrx_word' id='word_1_256' title='bbox 826 2221 834 2246; x_wconf 89' lang='lat'>:</span> <span class='ocrx_word' id='word_1_257' title='bbox 860 2200 934 2246; x_wconf 90' lang='lat' dir='ltr'>sed</span> <span class='ocrx_word' id='word_1_258' title='bbox 965 2216 1059 2244; x_wconf 86' lang='lat' dir='ltr'>eam</span> <span class='ocrx_word' id='word_1_259' title='bbox 1083 2201 1218 2245; x_wconf 89' lang='lat' dir='ltr'>Filius</span> <span class='ocrx_word' id='word_1_260' title='bbox 1243 2203 1357 2246; x_wconf 88' lang='lat' dir='ltr'>Patri</span> <span class='ocrx_word' id='word_1_261' title='bbox 1380 2219 1470 2248; x_wconf 88' lang='lat' dir='ltr'>non</span> 
     </span>
     <span class='ocr_line' id='line_1_30' title="bbox 90 2270 1468 2340; baseline -0.007 -14"><span class='ocrx_word' id='word_1_262' title='bbox 90 2283 232 2333; x_wconf 74' lang='lat' dir='ltr'>dedit,</span> <span class='ocrx_word' id='word_1_263' title='bbox 256 2281 356 2340; x_wconf 83' lang='lat' dir='ltr'>quia</span> <span class='ocrx_word' id='word_1_264' title='bbox 380 2282 550 2322; x_wconf 87' lang='lat' dir='ltr'>Patrem</span> <span class='ocrx_word' id='word_1_265' title='bbox 571 2290 660 2318; x_wconf 91' lang='lat' dir='ltr'>non</span> <span class='ocrx_word' id='word_1_266' title='bbox 683 2273 833 2332; x_wconf 89' lang='lat' dir='ltr'>genuit</span> <span class='ocrx_word' id='word_1_267' title='bbox 860 2291 868 2316; x_wconf 75' lang='grc' dir='ltr'>ε</span> <span class='ocrx_word' id='word_1_268' title='bbox 895 2270 1016 2314; x_wconf 86' lang='lat' dir='ltr'>dedit</span> <span class='ocrx_word' id='word_1_269' title='bbox 1039 2280 1184 2314; x_wconf 86' lang='lat' dir='ltr'>autem</span> <span class='ocrx_word' id='word_1_270' title='bbox 1210 2274 1334 2315; x_wconf 85' lang='lat' dir='ltr'>Pater</span> <span class='ocrx_word' id='word_1_271' title='bbox 1356 2273 1468 2318; x_wconf 91' lang='lat' dir='ltr'>Filio</span> 
     </span>
     <span class='ocr_line' id='line_1_31' title="bbox 89 2341 1468 2410; baseline -0.009 -12"><span class='ocrx_word' id='word_1_272' title='bbox 89 2355 237 2406; x_wconf 86' lang='lat' dir='ltr'>vitam,</span> <span class='ocrx_word' id='word_1_273' title='bbox 261 2347 481 2410; x_wconf 85' lang='lat' dir='ltr'>gignendo</span> <span class='ocrx_word' id='word_1_274' title='bbox 502 2361 601 2389; x_wconf 91' lang='lat' dir='ltr'>eum</span> <span class='ocrx_word' id='word_1_275' title='bbox 621 2345 772 2397; x_wconf 86' lang='lat' dir='ltr'>vitam,</span> <span class='ocrx_word' id='word_1_276' title='bbox 790 2344 900 2386; x_wconf 84' lang='lat' dir='ltr'>sieut</span> <span class='ocrx_word' id='word_1_277' title='bbox 914 2350 975 2384; x_wconf 87' lang='lat' dir='ltr'>est</span> <span class='ocrx_word' id='word_1_278' title='bbox 989 2341 1117 2383; x_wconf 85' lang='lat' dir='ltr'>etiam</span> <span class='ocrx_word' id='word_1_279' title='bbox 1133 2341 1222 2398; x_wconf 91' lang='lat' dir='ltr'>ipse</span> <span class='ocrx_word' id='word_1_280' title='bbox 1243 2342 1345 2386; x_wconf 85' lang='lat' dir='ltr'>vita.</span> <span class='ocrx_word' id='word_1_281' title='bbox 1371 2345 1468 2388; x_wconf 92' lang='lat' dir='ltr'>Non</span> 
     </span>
     <span class='ocr_line' id='line_1_32' title="bbox 93 2411 1465 2478; baseline -0.008 -11"><span class='ocrx_word' id='word_1_282' title='bbox 93 2434 236 2468; x_wconf 80' lang='lat' dir='ltr'>autom</span> <span class='ocrx_word' id='word_1_283' title='bbox 261 2421 320 2465; x_wconf 85' lang='lat' dir='ltr'>sic</span> <span class='ocrx_word' id='word_1_284' title='bbox 347 2417 498 2478; x_wconf 85' lang='lat' dir='ltr'>genuit</span> <span class='ocrx_word' id='word_1_285' title='bbox 520 2415 712 2459; x_wconf 88' lang='lat' dir='ltr'>Verbum</span> <span class='ocrx_word' id='word_1_286' title='bbox 746 2423 950 2470; x_wconf 84' lang='lat' dir='ltr'>tanquam</span> <span class='ocrx_word' id='word_1_287' title='bbox 984 2419 1026 2453; x_wconf 86' lang='lat' dir='ltr'>et</span> <span class='ocrx_word' id='word_1_288' title='bbox 1060 2411 1149 2468; x_wconf 86' lang='lat' dir='ltr'>ipse</span> <span class='ocrx_word' id='word_1_289' title='bbox 1182 2411 1235 2454; x_wconf 90' lang='lat' dir='ltr'>sit</span> <span class='ocrx_word' id='word_1_290' title='bbox 1260 2411 1465 2456; x_wconf 87' lang='lat' dir='ltr'>Verbum.</span> 
     </span>
     <span class='ocr_line' id='line_1_33' title="bbox 93 2478 1472 2551; baseline -0.005 -18"><span class='ocrx_word' id='word_1_291' title='bbox 93 2495 235 2539; x_wconf 79' lang='lat' dir='ltr'>Vitam</span> <span class='ocrx_word' id='word_1_292' title='bbox 247 2491 409 2551; x_wconf 85' lang='lat' dir='ltr'>quippe</span> <span class='ocrx_word' id='word_1_293' title='bbox 429 2502 532 2532; x_wconf 88' lang='lat' dir='ltr'>cum</span> <span class='ocrx_word' id='word_1_294' title='bbox 554 2485 753 2537; x_wconf 88' lang='lat' dir='ltr'>dicimus,</span> <span class='ocrx_word' id='word_1_295' title='bbox 775 2491 916 2541; x_wconf 84' lang='lat' dir='ltr'>potest</span> <span class='ocrx_word' id='word_1_296' title='bbox 929 2495 1016 2523; x_wconf 87' lang='lat' dir='ltr'>esse</span> <span class='ocrx_word' id='word_1_297' title='bbox 1032 2479 1087 2522; x_wconf 89' lang='lat' dir='ltr'>de</span> <span class='ocrx_word' id='word_1_298' title='bbox 1106 2478 1227 2523; x_wconf 92' lang='lat' dir='ltr'>nullo</span> <span class='ocrx_word' id='word_1_299' title='bbox 1244 2479 1344 2535; x_wconf 88' lang='lat' dir='ltr'>alio,</span> <span class='ocrx_word' id='word_1_300' title='bbox 1361 2483 1472 2526; x_wconf 88' lang='lat' dir='ltr'>sicut</span> 
     </span>
    </p>
   </div>
   <div class='ocr_carea' id='block_1_3' title="bbox 139 2571 391 2615">
    <p class='ocr_par' dir='ltr' id='par_1_4' title="bbox 139 2571 391 2615">
     <span class='ocr_line' id='line_1_34' title="bbox 139 2571 391 2615; baseline 0.004 -14"><span class='ocrx_word' id='word_1_301' title='bbox 139 2583 150 2601; x_wconf 76' lang='lat' dir='ltr'>t</span> <span class='ocrx_word' id='word_1_302' title='bbox 173 2578 266 2611; x_wconf 79' lang='lat' dir='ltr'>Joan.</span> <span class='ocrx_word' id='word_1_303' title='bbox 285 2584 320 2615; x_wconf 83' lang='lat' dir='ltr'>v,</span> <span class='ocrx_word' id='word_1_304' title='bbox 337 2571 391 2609; x_wconf 84' lang='lat'>26.</span> 
     </span>
    </p>
   </div>
   <div class='ocr_carea' id='block_1_4' title="bbox 1219 2614 1282 2653">
    <p class='ocr_par' dir='ltr' id='par_1_5' title="bbox 1219 2614 1282 2653">
     <span class='ocr_line' id='line_1_35' title="bbox 1219 2614 1282 2653; baseline 0.016 -1"><span class='ocrx_word' id='word_1_305' title='bbox 1219 2614 1282 2653; x_wconf 87' lang='lat'>31.</span> 
     </span>
    </p>
   </div>
  </div>
 </body>
</html>
