1803 3250
2 0 10 78 ἓ

2 80 9 179 ἶ

0 203 4 241 J

0 329 2 368 ι

622 227 676 253 DE
712 224 883 253 NATURA
916 227 1028 253 nom.
1435 213 1517 250 277

136 303 238 333 vero
271 290 497 345 resederit,
521 290 711 334 laxatum
733 290 964 334 deducitur
989 291 1032 334 in
1056 300 1212 334 terram
1245 303 1319 349 per
1338 288 1516 348 frigora,

131 367 174 404 et
195 360 362 404 cunctis
390 370 515 404 terrae
542 361 770 419 generibus
798 359 1115 405 admiscetur.»
1141 362 1241 415 Quis
1261 360 1344 405 hoc
1372 359 1518 405 ferat?

133 431 240 482 Quis
257 431 340 475 hoc
363 431 526 486 credat,
552 447 641 475 non
662 430 761 475 dico
791 431 849 475 ita
873 446 977 486 esse,
1004 431 1079 476 sed
1098 432 1167 476 vel
1190 432 1276 477 dici
1297 432 1520 491 potuisse?

129 502 240 544 Ecce
267 501 343 561 qui
372 501 600 545 docentem
632 501 788 545 timent
817 502 1092 547 anathemare
1120 504 1431 560 Manichaeum,
1472 512 1516 551 et

129 586 220 616 non
233 572 391 616 timent
403 572 578 616 credere
594 572 689 617 haec
702 571 933 617 facientem
949 581 992 618 et
1003 573 1097 618 haec
1111 574 1345 633 patientem
1360 578 1515 620 Deum.

184 645 318 688 XLV.
355 646 437 687 Per
467 642 641 688 Electos
669 652 816 688 autem
853 658 950 688 suos
983 645 1159 703 purgari
1207 645 1363 690 dicunt
1398 658 1518 690 eam·-

128 715 231 759 dem
254 716 392 774 ipsam
425 716 702 759 commixtam
745 724 913 774 partem
942 731 991 760 ac
1027 725 1227 760 naturam
1261 717 1364 772 Dei,
1402 731 1516 760 man-

128 783 337 829 ducando
353 785 516 830 scilicet
537 794 579 830 et
602 786 793 831 bibendo
817 805 825 830 :
851 786 951 846 quia
969 802 1062 830 eam
1081 786 1126 830 in
1146 785 1359 831 alimentis
1373 787 1519 831 omni-

127 855 206 900 bus
224 855 379 900 dicunt
390 855 568 915 ligatam
583 857 742 913 teneri3
758 873 856 918 quae
873 873 971 902 cum
987 858 1040 902 ab
1056 858 1214 903 Electis
1227 857 1345 902 velut
1361 857 1520 902 sanctis

126 927 171 971 in
194 925 473 971 refectionem
495 930 688 984 corporis
703 928 1011 974 manducando
1026 939 1069 974 et
1084 929 1277 974 bibendo
1293 944 1519 988 assumun-

126 1007 212 1053 tur,
238 1013 316 1058 per
338 1013 490 1042 eorum
512 997 784 1042 sanctitatem
806 997 914 1042 solvi
932 1033 942 1052 ‚
968 1000 1127 1057 signari
1149 1008 1192 1043 et
1213 999 1400 1044 liberari.
1432 1002 1520 1045 Nec

126 1069 360 1114 attendunt
382 1068 551 1122 miseri,
579 1083 713 1128 quam
735 1083 825 1112 non
848 1068 1087 1112 inconcrue
1117 1068 1172 1114 de
1195 1068 1280 1114 illis
1304 1070 1519 1115 ereditum

125 1140 200 1195 sit,
225 1138 346 1199 quod
367 1138 528 1183 frustra
554 1147 737 1197 negant,
757 1138 838 1182 nisi
859 1138 1032 1183 eosdem
1055 1138 1189 1184 libros
1211 1141 1521 1185 anathemave-

126 1211 228 1266 rint,
253 1219 296 1254 et
315 1208 546 1254 Manichaei
567 1224 657 1252 esse
679 1207 938 1253 destiterint.
978 1209 1020 1254 Si
1045 1209 1183 1265 enim,
1210 1211 1321 1255 sicut
1345 1211 1519 1267 dicunt,

125 1283 172 1325 in
192 1281 397 1326 omnibus
425 1280 662 1325 seminibus
695 1289 759 1324 est
786 1279 918 1338 ligata
947 1295 1045 1339 pars
1067 1282 1172 1336 Dei,
1202 1290 1243 1325 et
1275 1282 1328 1325 ab
1362 1281 1521 1327 Electis

126 1351 436 1397 manducando
459 1360 688 1411 purgatur,
714 1351 811 1411 quis
830 1367 920 1396 non
935 1351 1066 1411 digne
1089 1351 1235 1397 credat
1253 1369 1324 1397 eos
1346 1354 1488 1397 facere
1506 1390 1517 1410 ‚

128 1424 251 1483 quod
266 1432 379 1467 mter
396 1423 578 1467 virtutes
596 1421 809 1466 coelorum
825 1432 868 1466 et
888 1422 1106 1482 principes
1123 1424 1406 1467 tenebrarum
1424 1424 1518 1468 fieri

127 1495 172 1538 in
197 1495 416 1538 Thesauro
433 1508 512 1538 suo
528 1493 709 1552 legunt3
733 1492 1093 1553 quandoquidem
1115 1504 1157 1538 et
1179 1510 1330 1539 carnes
1345 1510 1440 1539 suas
1461 1493 1517 1539 de

126 1573 254 1623 gente
275 1564 558 1608 tenebrarum
574 1579 663 1608 esse
686 1563 852 1617 dicunt,
880 1564 986 1608 etin
1005 1565 1063 1608 eis
1085 1564 1264 1623 ligatam
1288 1564 1426 1608 teneri
1454 1566 1520 1609 vi-

126 1635 256 1681 talem
279 1635 398 1680 illam
424 1636 732 1689 substantiam,
753 1644 922 1695 partem
938 1635 1031 1690 Dei,
1058 1635 1234 1680 credere
1256 1645 1388 1696 atque
1401 1637 1519 1681 affir-

125 1723 242 1751 mare
263 1723 353 1752 non
375 1708 578 1752 dubitant
601 1708 619 1749 ‘?
641 1710 749 1761 Quae
769 1708 918 1768 utique
936 1707 970 1751 si
992 1706 1199 1751 solvenda
1213 1718 1298 1762 est,
1324 1717 1367 1752 et
1387 1723 1516 1752 nian-

124 1776 329 1822 duca'ndo
351 1778 596 1837 purganda,
621 1778 731 1822 sicut
761 1793 833 1823 eos
866 1776 992 1822 fateri
1019 1778 1135 1837 cogit
1167 1778 1367 1823 funestus
1396 1794 1516 1824 error

124 1849 341 1907 ipsorum,
371 1849 468 1908 quis
495 1863 585 1893 non
614 1847 786 1903 videat,
811 1848 906 1908 quis
934 1863 1024 1892 non
1061 1849 1315 1903 exhorreat,
1352 1859 1517 1909 quanta

124 1919 354 1977 turpitudo
376 1928 421 1963 et
442 1934 575 1979 quam
593 1917 756 1963 nefaria
780 1920 1104 1978 consequatur?

182 1991 340 2034 XLVI.
375 1991 486 2035 Nam
509 1998 552 2034 et
573 2006 595 2034 a
625 1988 887 2050 quibusdam
915 1989 1186 2048 principibus
1216 1990 1354 2049 gentis
1393 1999 1516 2035 tene-

125 2061 303 2104 brarum
325 2060 386 2104 sic
407 2059 560 2104 dicunt
586 2060 727 2104 Adam
748 2059 938 2119 primum
960 2060 1183 2104 hominem
1206 2069 1400 2105 creatum
1419 2096 1430 2116 ‚
1465 2071 1514 2106 ut

124 2129 276 2174 lumen
293 2130 347 2174 ab
371 2130 497 2175 eisne
518 2129 689 2189 fugeret
710 2139 943 2175 teneretur.
970 2132 1024 2174 In
1045 2129 1225 2189 epistola
1247 2131 1362 2175 enim
1381 2147 1515 2191 quam

126 2200 422 2246 Fundamenti
453 2201 700 2262 appellant,
730 2202 953 2262 quomodo
981 2202 1182 2260 princeps
1214 2203 1512 2248 tenebrarum.

124 2287 257 2332 quem
277 2280 445 2331 patrem
469 2273 597 2331 primi
618 2272 805 2316 hominis
827 2271 1067 2326 inducunt,
1094 2273 1148 2316 ad
1171 2282 1347 2316 caeteros
1375 2274 1512 2318 socios

124 2358 224 2387 suos
257 2343 539 2387 tenebrarum
578 2343 793 2402 principes
824 2342 997 2388 locutus
1022 2342 1157 2387 fuerit
1185 2352 1227 2387 et
1253 2335 1416 2402 egerit,
1449 2346 1509 2390 ita

126 2413 573 2472 scripsitManichaeus
593 2432 602 2458 ε
627 2432 647 2455 «
664 2413 830 2473 Iniquis
852 2414 984 2471 igitur
1006 2415 1261 2458 commentis
1277 2415 1331 2458 ad
1349 2417 1511 2474 eosqui

129 2482 309 2528 aderant
326 2483 385 2527 ait
403 2502 412 2528 :
434 2484 551 2536 Quid
566 2483 689 2528 vobis
700 2484 875 2528 videtur
887 2486 1121 2528 maximum
1134 2484 1216 2528 hoc
1229 2483 1380 2529 lumen
1391 2486 1512 2544 quod

130 2553 297 2599 oritur?
321 2552 550 2600 intuemini
565 2553 936 2614 quemadmodum
958 2553 1108 2614 polum
1130 2564 1292 2607 movet,
1317 2555 1510 2600 concutit
