1803 3250
319 180 401 218 256
754 187 786 217 s.
823 189 1052 220 Aucusnm
1088 193 1265 220 EPISCOPI

316 273 415 316 quae
436 255 617 313 dignum
632 265 762 300 estut
782 260 873 303 Deo
890 261 1055 304 auctori
1084 260 1325 304 tribuamus
1339 295 1349 314 ‚
1375 261 1500 305 ethis
1520 262 1699 308 sublatis

315 327 538 370 videamus
563 335 710 370 utrum
739 328 878 388 aliqua
908 340 1060 375 natura
1092 331 1346 374 remanebit.
1371 331 1523 375 Omnis
1550 332 1636 376 vita
1658 343 1701 378 et

317 412 469 454 magna
491 406 533 440 et
557 413 703 456 parva,
727 400 865 443 omnis
885 402 1077 460 potentia
1095 410 1137 446 ct
1157 417 1312 460 magna
1331 411 1374 446 et
1391 418 1537 462 parva,
1562 403 1701 448 omnis

314 467 427 511 salus
463 477 506 512 ct
541 483 698 528 magna
725 479 768 514 ct
796 486 946 530 parva,
990 473 1130 517 omnis
1170 474 1376 517 memoria
1404 482 1447 518 et
1475 489 1628 531 magna
1658 483 1701 518 et

315 555 460 599 parva,
494 542 632 586 omnis
654 542 790 593 virtus
811 552 853 588 ct
874 559 1030 603 magna
1054 554 1096 589 et
1119 561 1265 605 parva,
1292 549 1430 590 omnis
1454 546 1701 592 intellectus

314 620 357 654 et
387 627 569 671 magnus
605 621 646 658 et
677 629 858 673 parvus,
894 616 1034 660 omnis
1065 615 1354 676 tranquillitas
1388 626 1431 660 et
1467 632 1620 675 magna
1659 625 1702 661 et

313 697 459 742 parva,
501 684 640 728 omnis
669 686 792 744 copia
827 695 869 730 ct
891 701 1046 744 magna
1075 696 1117 730 ct
1139 702 1286 745 parva,
1328 687 1469 731 omnis
1488 702 1636 731 sensus
1658 696 1701 732 et

312 768 495 813 magnus
518 764 560 798 et
582 771 756 815 parvuS,
782 771 911 800 omnc
943 756 1091 800 lumen
1125 766 1168 800 ct
1199 772 1403 816 magnum
1427 766 1470 802 et
1500 773 1697 817 parvum,

312 825 450 869 omnis
463 827 648 871 suavitas
660 835 702 870 et
717 842 873 885 magna
892 836 935 871 et
951 842 1098 885 parva,
1113 828 1252 872 omnis
1267 843 1466 872 mensura
1485 838 1527 872 et
1545 844 1701 887 magna

311 904 355 939 ct
372 911 518 954 parva,
536 897 675 940 omnis
693 896 978 956 pulchritudo
995 907 1037 941 et
1056 913 1209 956 magna
1228 908 1270 943 ct
1287 914 1436 958 parva,
1462 900 1602 943 omnis
1621 915 1702 958 pax

311 975 353 1010 et
375 982 531 1027 magna
554 977 597 1012 et
617 983 772 1028 parva,
804 977 848 1013 ct
875 971 910 1014 si
932 985 1018 1030 qua
1042 969 1195 1015 similia
1216 986 1443 1015 occurrere
1464 980 1698 1030 poterunt,

311 1038 583 1098 maximoque
605 1038 678 1084 illa
701 1055 801 1100 quae
818 1055 895 1100 per
916 1040 1062 1085 omnia
1082 1041 1374 1101 reperiuntur,
1393 1042 1480 1086 sive
1498 1040 1704 1101 spiritalia

311 1108 398 1153 sive
421 1110 681 1170 corporalia,
700 1112 841 1156 omnis
864 1111 1036 1167 modus,
1062 1112 1201 1157 omnis
1222 1114 1397 1173 species,
1419 1114 1558 1158 omnis
1577 1112 1701 1168 ordo,

309 1189 353 1224 et
384 1196 567 1241 magnus
599 1191 642 1227 et
673 1198 847 1243 parvus,
873 1199 896 1228 a
915 1184 1100 1229 Domino
1134 1188 1221 1229 Deo
1243 1194 1360 1229 suut.
1384 1185 1554 1238 Quibus
1577 1183 1704 1229 bonis

310 1252 513 1297 omnibus
548 1253 624 1314 qui
661 1254 773 1298 male
806 1255 871 1298 uti
907 1254 1093 1300 voluerit
1108 1291 1118 1310 ‚
1161 1255 1310 1300 divino
1343 1255 1513 1316 judicio
1552 1270 1704 1315 poenas

308 1322 428 1368 luet:
452 1324 530 1368 ubi
553 1333 699 1369 autem
722 1325 894 1370 nullum
916 1328 1074 1372 horum
1097 1327 1278 1372 omnino
1304 1326 1453 1383 fuerit,
1479 1325 1599 1371 nulla
1623 1342 1702 1371 na-

309 1404 406 1440 tura
424 1397 680 1442 remanebit.

370 1469 488 1511 XIV.
519 1469 604 1513 Sed
633 1469 676 1513 in
705 1469 771 1513 his
799 1470 1004 1514 omnibus
1026 1486 1319 1530 quaecumque
1339 1485 1470 1530 parva
1500 1480 1630 1526 sunt,
1657 1472 1702 1514 in

310 1539 524 1599 majorum
544 1540 870 1600 comparatione
889 1542 1113 1586 contrariis
1129 1542 1383 1586 nominibus
1405 1541 1701 1602 appellantur:

308 1609 421 1655 sicut
443 1611 488 1655 in
510 1612 697 1657 hominis
716 1612 855 1658 forma
875 1614 977 1673 quia
1000 1615 1136 1674 major
1150 1623 1214 1658 est
1232 1613 1531 1674 pulchritudo,
1552 1615 1596 1657 in
1612 1615 1703 1674 ejus

308 1684 632 1743 comparatione
660 1684 794 1728 simiae
826 1684 1112 1746 pulchritudo
1145 1685 1399 1730 deformitas
1429 1685 1589 1730 dicitur
1614 1704 1622 1730 :
1661 1694 1705 1730 ct

310 1752 421 1798 fallit
442 1755 743 1815 imprudentes
758 1792 768 1812 ‚
793 1766 1001 1818 tanquam
1026 1756 1136 1801 illud
1154 1757 1207 1802 sit
1230 1758 1394 1801 bonum
1410 1793 1420 1812 ,
1447 1766 1489 1801 et
1510 1757 1593 1801 hoc
1612 1772 1705 1800 ma-

307 1823 424 1884 lum3
449 1841 529 1871 nec
553 1826 789 1872 intendunt
812 1827 857 1872 in
879 1843 1060 1887 corpore
1083 1829 1219 1872 simiae
1237 1828 1416 1886 modum
1447 1828 1700 1887 proprium,

310 1897 576 1958 parilitatem
600 1914 649 1943 ex
681 1908 869 1960 utroque
899 1899 1034 1944 latere
1062 1900 1358 1944 membrorum
1377 1935 1387 1954 ,
1423 1899 1701 1944 concordiam

310 1969 522 2028 partium,
549 1970 860 2015 incolumitatis
884 1971 1144 2026 custodiam,
1170 1981 1213 2015 et
1229 1980 1407 2025 caetera,
1433 1986 1533 2031 quae
1553 1985 1701 2030 perse-

309 2041 385 2100 qui
407 2040 590 2101 lougum
613 2051 691 2087 est.

368 2114 465 2156 XV.
505 2112 589 2157 Sed
611 2123 660 2157 ut
683 2112 804 2174 quod
825 2112 1009 2158 dicimus
1031 2113 1317 2173 intelligatur,
1345 2122 1390 2158 et
1410 2113 1593 2158 nimium
1613 2123 1702 2157 tar-

310 2182 375 2227 dis
399 2184 499 2228 satis
523 2185 624 2241 fiat,
650 2185 720 2230 vel
742 2186 871 2231 etiam
894 2187 1133 2246 pertinaces
1165 2195 1207 2230 et
1230 2185 1507 2246 apertissimae
1531 2185 1703 2231 veritati

310 2266 604 2315 repugnantes
625 2267 840 2317 cogantur
859 2259 980 2318 quod
1003 2273 1154 2302 verum
1179 2267 1243 2302 cst
1264 2258 1460 2302 confiteri
1478 2293 1488 2313 ,
1516 2257 1701 2302 interro-

311 2336 468 2386 gentur
490 2337 638 2373 utrum
658 2330 829 2390 corpori
844 2330 977 2374 simiae
992 2330 1123 2389 possit
1138 2345 1296 2374 nocere
1318 2329 1556 2389 corruptio.
1574 2329 1703 2382 Quod

311 2399 344 2443 si
367 2409 536 2459 potest,
562 2410 612 2445 ut
635 2401 797 2446 foedius
819 2401 915 2456 fiat,
942 2401 1049 2462 quid
1072 2401 1232 2446 minuit
1255 2401 1335 2446 nisi
1365 2399 1703 2460 pulchritudinis

310 2470 477 2517 bonum
495 2474 513 2517 P
537 2473 663 2518 Unde
685 2472 840 2518 tandiu
862 2473 1027 2533 aliquid
1052 2473 1309 2528 remanebit,
1336 2472 1531 2532 quandiu
1547 2488 1703 2532 corpo-

309 2544 368 2590 ris
393 2553 549 2591 natura
585 2545 795 2592 subsistit.
823 2544 1012 2592 Proinde
1046 2545 1079 2591 si
1112 2537 1371 2606 consumpto
1399 2545 1518 2591 bono
1546 2554 1702 2591 natura
