1803 3250
448 192 611 222 CONTRA
646 191 862 231 nusum,
899 194 979 221 Lm.
1018 194 1128 221 xxn.
1428 183 1484 221 63

98 268 223 304 terrae
254 259 456 305 incendio
483 260 691 304 liberatus
713 259 783 314 sit,
811 268 854 303 et
871 260 959 319 ejus
981 260 1159 320 posteris
1181 268 1294 304 terra
1316 274 1487 319 posses-

95 330 225 374 sionis
257 339 434 390 propter
465 331 701 386 Abraham,
735 330 811 390 qui
844 339 1022 389 patruus
1051 332 1142 391 ejus
1172 329 1333 385 suerat,
1369 329 1488 374 dono

99 400 176 445 Dei
212 400 313 446 data
345 401 413 446 sit.
455 403 558 446 Haec
591 400 715 445 nobis
748 400 899 444 merita
931 400 976 443 in
1007 400 1090 444 illis
1121 401 1241 444 libris
1269 399 1490 445 laudanda

97 481 420 531 proponuntur,
446 487 535 516 non
557 471 757 525 ebrietas,
784 486 873 515 non
894 470 1082 515 incestus
1100 489 1108 514 :
1129 470 1203 513 sed
1225 486 1325 514 cum
1345 471 1491 515 homi-

97 542 163 586 nis
185 541 378 602 ejusdem
412 551 455 587 et
488 551 603 587 recte
624 541 788 586 factum
812 551 855 586 et
874 550 1102 601 peecatum
1130 540 1341 599 scriptum
1362 541 1489 586 inve-

95 613 257 669 nimus,
277 612 398 657 aliud
419 613 664 658 insinuatur
684 611 962 667 imitandum,
989 610 1108 655 aliud
1131 610 1485 671 praecavendum.

96 686 231 728 Porro
262 683 297 728 si
332 693 559 744 peccatum
593 683 724 739 Loth,
763 683 833 727 eui
869 682 1136 742 perhibitum
1166 691 1229 726 est
1251 691 1488 743 antequam

95 763 295 814 peccaret
320 754 500 815 justitiae
529 755 844 809 testimonium,
881 770 971 799 non
997 752 1128 798 modo
1157 769 1245 798 non
1270 752 1492 798 decolorat

96 825 368 871 divinitatem
399 826 475 870 Dei
507 825 576 871 vel
611 826 845 886 Scripturae
875 825 991 870 illius
1014 826 1287 880 veritatem¹,
1311 840 1490 873 verum-

95 897 225 942 etiam
246 896 513 942 laudandam
534 896 890 958 diligendamque
919 896 1215 952 commendat,
1247 896 1369 957 quod
1390 905 1489 940 tan-

94 984 228 1029 quam
256 968 420 1028 speculi
451 968 592 1013 fidelis
622 970 753 1025 nitor,
785 968 1062 1014 admotarum
1095 968 1177 1013 sibi
1207 983 1489 1028 personarum

94 1054 184 1084 non
211 1038 354 1084 solum
381 1055 481 1100 quae
510 1039 693 1099 pulchra
715 1050 847 1099 atque
870 1040 1055 1098 integra,
1080 1039 1366 1084 verumetiam
1389 1054 1490 1098 quae

94 1109 309 1155 deformia
340 1111 580 1171 vitiosaque
607 1111 716 1165 sint,
752 1110 937 1166 indicat,
972 1119 1138 1170 quanto
1167 1110 1300 1167 magis
1320 1109 1489 1153 factum

96 1181 241 1238 Judae,
271 1181 390 1243 quod
420 1198 520 1228 cum
543 1197 618 1227 sua
642 1197 758 1226 nuru
779 1182 1020 1226 concubuit
1031 1185 1064 1236 ²,
1095 1181 1204 1225 nihil
1227 1181 1406 1225 omnino
1424 1178 1492 1224 af-

93 1251 200 1309 fert,
226 1252 344 1298 unde
369 1253 602 1298 auctoritas
624 1261 770 1298 sancta
793 1251 1024 1313 culpetur:
1050 1268 1149 1312 quae
1181 1252 1226 1296 in
1256 1251 1340 1296 illis
1369 1251 1490 1296 libris

94 1321 280 1369 fundata
314 1325 573 1384 persistens,
619 1339 706 1368 non
748 1332 918 1368 tantum
952 1322 1310 1383 paucissimorum
1348 1322 1493 1368 Mani-

93 1396 317 1441 chaeorum
332 1396 619 1441 calumniosas
635 1395 841 1454 argutias,
859 1394 1145 1439 verumetiam
1162 1393 1404 1439 Gentilium
1424 1401 1490 1437 tot

95 1475 407 1527 tantorumque
428 1466 693 1527 populorum
711 1465 949 1510 horrendas
966 1465 1213 1510 inimicitias
1229 1464 1375 1509 divino
1389 1464 1491 1524 jure

94 1539 351 1593 contemnit,
379 1553 489 1599 quos
510 1553 622 1598 pene
639 1539 729 1598 jam
752 1546 866 1583 totos
883 1553 906 1581 a
925 1536 1088 1581 nefaria
1106 1535 1412 1595 superstitione
1430 1535 1490 1579 si-

92 1609 405 1664 mulacrorum,
431 1610 487 1653 ad
504 1609 634 1653 unius
654 1609 730 1653 Dei
751 1609 842 1652 veri
862 1607 1031 1653 cultum
1050 1608 1286 1652 christiano
1306 1606 1488 1666 imperio

93 1680 359 1741 subjugavit,
397 1678 591 1725 edomito
622 1680 728 1724 orbe
752 1689 980 1733 terrarum,
1007 1694 1096 1724 non
1117 1678 1322 1724 violentia
1344 1676 1492 1722 bellici

91 1752 354 1807 certaminis,
382 1751 457 1796 sed
479 1751 652 1796 invictae
673 1752 867 1811 potentia
889 1752 1095 1797 veritatis.
1124 1750 1206 1795 Ubi
1229 1750 1345 1794 enim
1368 1749 1490 1794 litte-

92 1838 239 1867 rarum
281 1822 456 1867 illarum
489 1821 693 1867 laudatus
730 1831 794 1866 est
829 1822 995 1866 Judas?
1030 1820 1147 1875 Quid
1185 1820 1239 1864 de
1274 1819 1350 1864 illo
1385 1820 1490 1864 boni

95 1894 317 1955 Scriptura
338 1893 411 1939 illa
434 1902 587 1939 testata
609 1902 689 1949 est,
713 1893 795 1938 nisi
818 1893 937 1954 quod
968 1894 1013 1937 in
1039 1892 1270 1953 prophetia
1304 1891 1486 1946 Christi,

91 1965 168 2026 qui
201 1981 252 2009 ex
283 1965 374 2025 ejus
407 1965 527 2009 tribu
560 1964 938 2025 praenuntiabatur
981 1965 1027 2008 in
1074 1979 1204 2008 carne
1240 1972 1450 2007 venturus
1475 1996 1487 2016 ‚

91 2035 397 2082 benedictione
428 2036 560 2096 patris
591 2037 657 2081 sui
688 2051 778 2096 prae
811 2036 976 2081 caeteris
1010 2035 1343 2081 commendatus
1377 2033 1488 2078 emi-

92 2108 191 2152 nuit
206 2109 239 2151 3.

151 2180 268 2223 LXI.
304 2180 524 2223 Caeterum
545 2178 602 2223 ad
624 2177 685 2233 id,
722 2177 844 2238 quod
871 2193 973 2222 eum
1008 2180 1192 2222 Faustus
1222 2175 1486 2220 fornicatum

91 2250 471 2308 commemoravit,
509 2250 709 2295 addimus
732 2266 811 2295 nos
840 2249 982 2306 aliud,
1010 2250 1129 2311 quod
1157 2249 1334 2294 fratrem
1356 2261 1486 2293 suum

92 2321 255 2381 Joseph
300 2321 347 2364 in
388 2323 631 2380 AEgyptum
672 2321 869 2367 vendidit
885 2323 915 2366 ⁴.
958 2322 1185 2382 Numquid
1228 2322 1486 2382 cujusquam

93 2391 291 2436 membra
303 2389 483 2436 distorta
496 2391 735 2452 depravant
748 2392 909 2449 lucem,
921 2409 1019 2454 quae
1032 2402 1190 2438 cuncta
1200 2392 1492 2437 demonstrat?

97 2463 166 2509 Sic
195 2478 276 2508 nec
303 2463 545 2524 cujuspiam
572 2463 803 2511 malefacta
825 2464 983 2510 malam
1007 2465 1272 2525 Scripturam
1298 2462 1482 2518 faciunt,

145 2547 157 2571 ¹
176 2547 252 2592 Sap.
271 2558 306 2590 x,
327 2547 418 2581 6.-
433 2553 447 2572 ²
471 2549 552 2583 Gen.
576 2558 713 2588 xxxvm,
735 2547 788 2583 15.
804 2565 846 2574 -
863 2546 877 2574 3
894 2548 943 2583 Id.
964 2559 1050 2589 xmx,
1069 2548 1101 2583 8.
1119 2566 1161 2576 —
1181 2547 1199 2581 4
1216 2549 1262 2583 Id.
1284 2559 1408 2592 xxxvu,
1431 2549 1485 2582 28.
