1803 3250
308 207 387 243 276
746 215 777 241 s.
816 210 1050 240 Aucus-rim
1087 211 1266 240 Emscom

300 281 493 340 complet
515 278 802 322 voluntatem.
846 281 1008 323 Harum
1041 293 1144 323 vero
1178 277 1389 322 virtutum
1412 278 1657 323 divinarum
1678 315 1688 335 ‚

301 367 401 411 quie
429 349 483 392 ad
513 349 646 392 instar
673 349 858 409 conjugii
881 358 1031 393 contra
1054 346 1222 392 inferna
1246 361 1401 405 genera
1424 356 1691 404 statuuntur,

300 435 487 481 quaeque
509 419 731 464 alacritate
749 435 797 465 ac
819 418 1029 465 facilitate
1050 418 1095 463 id
1119 417 1241 479 quod
1263 418 1573 476 cogitaverint,
1598 433 1695 463 mo-

299 501 448 536 mento
470 489 625 535 eodem
655 491 867 547 essiciunt,
900 490 1041 550 plenae
1064 498 1167 534 sunt
1188 489 1346 533 lucidae
1369 504 1514 535 naves.
1544 492 1697 550 Itaque

297 578 397 607 cum
416 561 525 606 ratio
543 562 790 621 poposcerit
806 571 857 606 ut
879 561 1080 606 masculis
1096 570 1334 621 appareant
1354 557 1518 605 eaedem
1536 569 1696 605 sanctae

308 634 506 689 virtutes,
530 631 648 679 illico
670 635 798 678 etiam
830 649 950 678 suam
980 634 1167 692 elligiem
1198 632 1418 692 virginum
1453 631 1696 691 pulcherri-

299 720 471 750 marum
493 705 650 750 habitu
663 704 978 749 demonstrant.
996 707 1163 748 Rursus
1183 718 1283 747 cum
1299 702 1354 747 ad
1374 702 1575 747 foeminas
1588 717 1695 748 ven-

297 787 391 823 tum
432 777 586 832 fuerit,
629 786 941 836 postponentes
978 775 1140 835 species
1171 775 1390 833 virginum
1408 811 1421 831 ,
1454 790 1692 835 puerorum

293 849 525 894 investium
548 848 734 908 speciem
752 847 1007 892 ostendunt.
1033 849 1125 891 Hoc
1147 855 1294 891 autem
1308 849 1403 892 visu
1420 848 1580 892 decoro
1595 846 1693 891 illa·

293 936 391 964 rum
414 919 543 964 ardor
560 929 602 963 et
623 918 976 978 concupiscentia
994 918 1165 973 crescit,
1192 927 1323 978 atque
1342 920 1425 963 hoc
1443 919 1575 963 modo
1596 919 1693 964 vin-

292 990 442 1036 culum
467 991 747 1050 pessimarum
765 989 1082 1049 cogitationum
1106 1004 1256 1033 earum
1279 988 1479 1044 solvitur,
1505 989 1692 1050 vivaque

296 1064 440 1108 anima
462 1079 562 1122 quae
585 1060 841 1107 eorumdem
866 1061 1072 1106 membris
1095 1061 1348 1117 tenebatur,
1368 1062 1449 1106 hac
1468 1062 1692 1106 occasione

296 1135 439 1179 laxata
460 1133 628 1188 evadit,
653 1144 697 1179 et
722 1149 801 1179 suo
823 1134 1052 1193 purissimo
1067 1133 1152 1177 aeri
1168 1134 1398 1191 miscetur3
1425 1133 1500 1177 ubi
1520 1134 1693 1193 penitus

300 1205 463 1250 ablutae
490 1205 645 1249 animae
680 1204 925 1249 ascendunt
947 1204 1002 1249 ad
1026 1202 1192 1248 lucidas
1214 1220 1343 1249 naves
1359 1239 1370 1260 ,
1404 1220 1505 1264 quae
1533 1204 1614 1248 sibi
1638 1205 1694 1248 ad

300 1277 616 1322 evectationem
652 1286 783 1337 atque
814 1277 869 1320 ad
891 1292 980 1320 suae
1001 1276 1151 1336 patriae
1174 1276 1571 1321 transfretationem
1591 1284 1694 1320 sunt

299 1358 566 1409 praeparatae.
595 1349 646 1393 Id
674 1364 777 1393 vero
799 1348 920 1409 quod
947 1347 1092 1392 adhuc
1114 1347 1282 1392 adversi
1306 1347 1473 1406 generis
1500 1346 1692 1392 maculas

300 1430 473 1480 portat,
507 1435 583 1479 per
611 1429 741 1464 aestus
774 1429 905 1479 atque
928 1419 1091 1463 calores
1125 1418 1416 1478 particulatim
1447 1417 1687 1475 descendit,

296 1502 426 1553 atque
443 1495 698 1551 caeterisque
716 1490 1060 1551 plantationibus
1073 1506 1122 1535 ac
1137 1490 1236 1535 satis
1249 1491 1454 1535 omnibus
1467 1492 1688 1547 miscetur,

295 1573 338 1608 et
359 1562 574 1608 caloribus
596 1561 775 1607 diversis
791 1562 999 1606 inficitur.
1025 1564 1082 1606 Et
1099 1577 1188 1622 quo
1205 1570 1333 1622 pacto
1356 1577 1407 1605 ex
1429 1562 1509 1606 ista
1534 1577 1692 1621 magna

295 1643 339 1679 et
362 1634 593 1679 clarissima
610 1635 710 1678 navi
732 1633 884 1692 figurae
907 1648 1143 1692 puerorum
1162 1648 1210 1677 ac
1231 1633 1454 1692 virginum
1478 1641 1692 1693 apparent

295 1705 520 1751 contrariis
554 1705 866 1766 potestatibus,
907 1721 1005 1764 quae
1035 1705 1081 1749 in
1117 1704 1240 1749 coelis
1268 1704 1462 1765 degunt,
1503 1720 1692 1766 quaeque

296 1779 467 1837 igneam
491 1778 657 1822 habent
689 1787 917 1834 naturam3
954 1786 1085 1837 atque
1112 1792 1163 1821 ex
1192 1779 1274 1822 isto
1297 1787 1474 1837 aspectu
1497 1778 1657 1822 decoro
1675 1812 1686 1834 ,

298 1851 398 1894 vitae
429 1865 527 1910 pars
557 1865 658 1910 quae
694 1849 739 1893 in
778 1849 1032 1894 earumdem
1067 1849 1270 1893 membris
1293 1849 1509 1905 habetur,
1545 1849 1688 1894 laxata

297 1923 529 1967 deducitur
548 1937 624 1982 per
655 1921 818 1967 calores
842 1922 887 1965 in
917 1931 1074 1966 terram
1095 1921 1275 1967 :eodem
1308 1921 1439 1966 modo
1464 1923 1594 1967 etiam
1613 1922 1687 1966 illa

300 1994 502 2038 altissima
535 1994 698 2047 virtus,
724 2009 824 2054 quae
864 1994 908 2036 in
942 1994 1041 2038 navi
1073 1992 1270 2038 vitalis-,m
1308 2010 1520 2054 aquarum
1557 1995 1686 2039 habi-

302 2075 388 2120 tat,
414 2065 460 2109 in
483 2064 767 2110 similitudine
785 2078 1022 2125 puerorum
1045 2081 1093 2110 ac
1109 2066 1324 2124 virginum
1348 2075 1593 2111 sanctarum
1613 2081 1690 2126 per

299 2153 397 2182 suos
415 2137 591 2196 angelos
613 2146 791 2196 apparet
812 2137 878 2181 his
899 2137 1114 2196 potestati]
1140 2154 1203 2192 ῆς,
1231 2153 1416 2198 quarum
1438 2147 1593 2182 natura
1610 2137 1691 2183 fri—

300 2210 398 2269 gida
421 2218 486 2253 est
507 2219 638 2270 atque
658 2208 838 2253 humida
856 2243 866 2263 ‚
900 2224 1089 2269 quaeque
1116 2209 1162 2252 in
1184 2208 1307 2254 coelis
1328 2208 1541 2253 ordinatae
1568 2219 1687 2254 sunt.

301 2284 356 2326 Et
371 2280 549 2341 quidem
567 2281 631 2325 his
649 2297 748 2341 quae
765 2279 958 2324 foeminae
976 2289 1094 2335 sunt,
1110 2281 1155 2336 in
1171 2281 1272 2339 ipsis
1292 2281 1432 2326 forma
1449 2297 1688 2340 puerorum

301 2362 479 2412 apparet
506 2373 514 2397 :
546 2352 746 2397 masculis
768 2367 870 2396 vero
891 2353 1124 2411 virginum.
1153 2355 1245 2397 Hac
1263 2368 1365 2397 vero
1388 2354 1631 2398 mutatione
1649 2353 1714 2398 et⁴

302 2425 550 2468 diversitate
589 2425 834 2468 divinarum
865 2437 1148 2482 personarum
1181 2439 1228 2467 ac
1266 2424 1659 2483 pulcherrimarum
1677 2459 1687 2480 ‚

304 2498 497 2540 humidae
520 2495 775 2555 frigidaeque
799 2495 941 2554 stirpis
963 2495 1178 2553 principes
1196 2495 1375 2539 masculi
1392 2496 1480 2539 sive
1496 2495 1692 2540 foeminae

305 2567 558 2623 solvuntur,
585 2577 714 2627 atque
746 2566 789 2609 id
819 2566 939 2625 quod
971 2566 1014 2608 in
1042 2565 1142 2624 ipsis
1164 2575 1226 2609 est
1246 2565 1376 2610 vitale
1398 2566 1511 2625 fugit
1539 2587 1546 2612 :
1570 2567 1690 2628 quod
