1803 3250
299 219 379 256 358
730 227 762 253 s.
800 226 1029 257 mausum
1063 228 1242 256 BPISCOPL

298 294 559 340 svm-iniibus
575 293 871 351 sempiternis?
891 294 1658 354 Vigintiquatuormilliaeadentium
1671 333 1682 354 ,

301 376 419 409 tanto
440 366 669 407 buccarum
686 365 867 422 strepitu
887 365 1011 409 inssat
1030 366 1220 415 insanus,
1242 367 1363 426 quasi
1383 381 1469 410 non
1488 367 1686 412 innume-

296 436 443 481 rabilia
471 434 600 478 millia
625 434 819 493 quotidie
843 437 1085 481 moriantur
1104 446 1195 480 toto
1213 437 1319 480 orbe
1343 441 1583 483 terrarum?
1604 440 1687 484 Sed

298 507 538 553 transitoria
563 506 639 550 ista
661 507 852 566 corporis
873 523 985 552 mors
1003 518 1066 553 cst
1085 528 1092 554 :
1115 509 1211 569 quis
1240 524 1343 554 vero
1366 509 1579 554 aestimare
1593 527 1688 571 pos-

293 580 372 633 sit,
398 588 506 639 quot
523 577 653 623 millia
673 580 852 625 stabunt
870 581 923 626 ad
938 582 1153 626 sinistram
1175 598 1227 626 ex
1243 582 1446 627 omnibus
1465 584 1684 642 gentibus,

291 667 392 713 quae
414 651 685 710 sempiternis
708 650 957 697 damnanda
974 662 1076 697 sunt
1094 653 1298 711 ignibus?

350 725 562 766 XXXIII,
590 725 671 767 Eat
688 723 767 768 iste
790 733 832 767 ct
854 723 1011 768 clamet
1030 740 1104 768 ore
1122 733 1272 783 aperto
1296 733 1341 768 et
1359 723 1495 768 oculis
1512 724 1686 781 clausis,

290 795 414 856 quasi
438 793 658 838 confessus
682 795 734 838 sit
755 797 866 838 Deus
885 809 1009 838 suam
1025 794 1348 849 crudelitatem,
1370 796 1472 854 quia
1495 794 1689 856 dicitper

291 867 554 926 Prophetam
574 885 583 910 :
612 885 631 907 «
652 868 869 910 Exacuam
886 865 998 910 sicut
1015 864 1166 925 fulgur
1185 866 1379 925 gladium
1408 882 1571 922 meum,
1592 869 1689 912 ine·-

293 957 313 980 »
338 939 491 982 briabo
508 938 682 996 sagittas
707 953 820 981 meas
841 939 1068 996 sanguine,
1090 948 1132 983 et
1156 938 1326 998 gladius
1351 954 1474 983 meus
1496 939 1688 985 mandu-

292 1029 313 1052 »
340 1010 456 1053 cabit
484 1024 633 1053 carnes
666 1008 721 1052 de
753 1010 964 1067 sanguine
994 1010 1367 1055 vulneratorum1.
1390 1028 1410 1052 »
1437 1014 1499 1055 De
1530 1011 1690 1072 quibus

289 1081 433 1128 verbis
451 1080 510 1124 sie
528 1081 607 1124 iste
630 1090 803 1126 accusat
827 1085 979 1136 Deum,
1001 1080 1121 1126 velut
1141 1097 1310 1142 semper
1328 1083 1575 1126 humanum
1591 1098 1691 1128 san-

291 1155 471 1215 guinem
485 1154 762 1207 esurientem,
782 1155 904 1214 quasi
919 1155 1075 1199 dixerit
1092 1174 1100 1200 z
1120 1155 1354 1199 Inebriabo
1373 1169 1442 1198 me
1461 1155 1687 1213 sanguine,

291 1234 368 1271 aut
396 1224 673 1270 manducabo
706 1240 856 1270 carnes
894 1225 950 1270 de
987 1227 1197 1284 sanguine
1227 1225 1577 1270 vulneratorum.
1606 1227 1693 1272 Sed

291 1295 619 1359 quantumlibet
640 1298 754 1342 hanc
777 1297 929 1342 utilem
955 1298 1027 1341 Dei
1063 1298 1449 1342 comminationem
1481 1307 1693 1357 tanquam

294 1368 496 1413 facinoris
530 1368 729 1424 avidam,
765 1377 808 1412 et
842 1378 891 1413 ut
925 1368 1056 1424 dicit,
1090 1369 1137 1413 in
1165 1368 1255 1413 sola
1287 1368 1547 1413 crudelitate
1570 1368 1694 1415 malis

294 1440 602 1486 tantummodo
636 1440 924 1499 gloriantem,
957 1455 1094 1484 vanus
1129 1449 1173 1483 et
1205 1454 1388 1483 vesanus
1427 1440 1690 1486 exhorreat:

294 1511 402 1574 quid
425 1521 500 1555 aut
517 1521 731 1571 quantum
747 1511 885 1566 valet,
906 1512 1047 1555 verbis
1060 1520 1310 1571 comparata
1324 1510 1508 1555 dicentis
1531 1531 1540 1557 ;
1567 1531 1586 1554 «
1604 1512 1695 1556 Dis-

297 1602 318 1625 »
348 1582 490 1627 cedite
514 1598 536 1626 a
560 1598 644 1638 me,
670 1582 907 1637 maledicti,
927 1583 973 1626 in
991 1583 1137 1642 ignem
1160 1592 1398 1637 aeternum,
1418 1583 1496 1643 qui
1518 1592 1695 1642 paratus

296 1674 316 1698 »
343 1664 406 1698 est
428 1652 604 1698 diabolo
626 1663 669 1698 et
688 1654 852 1713 angelis
874 1654 1016 1714 ejus²P
1032 1673 1051 1696 »
1080 1654 1147 1698 Ibi
1163 1669 1253 1699 non
1274 1654 1483 1712 sanguine
1498 1653 1689 1698 inebria-

294 1728 464 1772 buntur
492 1725 678 1784 sagittae,
713 1725 789 1770 sed
817 1741 907 1770 non
938 1727 1214 1771 satiabuntur
1246 1726 1454 1770 membris
1485 1725 1692 1771 omnibus

295 1800 485 1843 flammae
505 1817 514 1843 ε
541 1813 622 1843 nec
639 1813 790 1843 carnes
814 1798 982 1858 gladius
1004 1797 1314 1854 manducabit,
1335 1813 1509 1843 sensum
1533 1797 1696 1843 doloris

295 1871 422 1916 citius
460 1870 660 1914 auferens
699 1871 907 1924 mortuis,
941 1886 1075 1929 quam
1107 1869 1298 1914 inferens
1323 1869 1591 1927 vulneratis,
1620 1868 1696 1914 sed

296 1958 427 1988 nemo
451 1942 715 1986 eruciatibus
738 1942 890 1986 saltem
914 1941 1142 1987 moriendo
1159 1942 1447 1998 subtrahitur,
1470 1957 1524 1986 ne
1544 1941 1590 1985 in
1609 1956 1697 1986 mo-

298 2016 436 2060 riente
458 2015 587 2058 simul
611 2016 738 2059 etiam
762 2016 854 2075 ipsa
872 2030 999 2075 poena
1023 2015 1247 2060 moriatur.
1269 2016 1359 2060 Cur
1373 2030 1461 2058 non
1475 2014 1546 2058 hic
1562 2013 1692 2058 dicit:

298 2087 545 2133 Colendum
570 2103 624 2131 ne
647 2088 777 2132 istum
796 2104 850 2131 an
874 2088 1016 2147 potius
1035 2086 1327 2131 execrandum
1346 2086 1698 2146 fugiendumque

301 2174 391 2204 esse
414 2158 640 2202 dicemus?
664 2162 731 2202 An
755 2159 878 2202 timet
906 2158 961 2202 de
991 2158 1164 2203 Christo
1187 2158 1265 2203 ista
1290 2158 1458 2213 dicere,
1490 2173 1546 2201 ne
1566 2157 1699 2217 ipsius

302 2230 413 2289 ignis
436 2230 588 2274 aeterni
605 2230 871 2290 supplicium
893 2245 982 2274 non
1006 2228 1183 2284 evadat,
1210 2245 1299 2289 quo
1316 2228 1388 2273 ille
1410 2229 1566 2289 impios
1590 2244 1699 2288 prae-

300 2311 423 2361 parat
442 2301 637 2360 mittere,
661 2311 704 2346 et
727 2303 899 2361 ignorat
918 2301 1044 2345 miser
1066 2302 1160 2345 haec
1181 2299 1369 2346 dicendo
1393 2300 1448 2345 de
1481 2304 1569 2345 Deo
1593 2303 1699 2344 Pro-

302 2374 550 2433 phetarum,
576 2374 632 2418 de
653 2374 747 2434 ipso
765 2389 809 2423 se
833 2373 993 2429 dicere,
1018 2373 1141 2433 cujus
1163 2383 1251 2417 tam
1280 2372 1552 2418 tremendam
1573 2387 1699 2418 seve-

303 2445 475 2490 ritatem
497 2446 543 2490 in
565 2445 803 2505 Evangelio
823 2444 1032 2492 formidat
1053 2445 1309 2491 offendere?

362 2518 570 2562 XXXIV.
604 2517 905 2578 Reprehendit
938 2516 1095 2573 etiam,
1130 2518 1252 2578 quod
1280 2532 1435 2578 poenas
1462 2515 1698 2577 impiorum

358 2608 368 2625 ¹
386 2604 483 2636 Deut.
499 2612 602 2644 xxxii,
621 2602 679 2646 41,
696 2602 750 2644 42.
768 2609 836 2629 —²
856 2602 979 2637 Matth.
999 2613 1079 2646 xxv,
1097 2601 1152 2645 41.
