1803 3250
324 193 403 230 166
752 201 784 227 s.
822 199 1050 228 auci-'snm
1086 201 1264 228 misem-1

315 278 476 326 svptmu
502 266 716 309 abstinere
745 264 970 321 fermento,
997 276 1038 311 ct
1057 282 1146 310 csse
1163 275 1392 310 contentos
1416 281 1568 324 azymo
1599 283 1699 312 cum

317 338 529 397 picridiis,
571 352 646 379 vos
687 338 846 381 Pascha
879 338 1056 398 quidem
1091 338 1305 382 assumitis
1320 373 1329 391 ,
1372 338 1702 396 praetermittitis

314 424 414 452 vcro
435 407 564 450 ritum
586 405 707 450 illum
729 422 776 451 ac
795 423 974 462 morem,
1001 424 1090 468 quo
1113 418 1291 453 cautum
1314 417 1376 452 est
1402 408 1515 452 idem
1543 408 1703 453 debere

311 478 482 523 servari.
511 479 623 521 Item
641 487 807 537 septem
826 478 995 524 dierum
1014 479 1332 534 hebdomadas,
1359 478 1404 523 id
1425 487 1517 534 est,
1543 483 1704 525 Pente-

311 558 479 601 costen,
501 564 632 608 quam
658 549 837 608 perinde
856 552 1026 608 Moyses
1043 560 1161 596 certo
1183 549 1377 611 quodam
1393 550 1702 595 sacrificiorum

311 630 353 664 et
368 635 524 679 genere
537 628 579 664 ct
598 635 781 665 numero
799 620 1080 665 imbuendam
1095 630 1258 676 censet,
1279 636 1355 665 vos
1371 636 1497 681 aeque
1514 620 1656 665 colitis
1671 624 1704 681 ¹3

310 693 384 736 sed
407 691 612 737 damnata
632 701 753 751 partc
769 694 875 752 ejus,
899 693 944 736 id
962 701 1040 747 est,
1065 693 1335 737 litationibus
1359 692 1461 751 ipsis
1476 701 1518 736 et
1542 693 1706 738 sacrifl-

309 764 410 819 ciis,
450 765 552 824 quia
588 765 679 807 haec
711 778 811 807 cum
843 764 1075 808 christiana
1105 762 1191 807 fide
1218 778 1307 808 non
1336 774 1600 822 congruunt.
1643 767 1706 809 De

309 835 517 879 mandato
533 850 636 879 vero
659 833 904 878 abstinendi
923 850 945 878 a
968 834 1076 878 cibis
1097 835 1408 879 communibus
1423 835 1564 880 visum
1576 835 1704 881 vobis

309 915 372 949 est
394 914 437 949 et
458 906 740 948 vehementer
762 903 997 959 creditum,
1022 905 1251 950 morticina
1278 904 1457 965 quidem
1481 914 1525 949 et
1545 906 1706 951 immo-

309 975 395 1018 lata
422 989 512 1018 esse
534 989 637 1018 sane
658 973 888 1018 immunda
902 977 919 1001 ²
940 993 949 1018 :
974 974 1029 1018 de
1051 976 1228 1034 porcina
1257 990 1360 1020 vero
1388 974 1503 1020 idem
1533 977 1709 1020 credere

309 1044 506 1090 noluistis
519 1081 530 1101 ,
555 1060 636 1090 nec
659 1044 714 1089 de
728 1044 877 1104 lepore
896 1054 971 1089 aut
988 1045 1233 1100 herinacio,
1266 1061 1410 1106 neque
1429 1045 1484 1090 de
1497 1045 1644 1092 mullis
1664 1057 1706 1091 et

310 1115 599 1174 lolliginibus,
628 1116 883 1175 caeterisque
904 1131 1004 1176 quae
1026 1116 1150 1161 vobis
1171 1131 1354 1176 sapuere
1377 1117 1607 1175 generibus
1623 1119 1710 1178 pis-

309 1187 425 1230 cium
447 1207 458 1244 3
484 1187 682 1247 quamvis
711 1186 863 1231 eadem
891 1188 1064 1244 Moyses
1090 1186 1237 1231 omnia
1262 1185 1492 1231 immunda
1517 1202 1607 1232 esse
1624 1197 1710 1233 tes-

317 1259 472 1302 teturss,
496 1275 516 1300 »

375 1331 453 1373 IV.
493 1328 610 1373 «Illa
627 1343 730 1374 vero
743 1329 834 1389 jam
854 1343 910 1373 ne
934 1328 1084 1374 audire
1101 1328 1281 1389 quidem
1297 1343 1373 1374 vos
1394 1327 1507 1374 velle
1520 1329 1652 1374 credo
1663 1345 1713 1374 ex

316 1402 593 1444 Testamento
607 1402 780 1455 Vetere,
802 1398 964 1443 nedum
985 1398 1231 1453 admittere,
1251 1399 1298 1443 id
1314 1409 1401 1455 est,
1427 1415 1595 1445 soceros
1609 1400 1712 1446 dor·

314 1471 422 1515 mire
445 1487 546 1516 cum
566 1472 766 1525 nuribus,
792 1479 1001 1531 tanquam
1023 1471 1213 1529 Judas43
1234 1480 1375 1530 patres
1395 1486 1497 1516 cum
1519 1472 1709 1528 filiabus,

319 1552 527 1603 tanquam
544 1543 658 1588 Loth
675 1544 714 1599 ⁵3
741 1543 980 1601 Prophetas
994 1557 1095 1587 cum
1115 1541 1481 1599 fornicatricibuS,
1501 1552 1710 1604 tanquam

314 1619 478 1663 Oseess:
505 1616 683 1659 maritos
705 1629 891 1658 uxorum
919 1629 1098 1658 suarum
1129 1623 1278 1658 noctes
1310 1614 1575 1659 amatoribus
1603 1630 1709 1658 ven-

315 1687 440 1743 dere,
483 1696 691 1746 tanquam
724 1685 972 1729 Abraham⁷
990 1705 1001 1743 3
1038 1684 1212 1730 duabus
1240 1685 1457 1744 germanis
1494 1686 1712 1731 sororibus

316 1773 454 1803 unum
473 1758 643 1802 misceri
662 1756 883 1811 maritum,
901 1764 1112 1817 tanquam
1125 1759 1147 1801 J
1153 1757 1284 1802 acob⁸
1299 1778 1311 1815 3
1331 1766 1520 1802 rectores
1538 1757 1709 1817 populi,

314 1840 358 1875 et
379 1845 490 1889 quos
512 1829 700 1873 maxime
717 1829 911 1873 Entheos
935 1827 1108 1883 credas,
1142 1827 1328 1872 millenis
1350 1837 1394 1873 et
1419 1829 1616 1874 centenis
1637 1844 1712 1873 vo-

316 1902 446 1946 lutari
469 1916 570 1945 cum
592 1901 763 1955 scortis,
780 1910 987 1960 tanquam
1005 1900 1141 1944 David
1157 1909 1201 1944 et
1219 1899 1425 1945 Salomon
1440 1902 1481 1958 93
1506 1909 1582 1945 aut
1603 1899 1713 1945 illud

318 1974 423 2017 item
446 1973 567 2032 quod
586 1971 680 2030 lege
699 1972 847 2016 uxoria
865 1980 1044 2016 cautum
1061 1972 1107 2015 in
1122 1972 1463 2016 Deuteronomio
1476 1980 1541 2016 est
1556 1973 1608 2027 ¹⁰,
1633 1971 1714 2016 de—

322 2044 422 2087 bere
447 2058 625 2087 uxorem
649 2041 848 2087 defuncti
872 2042 1036 2097 fratris,
1061 2042 1095 2086 si
1128 2041 1246 2086 idem
1278 2044 1372 2087 sine
1397 2042 1499 2087 filiis
1527 2043 1710 2098 obierit,

317 2114 536 2174 superstiti
559 2112 681 2158 fratri
703 2114 887 2170 nubere,
911 2123 954 2159 et
971 2113 1173 2158 eumdem
1198 2114 1394 2160 sobolem
1416 2129 1468 2158 ex
1491 2115 1645 2159 eadem
1667 2114 1713 2158 in

316 2184 464 2229 locum
485 2185 691 2230 suscitare
711 2183 855 2230 fratris
881 2204 892 2231 ι
915 2184 1037 2246 quod
1056 2183 1198 2230 facere
1225 2185 1260 2230 si
1288 2184 1484 2230 noluerit
1504 2185 1570 2231 vir
1584 2220 1596 2241 ,
1633 2184 1715 2230 de—

322 2255 422 2299 bere
448 2254 753 2300 mulierculam
782 2255 902 2315 apud
928 2257 1109 2315 majores
1143 2265 1251 2300 natu
1285 2254 1507 2316 deponere
1539 2254 1596 2300 de
1633 2255 1715 2300 hac

367 2382 377 2397 ¹
397 2376 501 2408 Levit.
529 2386 621 2416 xxm,
648 2375 698 2408 15.
713 2393 755 2401 --
771 2383 784 2399 ²
804 2378 875 2409 Act.
895 2386 949 2418 xv,
969 2378 1024 2409 99.
1042 2392 1084 2399 --
1097 2373 1112 2399 3
1133 2375 1239 2408 Levit.
1259 2386 1308 2417 ¹¹5
1332 2378 1430 2408 Deut.
1454 2385 1522 2409 xxv.
1540 2391 1583 2398 —-
1596 2375 1612 2403 ⁴5
1630 2377 1712 2408 Gen.

320 2442 459 2474 xxxviu,
490 2432 541 2466 18.
561 2431 631 2456 —5
660 2433 707 2465 Ib.
730 2444 804 2474 xix,
827 2432 867 2465 33
886 2437 919 2465 et
945 2431 997 2465 35.
1019 2450 1060 2456 —
1078 2430 1093 2455 6
1111 2434 1207 2472 Osee,
1236 2444 1262 2475 1,
1294 2433 1393 2465 3—7
1411 2434 1492 2466 Gen.
1523 2443 1571 2465 ιιι
1593 2436 1628 2465 et
1655 2441 1711 2466 20.

319 2504 361 2511 —
377 2486 393 2510 ⁸
419 2488 466 2522 Id.
486 2499 576 2529 xxix,
601 2499 714 2527 xxxin,
744 2493 779 2522 et
805 2499 918 2522 xxvin.
937 2505 979 2513 —-
995 2495 1012 2521 9
1034 2496 1055 2522 2
1080 2491 1158 2531 Reg.
1192 2499 1243 2531 x13
1267 2488 1286 2522 3
1304 2490 1382 2532 Reg.
1411 2496 1459 2532 κζ.
1480 2505 1522 2514 —
1553 2490 1586 2512 ¹⁰
1615 2490 1711 2523 Deut.

321 2554 400 2584 xxv,
431 2544 460 2577 5.
