1803 3250
454 226 617 258 CONTRA
650 226 866 267 musa-mu,
900 229 983 257 Lm.
1018 231 1129 258 xx11.
1430 220 1486 260 75

105 304 207 351 test,
232 304 283 340 ut
303 295 388 340 sint
409 295 504 340 aliae
522 310 663 339 causae
681 293 983 339 occultissimae
997 330 1008 350 ,
1033 311 1111 340 cur
1132 296 1215 341 hoc
1234 295 1298 340 illi
1321 297 1487 357 populo

104 367 310 412 divinitus
331 367 496 412 dictum
521 366 574 411 sit
596 385 605 410 ε
630 364 706 410 sed
732 366 887 410 divinis
915 366 1103 425 imperiis
1135 367 1380 412 cedendum
1407 369 1488 414 ob-

103 439 410 499 temperando,
435 453 525 482 non
548 437 831 482 resistendum
855 447 917 481 est
948 437 1229 496 disputando.
1256 440 1490 499 Apostolus

104 510 235 556 dixit:
257 530 274 551 «
292 511 396 564 Quis
409 510 524 554 enim
538 510 740 567 cognovit
759 524 930 553 sensum
949 509 1138 563 Domini,
1156 519 1231 554 aut
1242 511 1338 570 quis
1353 514 1490 557 consi·-

111 602 131 623 »
144 581 288 626 liarius
304 582 394 641 ejus
406 581 563 626 fuit1?».
585 580 681 626 Sive
693 595 794 638 ergo
808 580 888 624 ista
905 580 958 624 sit
974 596 1118 635 causa,
1131 597 1264 641 quam
1281 581 1386 640 dixi,
1403 585 1492 629 sive

106 652 187 696 alia
209 651 418 713 quaelibet
439 652 484 696 in
501 660 660 696 secreta
684 660 727 695 et
750 649 895 696 abdita
923 649 1203 711 dispositione
1233 652 1309 696 Dei
1335 652 1489 710 lateat,

104 739 182 767 cur
209 724 293 768 hoc
320 738 394 781 per
420 726 602 780 Moysen
623 721 686 766 illi
708 720 873 782 populo
907 721 1092 777 dixerit,
1118 732 1168 766 ut
1198 723 1253 766 ab
1276 724 1493 783 AEgyptiis

102 793 183 838 sibi
196 792 513 838 commodanda
527 802 724 853 peterent
739 809 838 854 quae
855 793 1078 839 auferrent
1101 813 1110 839 ι
1129 794 1213 839 hoc
1234 802 1380 839 tamen
1395 810 1493 840 con·

103 865 246 919 firmo,
279 880 360 909 nec
387 863 545 908 frustra
574 880 654 908 nec
690 864 839 924 inique
875 865 1041 909 dictum
1064 881 1179 921 esse,
1219 880 1298 910 nec
1327 865 1495 911 licuisse

102 939 284 994 Moysen
307 934 430 980 aliter
449 951 582 995 quam
608 939 720 980 Deus
743 936 908 981 dixerat
930 935 1071 981 facere
1085 973 1096 992 ,
1122 947 1172 982 ut
1194 952 1324 996 penes
1342 938 1495 982 Domi—

102 1022 209 1050 num
231 1016 341 1051 esset
362 1006 592 1051 consilium
611 1007 826 1067 jubendi,
855 1024 986 1067 penes
1010 1007 1224 1053 famulum
1249 1018 1394 1053 autem
1413 1010 1495 1055 ob-

103 1077 302 1137 sequium
321 1077 572 1137 peragendi.

163 1149 341 1191 LXXII.
380 1147 464 1192 Sed
489 1149 603 1191 Deus
618 1182 629 1201 ,
655 1147 820 1206 inquit,
848 1163 974 1192 verus
997 1156 1041 1191 et
1064 1148 1205 1193 bonus
1222 1147 1346 1193 nullo
1364 1149 1496 1194 modo

104 1219 204 1267 talia
224 1220 395 1279 jussisse
412 1217 656 1264 credendus
676 1228 754 1262 est.
778 1222 978 1264 lmovero
996 1219 1098 1264 talia
1114 1229 1230 1264 recte
1250 1236 1337 1265 non
1350 1221 1494 1281 jubet,

104 1290 185 1335 nisi
209 1293 322 1335 Deus
348 1305 477 1335 verus
497 1299 541 1334 et
567 1290 729 1345 bonus,
755 1290 832 1349 qui
861 1299 903 1334 et
926 1290 1041 1334 solus
1063 1291 1185 1334 novit
1206 1291 1313 1351 quid
1337 1293 1498 1352 cuique

100 1362 348 1422 jubendum
372 1362 427 1406 sit
442 1396 453 1417 ‚
490 1370 534 1405 et
560 1361 675 1405 solus
698 1361 917 1405 neminem
941 1360 1184 1422 quidquam
1205 1362 1497 1422 incongruum

105 1433 272 1492 perpeti
296 1431 412 1476 sinit.
440 1433 659 1477 Caeterum
677 1433 757 1476 ista
775 1432 972 1492 imperita
988 1442 1031 1476 et
1046 1430 1150 1476 falsa
1165 1432 1335 1478 bonitas
1357 1435 1499 1479 cordis

106 1502 288 1547 humani
308 1503 579 1548 contradicat
602 1513 645 1547 et
667 1503 854 1557 Christo,
872 1519 926 1547 ne
942 1506 1031 1548 Deo
1047 1503 1164 1548 bono
1176 1504 1362 1564 jubente
1378 1505 1498 1565 impii

106 1572 211 1618 mali
229 1571 394 1633 aliquid
415 1574 658 1633 patiantur,
683 1589 783 1618 cum
805 1574 1002 1618 dicturus
1019 1585 1082 1619 est
1099 1574 1302 1634 Angelis:
1326 1595 1345 1619 «
1365 1575 1501 1621 Colli-

110 1663 132 1686 »
157 1645 243 1703 gite
262 1645 452 1704 primum
469 1645 627 1690 zizania
641 1682 652 1700 ‚
668 1655 710 1690 et
729 1644 903 1703 alligate
918 1644 1144 1692 fasciculos
1160 1647 1213 1692 ad
1232 1649 1498 1693 comburen-

110 1735 129 1758 »
157 1716 263 1760 dum
277 1718 309 1761 ².
321 1735 339 1757 »
362 1718 443 1770 Qui
458 1727 604 1762 tamen
622 1718 705 1762 hoc
724 1719 867 1777 ipsum
882 1719 1175 1778 inopportune
1187 1719 1328 1764 facere
1345 1720 1499 1766 volen—

106 1797 170 1833 tes
184 1804 326 1833 servos
346 1789 595 1848 prohibuit,
620 1788 767 1834 dicens
789 1808 797 1833 :
825 1791 888 1834 Ne
903 1788 1016 1834 forte
1035 1806 1135 1834 cum
1150 1790 1281 1835 vultis
1300 1791 1502 1851 colligere

106 1859 289 1915 zizania,
315 1859 540 1904 eradicetis
561 1860 690 1904 simul
712 1869 756 1903 et
780 1859 988 1904 triticum.
1017 1863 1081 1904 Ita
1105 1860 1221 1905 solus
1244 1865 1357 1906 Deus
1374 1878 1501 1907 verus

105 1940 149 1975 et
171 1930 312 1975 bonus
330 1931 475 1986 novit,
501 1930 609 1991 quid
625 1967 635 1987 ,
661 1930 839 1990 quando
854 1967 864 1986 ‚
891 1931 1074 1991 quibus,
1097 1948 1173 1992 per
1188 1949 1298 1993 quos
1316 1934 1408 1978 fieri
1427 1933 1501 1978 ali·

105 2001 213 2062 quid
230 2001 299 2046 vel
317 2001 470 2061 jubeat
486 2001 556 2046 vel
578 2003 815 2061 permittat.
843 2006 1016 2047 Poterat
1037 2003 1166 2053 etiam
1192 2004 1270 2048 ista
1288 2006 1497 2060 humana,

105 2088 195 2116 non
218 2072 415 2127 bonitas,
440 2072 516 2117 sed
537 2072 666 2132 plane
694 2073 861 2118 vanitas
891 2073 1032 2118 eidem
1062 2076 1246 2120 Domino
1275 2077 1500 2121 contradi-

108 2159 225 2199 cere,
251 2160 351 2188 cum
375 2144 587 2189 desiderio
605 2145 732 2190 noxio
754 2145 974 2190 daemones
991 2146 1036 2190 in
1056 2162 1210 2206 porcos
1227 2148 1288 2192 ire
1305 2148 1500 2193 volentes

107 2223 391 2275 petentesque
411 2215 629 2275 permisit³
651 2235 660 2260 ;
686 2216 925 2276 praesertim
947 2217 1048 2277 quia
1071 2218 1301 2262 Manichaei
1320 2235 1409 2263 non
1431 2234 1501 2263 so-

104 2284 199 2329 lum
218 2301 393 2344 porcos,
420 2302 571 2330 verum
595 2287 898 2332 etiamminuta
925 2297 967 2332 et
994 2288 1161 2349 abjecta
1179 2289 1398 2345 animalia,
1424 2290 1501 2335 ho-

105 2357 276 2399 minum
298 2356 461 2401 animas
483 2357 644 2402 habere
674 2357 972 2403 crediderunt.
1003 2363 1099 2413 Qua
1126 2361 1319 2405 vanitate
1342 2362 1502 2421 improu

106 2426 208 2470 bata
228 2435 272 2470 et
292 2426 460 2486 abjecta
476 2462 486 2482 ‚
511 2426 623 2471 illud
644 2437 793 2473 tamen
814 2439 1010 2484 constat,
1038 2431 1272 2475 Dominum
1301 2441 1499 2476 nostrum
1534 2467 1538 2469 -

108 2499 254 2541 Jesum
276 2498 497 2542 Christum
532 2499 609 2542 Dei
640 2498 819 2543 unicum
843 2498 1029 2555 Filium,
1063 2515 1112 2545 ac
1140 2516 1218 2561 per
1240 2502 1324 2547 hoc
1358 2505 1496 2547 Deum

158 2587 167 2602 ¹
187 2583 278 2613 Rom.
296 2592 343 2622 ιι,
363 2580 416 2623 34.
429 2598 472 2605 -·-
486 2586 498 2602 ³
517 2581 636 2616 Matth.
661 2593 731 2623 xm,
751 2581 804 2616 30.
820 2598 861 2606 —
877 2589 890 2605 ²
908 2583 957 2615 Id.
976 2594 1044 2623 vni,
1060 2583 1116 2617 31.
