1803 3250
292 229 347 257 m:
379 225 493 256 Ac'ris
523 227 613 254 cum
644 224 792 254 FELICE
823 221 1072 263 MANICHAE0‚
1108 225 1192 252 LIB.
1227 225 1258 251 1.
1387 215 1470 254 199

86 310 193 343 nero
217 294 444 340 veritatem
466 293 513 337 in
538 292 630 336 aliis
651 288 875 336 codicibus
900 290 976 348 qui
998 289 1051 334 ad
1075 289 1366 334 Manichaeum
1383 305 1473 337 non

85 367 330 428 pertinent,
364 375 406 410 et
431 364 626 410 Christus
645 360 742 405 illos
763 359 942 404 tradidit
961 379 970 404 ι
999 361 1066 405 Sic
1084 361 1199 404 enim
1221 360 1389 406 dictum
1411 372 1475 409 est

85 454 110 484 a
126 439 314 492 Christo,
341 437 443 497 quia
465 434 648 494 Spiritus
669 441 843 476 sanctus
862 430 1106 478 Paracletus
1123 432 1213 492 ipse
1235 433 1281 478 in
1298 449 1474 480 omnem

83 510 312 555 veritatem
328 507 532 552 inducet:
551 503 793 550 secundum
809 502 969 549 Christi
983 518 1228 562 sermonem
1245 520 1327 565 ego
1343 507 1473 568 scrip-

86 589 204 625 turas
221 577 449 624 Manichaei
468 590 636 620 recuso.
656 593 676 617 »

143 654 226 696 111.
260 653 376 695 Aua.
395 647 527 693 dixit:
547 646 762 701 Quoniam
780 661 884 706 ergo
898 655 948 691 tu
963 648 1150 706 probare
1168 663 1258 693 non
1275 651 1472 709 potuisti,

81 720 306 783 quomodo
327 721 382 766 sit
394 719 661 765 Manichacus
683 717 903 777 apostolus
916 718 1092 774 Christi,
1111 728 1155 763 et
1174 719 1304 777 exigis
1327 730 1376 764 ut
1394 738 1475 780 ego

79 797 264 854 probem
298 790 524 852 quomodo
551 790 714 835 miserit
745 790 955 849 Spiritum
977 799 1176 835 sanctum
1200 790 1475 838 Paracletum

79 879 213 926 quem
234 862 447 924 promisit,
487 871 537 906 ut
564 870 669 906 tunc
695 876 871 921 respuas
892 862 1126 921 scripturas
1156 863 1404 919 Manichaei,
1440 865 1476 909 si

78 935 294 981 inveneris
315 933 540 994 impletam
563 933 894 993 promissionem
918 934 1078 978 Christi
1100 943 1258 993 praeter
1285 935 1476 994 scriptu-

78 1023 146 1054 ras
168 1006 425 1053 Manichaei:
451 1006 651 1066 quamvis
674 1006 791 1066 prior
814 1006 869 1050 ad
891 1007 1156 1066 interrogata
1179 1022 1274 1051 mea
1293 1023 1476 1067 respon-

77 1079 182 1125 dere
195 1077 416 1132 debueris,
437 1086 584 1121 tamen
601 1092 702 1122 ecce
721 1078 837 1136 prior
854 1079 944 1137 ipse
962 1078 1219 1137 respondeo,
1236 1087 1279 1122 et
1292 1079 1476 1125 ostendo

76 1151 157 1196 tibi
189 1148 370 1210 quando
399 1147 555 1192 missus
593 1148 647 1191 sit
680 1148 866 1207 Spiritus
896 1158 1072 1192 sanctus
1106 1165 1238 1210 quem
1277 1150 1475 1196 Christus

76 1221 289 1283 promisit.
311 1223 368 1265 Et
385 1218 553 1264 accedit
567 1220 622 1262 ad
640 1219 924 1276 Evangelium
949 1229 992 1264 et
1014 1219 1069 1264 ad
1086 1223 1220 1265 Actus
1237 1224 1271 1265 A
1279 1222 1476 1281 postolo-

76 1308 193 1338 rum.
226 1295 284 1337 Et
324 1307 425 1336 cum
459 1289 693 1350 accepisset
728 1289 925 1334 codicem
959 1291 1183 1351 Evangelii
1199 1327 1210 1346 ,
1248 1294 1473 1340 recitavit:

75 1368 191 1410 Dum
208 1372 356 1407 autem
372 1363 468 1406 haec
483 1361 751 1421 loquuntur:
773 1380 792 1403 «
810 1363 934 1406 Jesus
948 1363 1067 1406 stetit
1080 1363 1125 1406 in
1145 1362 1288 1408 medio
1302 1380 1472 1421 eorum,

78 1453 99 1478 »
135 1444 179 1479 et
195 1434 304 1478 dixit
318 1434 402 1478 eis:
430 1436 516 1477 Pax
538 1432 673 1488 vobIS,
694 1447 775 1491 ego
790 1448 903 1489 sum,
921 1433 1057 1478 nolite
1076 1435 1243 1479 timere.
1264 1453 1284 1477 »
1303 1438 1476 1480 Etcum

73 1505 254 1565 legeret,
276 1505 384 1550 dixit
403 1524 412 1550 :
438 1523 458 1547 «
477 1507 570 1549 Hoc
593 1515 691 1565 post
713 1510 1088 1550 resurrectionem.
1107 1510 1202 1551 »Et
1223 1523 1324 1552 cum
1341 1507 1474 1553 dixis-

72 1588 150 1634 set,
183 1578 317 1637 legit:
340 1597 360 1621 «
380 1577 644 1622 Conturbati
664 1593 769 1622 vero
790 1588 834 1623 et
855 1580 1078 1624 conterriti
1100 1581 1405 1625 existimabant
1427 1596 1472 1626 se

76 1667 97 1692 »
133 1649 330 1708 spiritum
352 1648 514 1693 videre.
542 1651 598 1692 Et
616 1648 723 1693 dixit
740 1649 826 1693 eis:
854 1649 970 1702 Quid
993 1651 1157 1694 turbati
1188 1653 1302 1707 estis,
1332 1661 1376 1696 et
1397 1668 1473 1697 co-

75 1738 99 1762 »
132 1719 360 1778 gitationes
397 1719 640 1763 ascendunt
675 1719 721 1762 in
757 1720 888 1764 corda
924 1724 1092 1765 vestra?
1126 1722 1283 1767 Videte
1315 1738 1471 1769 manus

74 1786 247 1835 »meas
276 1799 320 1835 et
349 1789 482 1850 pedes
510 1805 646 1845 meos,
675 1791 776 1850 quia
804 1806 885 1850 ego
917 1791 1009 1851 ipse
1041 1808 1166 1838 sum:
1200 1792 1395 1853 palpate,
1428 1802 1472 1839 et

73 1880 95 1905 n
129 1861 292 1917 videte,
309 1861 412 1922 quia
430 1861 605 1921 spiritus
622 1877 798 1906 carnem
816 1871 860 1906 et
877 1878 970 1907 ossa
992 1879 1082 1908 non
1104 1864 1252 1919 habet,
1275 1865 1385 1920 sicut
1400 1880 1472 1910 me

74 1952 98 1978 »
130 1933 286 1980 videtis
308 1934 486 1985 habere.
508 1936 565 1978 Et
584 1949 685 1979 cum
705 1935 800 1979 haec
817 1933 1010 1991 dixisset,
1028 1937 1220 1981 ostendit
1235 1937 1295 1981 eis
1314 1953 1470 1982 manus

73 2025 96 2050 »
131 2015 174 2050 et
195 2005 344 2065 pedes.
368 2005 526 2051 Adhuc
546 2015 692 2051 antem
712 2006 796 2051 illis
819 2023 908 2052 non
926 2008 1224 2064 credentibus,
1246 2018 1289 2053 et
1306 2010 1471 2055 miran-

73 2096 96 2120 »
129 2078 248 2122 tibus
265 2093 356 2137 prae
374 2078 549 2137 gaudio,
570 2078 705 2123 dixit:
732 2079 910 2124 Habetis
932 2080 1004 2125 hic
1024 2080 1190 2140 aliquid
1206 2080 1326 2141 quod
1345 2097 1469 2126 man-

72 2168 95 2193 »
130 2149 342 2194 ducetur?
365 2153 422 2194 At
444 2149 507 2194 illi
524 2149 784 2195 obtulerunt
815 2151 854 2195 ei
885 2161 1052 2211 partem
1075 2152 1200 2212 piscis
1228 2154 1308 2198 assi
1336 2163 1380 2198 et
1402 2152 1468 2198 fa-

73 2240 95 2264 »
127 2237 235 2267 vum
263 2221 418 2266 mellis.
452 2225 509 2267 Et
536 2238 638 2267 cum
671 2223 974 2268 manducasset
1004 2240 1148 2269 coram
1182 2225 1259 2280 eis,
1292 2240 1468 2270 sumens

71 2310 93 2334 »
128 2292 334 2351 reliquias
355 2291 478 2338 dedit
495 2293 570 2348 eis,
590 2303 634 2338 et
652 2293 760 2339 dixit
782 2294 837 2339 ad
859 2310 954 2340 eos:
976 2298 1080 2340 Haec
1098 2305 1200 2340 sunt
1213 2296 1344 2341 verba
1365 2311 1466 2356 quae

73 2378 95 2404 n
130 2361 304 2405 locutus
323 2377 419 2404 sum
442 2363 495 2405 ad
520 2380 612 2416 vos,
637 2381 738 2410 cum
761 2365 905 2411 adhuc
927 2382 1062 2411 essem
1085 2367 1327 2420 vobiscum,
1349 2382 1464 2427 quo-

74 2452 94 2475 »
130 2432 246 2477 niam
270 2447 443 2476 necesse
465 2441 527 2477 est
542 2433 715 2493 impleri
734 2439 1178 2496 omniadquaefflscripta
1195 2440 1354 2482 suntin
1367 2439 1463 2498 lege

75 2520 96 2544 >i
130 2503 272 2561 Moysi
293 2512 336 2548 et
358 2504 584 2563 Prophetis
598 2513 641 2548 et
658 2505 834 2549 Psalmis
857 2505 911 2549 de
933 2522 1015 2550 me.
1049 2510 1170 2552 Tunc
1188 2510 1356 2568 aperuit
1379 2509 1461 2553 illis

75 2592 96 2616 n
134 2588 324 2632 sensum,
352 2585 402 2621 ut
421 2575 712 2636 intelligerent
735 2578 1005 2637 Scripturas:
1027 2589 1071 2624 et
1098 2579 1204 2625 dixit
1227 2582 1310 2625 eis:
1337 2583 1460 2633 Quo-
