1803 3250
449 293 611 320 CONTRA
644 295 876 321 sssaMONEM
912 296 1178 323 ΛιιῐΑΝοῐιυΜ.
1423 286 1504 322 46⁸.)

129 374 149 397 »
173 365 275 410 tem,
302 365 482 399 mortem
503 367 646 401 autem
661 359 798 402 crucis
815 361 842 401 ¹.
863 378 881 399 »
909 361 983 403 His
1001 362 1252 404 testimoniis
1263 370 1504 405 sanctarum

127 426 445 485 Scripturarum
473 428 580 486 quid
611 427 867 486 persuadere
899 440 1139 484 conantur,
1175 432 1252 474 nisi
1278 441 1503 490 propterea

125 496 261 541 Patris
284 506 327 540 et
349 495 446 540 Filii
467 496 652 542 diversas
674 514 763 544 esse
784 508 958 543 naturas
975 536 985 555 ,
1019 502 1120 560 quia
1153 501 1359 545 obediens
1392 503 1503 546 Patri

122 565 364 611 ostenditur
387 566 553 611 Filius?
576 568 704 621 Quod
727 578 871 613 tamen
895 570 948 612 de
970 570 1220 614 hominibus
1243 587 1329 615 non
1354 572 1504 630 utique

121 635 315 680 dicerent
347 655 355 680 ;
382 651 525 697 neque
546 638 662 681 enim
683 638 717 681 si
738 639 870 682 homo
893 638 1006 682 filius
1029 641 1194 684 homini
1218 641 1329 700 patri
1351 657 1428 685 suo
1452 642 1503 684 sit

121 706 345 762 obediens,
371 707 469 750 ideo
492 709 721 752 amborum
745 708 912 753 diversa
935 718 1088 752 natura
1113 720 1189 753 est.

180 781 440 837 Quanquam
464 787 506 822 et
528 779 612 823 hoe
629 779 769 838 ipsum
792 779 913 838 quod
941 779 1045 824 dicit
1067 782 1190 824 Jesus
1217 796 1225 821 t
1258 800 1276 821 «
1298 782 1506 825 Descendi

124 867 144 890 »
170 850 225 893 de
244 849 373 904 coelo,
394 865 483 894 non
502 859 551 894 ut
574 850 728 895 fficiam
749 850 1020 895 voluntatem
1040 866 1198 904 meam,
1220 852 1293 894 sed
1310 851 1503 895 volunta-

122 938 142 961 η
171 929 256 964 tem
279 921 369 980 ejus
392 920 468 979 qui
491 935 559 963 me
582 921 723 965 misit‘2
740 942 749 977 3
769 940 788 961 n
815 920 993 964 adillud
1009 922 1220 965 referatur
1238 922 1356 982 quod
1373 922 1505 966 homo

119 991 284 1050 primus
307 991 463 1045 Adam,
490 990 575 1045 (de
598 1007 686 1051 quo
708 991 814 1035 dicit
836 990 1067 1050 Apostolus
1090 1012 1097 1035 ι
1129 1012 1146 1032 «
1166 996 1246 1035 Per
1266 1008 1402 1035 unum
1424 993 1506 1035 ho-

123 1078 141 1101 »
168 1061 329 1105 minem
347 1071 575 1120 peccatum
599 1062 776 1106 intravit
797 1063 842 1105 in
860 1061 1090 1116 mundum,
1117 1073 1159 1106 et
1182 1078 1258 1120 per
1277 1073 1503 1121 peccatum

121 1149 141 1171 »
168 1146 298 1186 mors,
320 1141 364 1175 et
385 1132 443 1175 ita
460 1132 505 1175 in
524 1138 673 1176 omnes
686 1132 883 1176 homines
903 1133 1165 1191 pertransiit,
1185 1133 1229 1175 in
1250 1148 1336 1192 quo
1355 1148 1504 1176 omnes

122 1218 142 1241 »
169 1203 484 1259 peccaverunt3
506 1222 513 1246 :
537 1221 556 1243 »
577 1206 592 1258 )
614 1202 812 1247 faciendo
834 1203 1102 1247 voluntatem
1128 1218 1246 1246 suam
1269 1239 1278 1257 ‚
1305 1219 1390 1246 tion
1416 1205 1505 1263 ejus

116 1287 139 1315 a
161 1287 250 1331 quo
278 1271 418 1316 factus
441 1281 529 1325 est,
562 1273 814 1316 universum
844 1288 979 1331 genus
1006 1274 1245 1316 humanum
1267 1275 1504 1331 propagine

113 1341 262 1386 vitiata
279 1341 421 1400 culpae
443 1351 487 1386 et
508 1357 652 1401 poenae
675 1341 777 1386 fecit
798 1342 1049 1386 obnoxium.
1079 1343 1203 1387 Unde
1222 1359 1244 1386 a
1268 1344 1500 1397 contrario,

113 1427 191 1472 per
212 1428 343 1472 quem
358 1411 572 1456 liberandi
596 1411 834 1467 fueramus,
850 1429 939 1457 non
952 1411 1055 1457 fecit
1076 1412 1345 1457 voluntatem
1361 1429 1497 1467 suam,

112 1483 188 1527 sed
210 1485 300 1542 ejus
322 1499 343 1526 a
367 1498 455 1541 quo
479 1483 632 1526 missus
653 1491 731 1526 est.
759 1485 824 1526 Ita
847 1483 1010 1542 quippe
1027 1483 1220 1527 hocloco
1244 1482 1404 1526 dieitur
1420 1499 1498 1527 vo-

112 1553 258 1597 luntas
280 1569 372 1607 sua,
399 1562 447 1596 ut
467 1552 737 1610 intelligatur
756 1568 844 1596 esse
867 1554 1039 1612 propria
1058 1563 1207 1598 contra
1229 1553 1500 1597 voluntatem

112 1624 206 1668 Dei.
238 1625 389 1683 Neque
422 1623 538 1667 enim
566 1638 667 1666 cum
699 1622 928 1667 obedimus
956 1626 1068 1677 Deo,
1096 1639 1232 1683 eaque
1255 1622 1502 1667 obedientia

112 1695 298 1739 dicimur
321 1695 411 1753 ejus
429 1693 569 1738 facere
593 1692 886 1748 voluntatem,
913 1693 1110 1738 nolentes
1128 1693 1173 1737 id
1197 1693 1401 1747 facimus,
1425 1694 1499 1737 sed

113 1765 307 1809 volentes
331 1784 339 1809 :
367 1780 415 1808 ac
437 1779 512 1824 per
534 1765 618 1808 hoc
641 1764 675 1808 si
697 1765 891 1808 volentes
905 1765 950 1808 id
964 1765 1158 1817 facimus,
1181 1764 1403 1824 quomodo
1422 1780 1498 1808 vo-

111 1835 327 1879 luntatem
354 1843 543 1878 nostram
575 1850 663 1878 non
686 1833 890 1884 facimus‚
917 1835 996 1878 nisi
1029 1836 1129 1894 quia
1152 1834 1222 1878 illa
1245 1835 1403 1878 dicitur
1423 1851 1497 1878 vo-

109 1906 254 1950 luntas
276 1915 441 1959 nostra‚
467 1905 644 1964 quando
670 1907 887 1964 Scriptura
911 1906 968 1948 ita
991 1905 1185 1964 loquitur
1209 1921 1306 1964 quoe
1334 1905 1471 1947 intelli
1491 1932 1495 1938 ·

111 1977 227 2036 gitur
253 1992 343 2020 esse
375 1977 548 2034 propria
577 1984 727 2019 contra
759 1974 1028 2019 voluntatem
1051 1976 1126 2018 Dei
1143 1979 1159 2015 ζ)
1193 1978 1311 2018 Hane
1345 1975 1494 2017 habuit

111 2047 269 2101 Adam,
296 2056 345 2090 ut
366 2045 503 2089 inillo
529 2061 794 2089 moreremur
819 2065 826 2088 :
852 2046 964 2089 hano
985 2061 1072 2088 non
1099 2046 1250 2087 habuit
1274 2046 1494 2098 Christus,

111 2118 223 2162 utin
243 2117 319 2160 illo
341 2118 595 2160 viveremus.
623 2119 682 2159 De
706 2125 859 2158 natura
882 2114 1046 2173 quippe
1065 2115 1255 2157 humana
1279 2115 1361 2158 hoc
1385 2125 1498 2158 recte

111 2187 197 2232 dici
233 2196 375 2248 potest
393 2221 403 2239 ,
445 2187 490 2229 in
525 2201 611 2245 qua
643 2185 785 2229 extitit
819 2199 894 2243 per
930 2183 1268 2227 inobedientiam
1299 2183 1498 2228 voluntas

111 2257 302 2317 propria,
327 2271 426 2316 quae
451 2255 526 2298 Dei
548 2254 762 2299 voluntati
791 2263 900 2297 esset
922 2252 1112 2297 adversa.
1139 2255 1355 2297 Caeterum
1378 2255 1496 2314 quod

111 2328 267 2372 attinet
287 2326 343 2370 ad
371 2325 640 2369 divinitatem
660 2325 759 2368 Filii
780 2359 790 2378 ‚
818 2339 903 2367 una
928 2322 1168 2383 eademque
1201 2324 1402 2368 voluntas
1432 2334 1495 2368 est

112 2398 250 2442 Patris
271 2406 315 2441 et
336 2395 434 2440 Filii
455 2414 463 2440 :
490 2410 569 2438 nec
588 2403 730 2453 potest
750 2393 842 2437 ullo
864 2393 996 2437 modo
1014 2409 1102 2437 esse
1124 2392 1312 2448 diversa,
1337 2394 1412 2437 ubi
1434 2403 1497 2438 est

112 2477 267 2512 natura
290 2466 506 2510 Trinitatis
529 2464 812 2508 immutabilis
834 2464 1047 2507 universa.
1075 2465 1130 2507 Ut
1153 2473 1299 2508 autem
1328 2463 1496 2508 Media-

112 2547 182 2583 tor
200 2537 278 2582 Dei
300 2545 343 2580 et
363 2536 592 2580 hominum
615 2536 748 2579 homo
770 2534 967 2579 Christus
982 2535 1105 2577 Jesus
1124 2549 1212 2577 non
1226 2532 1385 2578 faceret
1402 2549 1498 2592 pro-

162 2628 172 2644 1
193 2620 307 2663 Philip.
331 2631 371 2662 11,
391 2619 423 2652 8.
438 2635 478 2643 -
495 2626 507 2643 ²
527 2621 619 2651 Joan.
642 2629 689 2660 vi,
709 2618 762 2651 38.
779 2616 845 2642 —3
859 2619 948 2650 Rom.
967 2628 1000 2659 v,
1027 2625 1075 2648 12.
