1803 3250
341 201 422 239 183
783 208 816 237 s.
855 208 1082 239 Aucuswm
1116 210 1297 239 El‘rscom

333 277 388 321 de
411 277 676 320 Centurionc
698 291 867 335 pagano
890 279 1141 321 meruerint.
1169 279 1256 323 Nee
1280 286 1424 322 tamen
1442 278 1718 322 omnifariam

335 357 378 390 et
406 351 540 390 Lucas
572 347 655 390 boc
688 347 870 391 verbum
904 349 1103 403 reticuit,
1129 356 1236 407 puto
1261 348 1499 405 recogitans
1527 364 1582 391 ne
1612 348 1723 392 forte

339 417 485 459 luisset
511 431 663 460 verum
692 436 700 461 ε
739 419 812 462 sed
848 418 988 463 locum
1027 429 1169 462 tamen
1207 428 1347 462 mutat
1373 418 1648 478 applicatque
1681 418 1722 461 id

334 486 455 530 alteri
487 487 660 532 cuidam
684 504 825 534 causae
849 489 976 548 longe
998 489 1215 543 dissimili,
1252 490 1295 534 id
1318 498 1396 545 est,
1423 489 1499 534 ubi
1523 489 1628 533 dicit
1650 492 1724 533 Je-

333 572 405 601 sus
423 556 476 602 ad
492 554 736 618 Discipulos
755 576 854 605 suos
876 580 883 605 :
910 581 929 602 «
944 561 1208 606 Contentlite
1226 561 1385 605 intrare
1403 576 1479 619 per
1497 568 1725 618 angustum

336 645 357 668 »
383 629 542 673 ostium
565 649 573 674 :
600 629 727 674 multi
750 631 867 675 enim
891 632 1065 675 venient
1093 640 1337 691 quaerentes
1360 632 1520 674 intrare
1535 665 1545 684 ,
1573 639 1616 673 et
1639 645 1725 674 non

336 718 359 741 »
386 710 607 760 poterunt.
634 704 746 748 Cum
765 712 911 747 autem
932 704 1182 758 intraverit,
1206 703 1374 762 inquit,
1402 700 1724 761 paterfamilias,

335 791 358 812 υ
385 781 427 816 et
447 772 646 817 clauserit
664 774 859 832 januam,
882 774 1092 832 incipietis
1116 774 1218 817 foris
1242 781 1353 817 stare
1376 783 1419 817 et
1441 773 1630 832 pulsare,
1656 772 1726 815 di—

337 853 531 887 »centes
566 864 573 888 :
608 845 791 888 Domine
811 879 823 898 ‚
852 845 968 903 aperi
1001 844 1142 888 nobis.
1183 847 1237 889 Et
1275 844 1540 904 respondens
1578 844 1723 888 dicet:

337 933 358 955 »
384 916 534 959 Nescio
555 930 643 959 vos.
685 918 807 958 Tunc
846 915 1058 974 incipietis
1088 916 1230 959 dicere
1267 936 1275 959 :
1300 915 1662 960 Manducavirnus
1686 925 1729 959 et

336 1003 356 1026 »
386 985 576 1029 bibimus
601 1001 747 1030 coram
770 995 828 1041 te,
850 995 893 1030 et
914 987 959 1030 in
984 987 1135 1046 plateis
1154 987 1309 1031 nostris
1327 996 1369 1031 et
1392 987 1624 1045 synagogis
1645 985 1728 1031 do—

336 1073 356 1098 »
382 1056 522 1100 cuisti.
550 1059 606 1101 Et
630 1056 746 1101 dicet
765 1058 883 1102 vobis
907 1077 914 1102 :
937 1058 1088 1103 Nescio
1111 1058 1230 1102 unde
1251 1058 1366 1113 estis,
1388 1058 1598 1102 discedite
1621 1073 1728 1102 ame

335 1146 355 1169 »
382 1142 532 1172 omnes
549 1129 734 1187 operarii
756 1129 1012 1188 iniquitatis.
1041 1129 1108 1172 Ibi
1127 1130 1207 1173 erit
1230 1130 1359 1173 fletus
1377 1139 1420 1173 et
1442 1128 1601 1173 stridor
1615 1127 1727 1172 den-

336 1218 356 1239 »
385 1200 507 1256 tium,
534 1215 634 1244 cum
658 1199 850 1244 videritis
875 1200 1093 1244 Abraham
1118 1210 1161 1245 et
1183 1203 1300 1245 Isaac
1316 1210 1358 1244 et
1381 1201 1542 1254 Jacob,
1569 1209 1612 1244 et
1633 1215 1727 1245 om-

335 1290 357 1313 »
384 1287 458 1315 nes
485 1273 724 1331 Prophetas
749 1273 1018 1317 introeuntes
1050 1272 1096 1316 in
1131 1288 1313 1331 regnum
1351 1273 1450 1326 Dei,
1483 1287 1559 1317 vos
1582 1281 1726 1316 autem

335 1362 356 1384 »
383 1343 541 1402 expelli
565 1343 678 1388 foras
707 1364 715 1389 :
741 1353 784 1388 et
818 1344 995 1388 venient
1033 1344 1088 1387 ab
1124 1343 1302 1387 Oriente
1341 1352 1385 1387 et
1420 1343 1660 1388 Occidente
1685 1353 1728 1388 et

335 1433 355 1454 »
381 1417 540 1460 Austro
559 1423 602 1458 et
625 1415 859 1474 Aquilone,
886 1423 929 1458 et
952 1414 1210 1458 recumbent
1231 1414 1275 1457 in
1298 1428 1434 1472 regno
1457 1413 1575 1457 Dei¹.
1595 1432 1614 1455 »
1634 1416 1727 1459 Hoc

332 1500 431 1529 vero
455 1486 594 1545 ipsum
615 1486 810 1545 quidem,
837 1486 938 1545 quia
961 1484 1088 1529 multi
1108 1483 1398 1529 excludentur
1419 1501 1442 1529 a
1459 1500 1595 1544 regno
1618 1487 1695 1529 Dei
1714 1521 1724 1539 ,

331 1557 407 1617 qui
430 1555 592 1601 scilicet
619 1571 780 1601 nomen
804 1556 1112 1600 tantummodo
1135 1556 1296 1600 Christi
1316 1556 1615 1615 portaverint,
1652 1556 1725 1601 sed

331 1643 420 1671 non
442 1627 623 1671 fecerint
645 1642 775 1686 opera
799 1627 891 1686 ejus
910 1662 920 1682 ,
958 1641 1037 1670 nec
1066 1627 1301 1671 Matthaeus
1331 1627 1518 1671 scribere
1542 1636 1725 1687 praeter-

330 1698 498 1756 misit²3
535 1698 611 1742 sed
640 1697 696 1742 de
733 1697 954 1741 Abraham
984 1697 1072 1741 illic
1098 1706 1135 1741 et
1172 1700 1290 1742 Isaac
1315 1707 1358 1742 et
1387 1698 1522 1743 Jacob
1558 1698 1725 1742 nullam

334 1768 435 1814 facit
463 1769 644 1814 omnino
676 1769 958 1813 mentionem.
994 1771 1105 1812 Item
1138 1767 1193 1812 de
1221 1768 1490 1814 Centurione
1519 1778 1562 1813 et
1591 1784 1727 1828 puero

331 1841 422 1900 ejus
456 1840 586 1884 etiam
624 1843 764 1883 Lucas
798 1839 977 1898 quidem
1009 1838 1236 1897 scripsit-³3
1270 1838 1347 1882 sed
1381 1855 1507 1900 aeque
1544 1840 1635 1899 ipse
1673 1841 1728 1884 de

332 1913 551 1956 Abraham
573 1910 661 1955 illic
682 1920 725 1955 et
744 1913 861 1955 Isaac
886 1920 927 1955 ct
951 1910 1087 1954 Jacob
1110 1910 1218 1954 nihil
1241 1911 1422 1956 omnino
1445 1920 1653 1957 testatur:
1678 1922 1727 1957 ut

331 1984 434 2043 quia
461 1983 639 2027 ubinam
670 1983 837 2027 dictum
860 1983 913 2027 sit
935 1991 1054 2026 certo
1083 1991 1281 2026 constare
1305 1998 1396 2027 non
1419 1983 1580 2042 possit,
1616 1983 1723 2028 nihil

331 2054 560 2114 prohibeat
582 2054 712 2098 etiam
734 2069 824 2098 non
844 2052 1020 2098 eredere
1038 2053 1140 2113 quia
1161 2053 1214 2097 sit
1232 2053 1415 2098 dietum.
1437 2072 1456 2095 »

392 2128 473 2169 III.
508 2144 528 2167 «
554 2128 641 2170 Nec
662 2124 878 2170 immerito
901 2139 979 2169 nos
1005 2123 1060 2168 ad
1088 2125 1341 2183 hujusmodi
1371 2125 1614 2185 Scripturas
1638 2135 1724 2170 tam

333 2198 667 2242 inconsonantes
700 2207 744 2241 et
775 2195 937 2252 varias,
972 2212 1201 2256 nunquam
1235 2212 1337 2242 sane
1365 2197 1457 2241 sine
1482 2198 1647 2258 judicio
1677 2214 1726 2243 ac

335 2268 501 2312 ratione
518 2282 641 2312 aures
659 2267 881 2312 afferimus
903 2286 911 2312 :
933 2266 1009 2311 sed
1026 2267 1372 2327 contemplantes
1390 2269 1552 2323 omnia,
1571 2277 1728 2313 etcum

333 2338 424 2382 aliis
447 2338 528 2382 alia
551 2338 840 2393 conferentes,
866 2336 1176 2397 perpendimus
1190 2347 1340 2383 utrum
1359 2354 1510 2383 eorum
1528 2338 1726 2398 quidque

335 2426 356 2453 a
380 2409 553 2454 Christo
587 2410 672 2453 dici
704 2410 898 2469 potuerit
929 2424 1082 2453 necne.
1118 2408 1256 2452 Multa
1291 2408 1407 2452 enim
1441 2424 1464 2452 a
1487 2409 1725 2469 majoribus

335 2482 483 2525 vestris
506 2481 686 2540 eloquiis
712 2480 882 2524 Domini
905 2481 1038 2524 nostri
1062 2480 1219 2524 inserta
1243 2481 1375 2525 verba
1393 2490 1515 2536 sunt,
1537 2496 1723 2541 (praeno-

386 2573 393 2588 ¹
418 2567 493 2598 Luc.
516 2576 583 2606 xiii,
604 2564 641 2606 'zi
665 2569 698 2596 et
716 2576 854 2607 scqq.—
872 2572 885 2587 2
910 2564 1029 2596 Manli.
1051 2576 1107 2605 vn,
1126 2573 1226 2597 ‘210—
1247 2563 1260 2586 3
1276 2567 1353 2598 Luc.
1374 2576 1427 2608 vu,
1447 2575 1479 2598 ¹2.
