1803 3250
396 258 559 290 com-M
591 258 894 291 AnvznsAmtxM
926 262 1061 301 micas,
1097 263 1180 291 Lm.
1215 264 1246 291 1.
1430 252 1516 292 379

132 337 272 385 erant,
286 328 363 374 sed
374 327 571 373 nondum
584 329 630 372 in
641 327 759 372 illam
772 342 917 371 rerum
929 326 1099 384 faciem,
1114 344 1244 389 quam
1258 328 1456 374 videmus
1469 330 1516 374 in

132 400 332 454 urbibus,
356 398 547 459 quodam
568 397 720 442 ordine
741 406 784 441 et
807 399 1119 457 compositione
1136 409 1372 457 venerant,
1396 400 1517 460 quod

129 485 231 515 cum
253 469 319 523 fit,
345 470 480 514 creari
509 468 638 512 urbes
662 468 882 513 dicuntur.
914 471 1044 522 Quod
1068 471 1183 514 <nim
1206 471 1343 515 Graeci
1363 471 1515 531 appel-

129 541 223 586 lant
247 548 347 589 ῃήζειν
370 542 453 585 hoc
484 540 619 584 nostri
658 539 893 600 aliquando
921 556 1065 585 creare
1084 577 1094 596 ,
1125 541 1359 602 aliquando
1387 558 1516 587 cons-

129 613 307 666 tituere,
335 610 572 672 aliquando
604 611 792 656 condere
828 611 1168 671 interpretantur
1185 647 1196 668 ,
1225 613 1344 673 quod
1367 615 1517 674 saepis-

129 684 235 727 sime
274 683 389 726 idem
430 682 643 742 significat
684 682 729 726 in
769 681 852 726 illis
888 682 1039 727 litteris
1089 684 1208 743 quod
1249 693 1312 728 est
1353 683 1508 730 facere.

133 755 279 799 «Nam
320 762 363 797 et
404 751 507 797 tecit
544 756 658 798 Deus
693 753 915 796 hominem
959 753 1014 797 ad
1056 754 1288 813 imaginem
1327 755 1404 798 Dei
1424 789 1435 809 ‚
1471 765 1515 800 et

131 841 151 865 »
179 826 291 867 Deus
319 824 478 868 creavit
508 824 731 868 hominem
761 823 1182 867 inexterminabilem
1199 826 1232 878 ¹,
1252 842 1271 865 »
1297 823 1508 882 legimus:

127 903 171 939 et
191 894 226 939 si
242 894 479 953 aliquando
495 911 593 939 cum
613 894 757 954 aliqua
781 894 1026 939 differentia
1049 894 1224 950 dicitur,
1254 896 1339 940 hoc
1356 896 1514 941 rectius

126 974 269 1026 potest
284 966 488 1010 interesse
510 966 627 1027 quod
653 967 766 1019 dixi,
793 976 841 1010 ut
856 965 998 1011 facere
1021 967 1075 1011 sit
1091 966 1212 1026 quod
1231 967 1409 1012 omnino
1424 983 1513 1013 non

125 1046 240 1095 erat3
262 1052 406 1082 creare
418 1048 581 1092 autem,
598 1054 651 1082 ex
672 1053 724 1082 eo
746 1039 866 1098 quod
877 1039 967 1098 jam
986 1047 1077 1082 erat
1090 1038 1333 1084 ordinando
1347 1038 1513 1099 aliquid

125 1109 402 1153 constituere.
425 1109 618 1169 Ideoque
634 1110 716 1154 hoc
735 1109 834 1154 loco
850 1108 992 1154 dictus
1006 1119 1067 1154 est
1092 1113 1200 1154 Deus
1217 1125 1367 1155 creans
1381 1111 1509 1167 mala,

123 1181 330 1241 quoniam
355 1180 637 1239 peccantibus
656 1196 704 1225 ea
726 1180 941 1225 convertit
967 1181 1013 1224 in
1034 1180 1198 1225 malum
1230 1180 1513 1240 dispositione

122 1251 360 1296 severitatis
387 1267 500 1306 suae,
537 1268 636 1312 quae
667 1253 871 1297 bonitatis
901 1253 992 1312 ejus
1022 1251 1222 1312 largitate
1252 1254 1368 1298 bona
1401 1252 1514 1299 facta

122 1330 239 1366 sunt.
268 1321 393 1366 Unde
415 1322 520 1366 dicit
542 1322 763 1382 apostolus
786 1322 946 1367 Paulus
971 1342 980 1367 :
1010 1342 1026 1362 «
1048 1323 1208 1367 Christi
1241 1323 1383 1369 bonus
1405 1323 1514 1369 odor

126 1411 147 1434 »
172 1409 320 1437 sumus
335 1393 381 1436 in
400 1393 519 1437 omni
539 1392 653 1447 loco,
679 1402 722 1438 et
743 1394 790 1437 in
807 1394 855 1438 iis
872 1393 948 1454 qui
967 1393 1073 1437 salvi
1090 1394 1219 1449 flunt,
1245 1403 1289 1438 et
1304 1394 1351 1438 in
1369 1395 1418 1438 iis
1435 1396 1514 1455 qui

127 1483 147 1505 η
173 1473 391 1524 pereunt:
417 1464 680 1524 quibusdam
698 1464 877 1525 quidem
908 1465 1018 1509 odor
1039 1465 1139 1509 vitae
1159 1466 1203 1509 in
1227 1465 1359 1510 vitam
1376 1501 1387 1521 ,
1412 1466 1514 1526 qui-

127 1553 147 1577 »
175 1534 361 1579 busdam
385 1550 487 1580 vero
510 1536 619 1580 odor
642 1536 794 1580 mortis
814 1535 859 1579 in
882 1539 1109 1580 mortem‘ss.
1130 1553 1150 1576 »
1178 1536 1262 1581 Sed
1291 1551 1390 1580 cum
1409 1552 1516 1581 con-

123 1606 246 1651 tinuo
280 1615 509 1667 sequatur,
544 1616 587 1650 et
620 1606 765 1652 dicat:
792 1609 886 1651 «Et
921 1606 975 1651 ad
1007 1607 1101 1651 haec
1133 1607 1229 1667 quis
1259 1607 1510 1652 idoneus?»

122 1693 268 1722 nonne
290 1677 529 1737 importuni
551 1677 742 1738 quodam
763 1677 896 1722 modo
918 1693 1065 1722 sumus
1088 1678 1285 1737 ingerere
1311 1679 1389 1722 ista
1416 1694 1512 1723 car-

122 1749 295 1793 nalibus
309 1765 397 1794 non
409 1749 626 1805 studiosis,
644 1749 719 1794 sed
733 1750 1029 1803 contentiosis,
1050 1750 1173 1795 nullo
1196 1749 1327 1795 modo
1343 1749 1513 1796 idoneis

123 1836 173 1866 ea
191 1836 361 1880 capere,
385 1836 485 1881 quae
506 1823 673 1866 utinam
696 1820 849 1866 saltem
871 1822 1120 1866 desinerent
1142 1824 1328 1881 capere?

183 1894 342 1937 XLIX.
383 1894 582 1945 Quantus
614 1893 777 1952 quippe
815 1893 1044 1938 conflictus
1086 1895 1291 1938 adversus
1333 1895 1515 1939 Arianos

122 1963 266 2008 fuerat
279 1963 503 2018 excitatus,
521 1980 576 2008 ne
588 1964 864 2023 unigenitum
888 1964 1050 2008 Filium
1073 1965 1269 2010 dicerent
1291 1981 1381 2010 esse
1394 1981 1514 2010 crea-

123 2044 284 2089 turam,
314 2033 431 2078 idem
456 2044 659 2094 putantes
681 2044 875 2079 creatum
905 2051 995 2079 esse
1016 2035 1137 2096 quod
1170 2036 1365 2095 genitum
1386 2071 1398 2092 ,
1433 2037 1513 2081 iste

123 2103 313 2149 fortassis
335 2105 520 2163 ignorat.
548 2105 632 2150 Sed
655 2114 704 2149 ut
725 2106 816 2165 ejus
840 2104 990 2164 regula
1012 2104 1142 2150 fallax
1161 2115 1292 2166 atque
1312 2106 1510 2162 distorta,

71 2207 73 2209 -
124 2192 176 2221 ex
194 2176 349 2221 eodem
372 2176 630 2236 Prophetico
653 2186 696 2221 et
717 2177 981 2236 Evangelico
1000 2177 1263 2232 testimonio,
1281 2178 1402 2238 quod
1424 2179 1514 2238 ipse

124 2249 293 2309 posuit,
316 2263 514 2307 percussa
527 2246 757 2307 frangatur
773 2270 784 2307 3
809 2249 867 2293 sic
884 2252 995 2293 Deus
1011 2249 1209 2309 loquitur
1226 2265 1302 2309 per
1319 2250 1513 2309 Prophe-

123 2328 215 2363 tam
237 2338 246 2364 z
276 2338 297 2362 «
315 2321 409 2378 Ego
428 2334 578 2363 creans
599 2319 742 2365 lucem
764 2330 807 2365 et
828 2320 990 2365 faciens
1014 2322 1229 2375 tenebras,
1256 2320 1418 2366 faciens
1440 2337 1515 2382 pa—

128 2407 150 2431 »
175 2405 271 2434 cem
294 2399 338 2433 et
364 2396 514 2434 creans
535 2389 689 2444 mala³‚
711 2411 728 2432 »
755 2390 875 2452 quod
897 2392 986 2450 ipse
1007 2406 1088 2436 nec
1110 2401 1274 2447 totum,
1302 2408 1381 2437 nec
1403 2392 1514 2437 sicut

125 2457 215 2503 illic
236 2458 413 2518 legitur,
445 2460 602 2518 posuit.
640 2463 784 2520 Atque
813 2460 923 2504 illud
945 2459 1123 2521 quidem
1153 2460 1279 2506 facile
1308 2461 1513 2507 dissimu-

128 2529 308 2574 landum
331 2538 410 2585 est,
435 2529 556 2590 quod
587 2545 666 2590 pro
697 2547 803 2591 pace
838 2533 982 2592 posuit
1012 2532 1157 2591 bona,
1191 2534 1400 2594 quoniam
1431 2549 1512 2593 pax

179 2621 187 2637 ¹
208 2615 282 2657 Sap.
301 2627 338 2656 11,
356 2615 410 2648 23.
426 2633 467 2639 -
479 2621 493 2637 ²
512 2624 532 2647 2
545 2617 617 2648 Cor.
634 2627 668 2658 n,
690 2616 742 2649 15.
755 2634 796 2639 —
812 2615 912 2649 31sai.
927 2628 999 2659 nv,
1018 2628 1052 2659 7.
