1803 3250
356 182 438 222 284
805 193 1032 221 szcunmm
1064 191 1286 222 MAmcnAEt

353 257 570 318 lapidetur
591 258 900 317 patrimonium
920 275 927 300 :
945 259 1218 320 jubeantque
1238 259 1329 303 sine
1352 260 1475 320 lapsu
1496 260 1615 307 illam
1642 277 1735 308 ma-

352 345 455 374 nere
476 329 674 385 domum,
701 345 833 390 quam
854 339 902 375 tu
925 347 1012 375 non
1031 347 1158 391 super
1174 332 1329 376 erroris
1351 347 1540 388 arenam,
1561 332 1636 378 sed
1659 350 1735 379 su-

351 416 428 460 per
441 400 631 444 scientiae
644 399 832 461 lapidem
847 400 1065 447 collocasti
1085 422 1092 447 ;
1110 402 1323 462 illumque
1341 419 1362 446 a
1384 404 1507 447 nobis
1526 403 1736 463 repellant

351 481 539 516 atrocem
560 473 776 532 spiritum,
797 474 872 534 qui
889 474 1138 518 hominibus
1155 475 1351 519 timorem
1368 475 1564 519 immittit
1578 486 1621 520 et
1634 492 1735 536 per-

348 543 524 602 fidiam,
551 554 598 589 ut
619 545 783 589 animas
805 555 971 590 avertat
994 547 1048 590 ab
1069 556 1252 605 angusto
1274 547 1443 591 tramite
1469 547 1702 593 salvatoris
1724 568 1733 594 :

347 615 469 675 cujus
493 616 632 660 omnis
655 616 842 675 impetus
864 632 940 676 per
964 617 1060 661 illos
1088 618 1304 676 principes
1335 617 1559 673 funditur,
1585 628 1736 664 contra

347 702 456 747 quos
469 703 513 730 se
526 686 758 744 Apostolus
771 688 815 731 in
829 687 1115 747 Ephesiorum
1129 688 1319 747 Epistola
1329 699 1547 733 certamen
1557 690 1736 735 subiisse

353 758 510 803 fatetur
526 761 553 802 ¹.
579 759 687 803 Dicit
711 759 825 802 enim
850 775 893 802 se
918 774 1007 802 non
1030 770 1179 803 contra
1207 776 1381 804 carnem
1406 770 1449 804 et
1480 761 1737 820 sanguinem

349 831 508 874 habere
531 842 765 884 certamen,
786 829 860 873 sed
879 830 1081 873 adversus
1098 831 1312 890 principes
1331 841 1373 875 et
1390 841 1638 891 potestates,
1660 832 1735 877 ad-

348 917 494 945 versus
516 900 718 960 spiritalia
744 901 973 961 nequitiae,
998 917 1097 960 quse
1119 911 1220 946 sunt
1247 903 1292 945 in
1315 902 1578 946 coelestibus.
1610 905 1667 947 Et
1694 919 1740 948 re

344 988 461 1027 vera,
485 973 580 1032 quis
593 973 709 1016 enim
724 981 874 1017 contra
891 988 1007 1016 arma
1023 972 1205 1026 habeat,
1232 973 1313 1016 nisi
1328 982 1479 1017 contra
1504 983 1735 1030 armatum,

346 1044 550 1088 adversus
572 1043 697 1087 illum
724 1044 802 1104 qui
826 1046 1057 1089 movetur?
1080 1046 1136 1088 Ut
1160 1044 1276 1088 enim
1298 1045 1531 1090 hominum
1558 1061 1738 1105 corpora

346 1133 462 1161 arma
484 1117 649 1177 peccati
673 1126 790 1171 sunt,
817 1117 874 1160 ita
897 1115 1098 1161 salutaria
1130 1126 1348 1176 praecepta
1370 1133 1486 1162 arma
1509 1117 1735 1179 justitiae2.

347 1191 439 1234 Hoc
464 1188 638 1244 Paulus,
659 1189 742 1234 hoe
761 1189 850 1249 ipse
869 1197 1051 1233 testatur
1073 1189 1354 1233 Manichacus.
1379 1209 1397 1230 »

405 1265 462 1305 ll.
499 1281 515 1300 «
535 1263 631 1306 Non
650 1276 752 1320 ergo
775 1276 995 1305 armorum
1020 1276 1167 1320 pugna
1185 1270 1268 1315 est,
1296 1259 1372 1304 sed
1395 1260 1644 1319 spirituum,
1662 1262 1737 1321 qui

344 1332 494 1377 iisdem
518 1342 718 1377 utuntur.
748 1336 951 1391 Pugnant
973 1342 1118 1375 autem
1135 1331 1379 1375 animarum
1400 1332 1548 1389 gratia.
1569 1334 1738 1376 Horum

346 1404 389 1447 in
412 1404 557 1448 medio
580 1404 716 1463 posita
735 1413 795 1447 est
814 1404 973 1457 anima,
995 1403 1065 1447 cui
1084 1418 1107 1446 a
1124 1402 1338 1461 principio
1354 1412 1508 1446 natura
1524 1418 1599 1447 sua
1617 1403 1738 1448 dedit

345 1476 584 1519 victoriam.
609 1477 713 1518 Haec
734 1474 767 1517 si
790 1489 877 1517 una
900 1489 1002 1517 cum
1029 1473 1186 1533 spiritu
1214 1473 1428 1517 virtutum
1456 1472 1628 1530 fecerit,
1658 1475 1739 1519 ba-

347 1545 465 1590 bebit
486 1560 587 1590 cum
611 1560 662 1589 eo
684 1546 817 1589 vitam
836 1553 1093 1605 perpetuam
1108 1579 1119 1600 ,
1151 1542 1349 1605 illudque
1379 1545 1617 1605 possidebit
1640 1561 1739 1606 reg-

345 1633 467 1673 num,
494 1617 549 1662 ad
569 1618 689 1678 quod
712 1618 924 1662 Dominus
947 1626 1094 1662 noster
1120 1616 1276 1662 invitat
1296 1637 1304 1662 :
1329 1618 1363 1662 si
1384 1632 1489 1663 vero
1510 1618 1564 1661 ab
1584 1618 1739 1678 spiritu

343 1691 547 1735 vitiorum
573 1689 751 1749 incipiat
776 1689 911 1744 trahi,
931 1698 975 1733 et
992 1689 1260 1745 consentiat,
1286 1705 1335 1734 ac
1354 1699 1452 1749 post
1478 1705 1738 1735 consensum

344 1761 664 1820 poenitudinem
689 1769 808 1820 gerat
824 1796 834 1816 ,
864 1760 1046 1805 habebit
1062 1760 1219 1804 harum
1237 1759 1431 1805 sordium
1454 1760 1739 1819 indulgentiae

345 1832 528 1878 fontem.
560 1832 711 1878 Carnis
744 1833 860 1877 enim
894 1832 1202 1895 commixtione
1239 1831 1415 1876 ducitur
1448 1848 1538 1877 non
1564 1834 1739 1893 propria

344 1904 585 1949 voluntate.
604 1907 662 1948 At
676 1904 709 1948 si
726 1918 827 1948 cum
845 1919 889 1948 se
906 1903 1045 1963 ipsam
1059 1904 1327 1962 cognoverit,
1349 1905 1591 1949 consentiat
1606 1904 1736 1961 malo,

347 1985 391 2020 et
408 1991 498 2020 non
520 1991 563 2019 se
585 1985 722 2020 armet
739 1984 887 2020 contra
904 1975 1128 2019 inimicum
1149 2010 1159 2030 ‚
1188 1974 1416 2019 voluntate
1435 1991 1510 2019 sua
1527 1977 1736 2035 peccavit.

346 2050 486 2100 Quam
502 2047 535 2091 si
547 2047 704 2091 iterum
716 2047 879 2106 pudeat
892 2061 1068 2101 errasse,
1084 2055 1284 2106 paratum
1296 2046 1489 2091 inveniet
1499 2047 1743 2092 misericor-

347 2117 517 2163 diarum
533 2120 880 2163 auctorem.Non
895 2117 1011 2162 enim
1022 2118 1203 2177 punitur
1217 2117 1319 2177 quia
1329 2117 1540 2177 peccavit,
1555 2117 1630 2161 sed
1640 2118 1742 2178 quia

347 2190 403 2234 de
422 2198 600 2249 peccato
614 2205 703 2234 non
725 2189 899 2234 doluit?
915 2192 972 2235 At
986 2189 1018 2234 si
1034 2205 1135 2233 cum
1154 2188 1306 2234 eodem
1322 2199 1502 2249 peccato
1517 2189 1608 2233 sine
1619 2190 1746 2234 venia

348 2262 537 2315 recedat,
560 2270 667 2305 ωηο
685 2260 960 2315 excludetur,
988 2269 1096 2305 ωηο
1119 2260 1278 2320 virgini
1301 2259 1447 2304 stultae
1469 2260 1740 2319 comparabi-

346 2340 434 2385 tur,
458 2340 564 2375 tunc
578 2332 716 2376 haeres
739 2332 820 2376 erit
842 2331 1024 2376 sinistrae
1046 2347 1218 2386 manus,
1239 2340 1345 2374 ωηο
1364 2346 1386 2374 a
1410 2330 1595 2374 Domino
1611 2328 1742 2389 pelle-

348 2411 419 2445 tur
442 2417 493 2445 ex
515 2402 715 2447 convivio
737 2402 1007 2461 nuptiarum,
1037 2402 1260 2460 nigrarum
1284 2415 1412 2445 causa
1436 2400 1637 2455 vestium,
1662 2397 1742 2444 ubi

349 2471 477 2516 fletus
510 2473 591 2516 erit
619 2481 663 2516 et
691 2471 851 2517 stridor
879 2471 1077 2516 dentium
1097 2506 1109 2527 ,
1140 2471 1311 2531 ibitque
1341 2485 1443 2516 cum
1477 2469 1654 2516 diabolo
1685 2470 1739 2515 ad

393 2558 407 2578 ¹
424 2556 539 2599 Ephes.
559 2567 606 2598 v1‚
627 2565 678 2590 ια.
699 2573 740 2580 -
755 2563 768 2582 ²
786 2558 877 2590 Rom.
894 2566 938 2598 vi,
961 2555 1011 2589 13,
