1803 3250
364 180 417 214 tin·
775 190 807 211 s.
846 187 1073 214 ,incusum
1110 189 1285 216 eviscovi

360 256 460 305 Deo,
486 252 561 310 qni
578 252 658 294 hoc
678 251 768 294 lieri
792 252 1098 309 prohibuerat3
1119 252 1183 296 vei
1210 250 1329 311 quod
1350 252 1562 310 pythones
1581 261 1622 295 et
1639 268 1742 297 ven-

355 322 564 381 triloquos
595 321 649 364 de
685 336 818 380 regno
849 336 927 366 suo
949 322 1109 366 delevit
1133 341 1140 366 :
1165 332 1241 366 aut
1266 322 1368 381 quia
1391 321 1620 366 laudabilis
1652 331 1745 366 erat

353 390 536 446 David¹,
568 391 665 436 ideo
687 401 862 452 peecata
882 394 1001 453 ejus,
1030 409 1129 453 quae
1155 397 1267 438 Deus
1294 409 1471 454 quoque
1500 394 1642 453 arguit
1669 409 1745 454 per

352 462 614 521 Prophetam
629 466 662 517 ²,
691 462 759 508 vel
783 464 1066 523 approbanda
1084 464 1152 508 vel
1168 465 1378 509 imitanda
1392 474 1507 509 sunt.
1528 465 1649 510 Sicut
1664 480 1743 509 nee

351 531 395 575 in
420 532 576 578 Pontio
601 532 740 578 Pilato
763 534 1102 593 vituperandum
1124 544 1211 590 est,
1242 534 1363 595 quod
1390 535 1594 579 adversus
1612 550 1742 580 accu-

349 604 534 649 sationes
551 606 576 649 J
581 603 807 650 udaeorum
827 606 1104 650 innocentem
1123 608 1357 651 Dominum
1371 606 1608 666 judicavit3
1633 626 1642 651 ε
1662 622 1742 651 nee

349 675 396 719 in
412 679 540 721 Petro
557 676 829 721 laudandum
847 686 936 732 est,
961 676 1082 737 quod
1098 678 1303 721 eumdem
1321 677 1552 721 Dominum
1581 687 1643 721 ter
1667 693 1744 721 ne-

350 749 468 807 gavit
483 750 496 774 ⁴
515 770 526 807 3
544 748 614 795 vel
631 748 751 793 unde
771 749 825 793 ab
843 749 935 808 ipso
956 751 1133 794 Satanas
1152 748 1394 808 appellatus
1413 758 1498 805 est,
1518 749 1640 809 quod
1657 765 1745 794 non

349 820 557 880 sapiendo
577 837 676 881 quae
699 821 776 865 Dei
793 829 917 875 sunt,
939 835 1038 864 eum
1061 819 1201 865 voluit
1216 837 1238 865 a
1257 821 1453 880 passione
1467 856 1477 875 ,
1504 821 1586 865 hoc
1605 829 1693 875 est,
1721 838 1744 865 a

347 901 492 936 nostra
521 892 659 936 salute
690 906 892 936 revocare
924 910 933 935 ι
968 891 1101 950 paulo
1131 900 1232 935 ante
1261 907 1362 950 ergo
1387 891 1529 936 dictus
1562 891 1741 946 beatus,

347 962 479 1021 paulo
502 972 600 1022 post
622 963 764 1006 dictus
792 971 855 1006 est
880 964 1097 1007 Satanas⁵’.
1129 961 1213 1006 Sed
1234 962 1342 1022 quid
1365 963 1409 1005 in
1431 962 1507 1006 illo
1532 963 1739 1007 obtinue-

348 1034 427 1089 rit,
454 1033 719 1094 apostolatus
738 1035 829 1094 ejus
851 1042 894 1077 et
918 1033 1113 1090 martyrii
1131 1048 1290 1078 corona
1311 1042 1506 1078 testatur.

406 1108 562 1150 LXVI.
602 1106 669 1151 Sic
694 1106 843 1166 itaque
864 1114 908 1149 et
930 1105 1039 1164 regis
1063 1104 1198 1149 David
1222 1104 1405 1164 legimus
1434 1114 1611 1164 peccata
1632 1140 1642 1161 ,
1669 1106 1744 1150 sed

345 1177 531 1237 legimus
554 1179 682 1222 etiam
706 1186 822 1221 recte
839 1176 967 1221 facta.
998 1179 1047 1221 In
1078 1192 1166 1236 quo
1195 1186 1339 1221 autem
1363 1177 1665 1237 praevaluerit,
1701 1187 1743 1222 et

345 1249 465 1293 unde
498 1248 606 1309 quid
634 1249 806 1302 vicerit,
838 1249 937 1292 satis
965 1249 1008 1291 in
1040 1257 1247 1307 promptu
1277 1257 1364 1303 est,
1397 1264 1487 1293 non
1518 1248 1742 1294 malevolae

344 1321 545 1375 caecitati,
565 1337 653 1380 qua
675 1321 721 1363 in
738 1329 907 1364 sanctos
932 1319 1066 1364 libros
1097 1328 1140 1363 et
1168 1319 1280 1364 viros
1304 1323 1489 1364 Faustus
1518 1321 1738 1377 irruebat,

344 1391 420 1436 sed
437 1391 649 1451 religiosae
673 1391 932 1450 prudentiae,
956 1407 1042 1452 qua
1067 1401 1109 1436 et
1132 1393 1365 1437 auctoritas
1383 1392 1552 1448 divina,
1581 1402 1624 1437 et
1648 1408 1740 1438 me-

344 1465 424 1509 rita
443 1465 634 1509 humana
650 1473 832 1524 possunt
849 1464 968 1509 cerni
992 1473 1123 1523 atque
1146 1463 1348 1508 discerni.
1377 1466 1487 1510 Nam
1509 1465 1656 1523 legant
1673 1466 1741 1509 isti

344 1546 388 1581 et
408 1536 586 1581 videant
602 1572 612 1592 ‚
633 1537 679 1580 in
702 1537 840 1581 David
863 1535 987 1596 plura
1011 1539 1151 1580 Deum
1170 1535 1439 1595 redarguisse
1457 1552 1590 1596 quam
1611 1540 1739 1582 Faus-

346 1617 440 1653 tum
454 1610 469 1634 ‘⁵
490 1628 499 1653 ε
525 1607 601 1653 sed
619 1607 678 1652 ibi
698 1617 761 1652 est
783 1617 826 1651 et
843 1608 1116 1667 poenitentiae
1132 1608 1406 1662 sacrificium,
1428 1609 1488 1652 ibi
1504 1617 1567 1653 est
1580 1608 1652 1653 illa
1670 1609 1739 1654 in-

343 1678 646 1739 comparabilis
663 1678 954 1723 mansuetudo
969 1693 1107 1738 usque
1126 1678 1180 1722 ad
1197 1678 1554 1722 immanissimum
1570 1689 1612 1723 et
1630 1690 1739 1726 atro-

344 1751 564 1796 cissimum
578 1750 847 1805 inimicum⁷‚
873 1750 947 1810 qui
962 1750 1131 1810 quoties
1152 1748 1214 1793 illi
1234 1759 1298 1794 est
1321 1751 1366 1794 in
1385 1766 1539 1795 manus
1556 1751 1740 1796 fortissi-

341 1838 434 1866 mas
448 1821 590 1877 datus,
615 1821 740 1866 toties
766 1821 821 1865 ab
853 1820 929 1865 illo
943 1829 1006 1864 est
1023 1819 1078 1863 de
1097 1820 1299 1864 manibus
1319 1821 1516 1880 piissimis
1539 1821 1739 1868 dimissus

341 1894 515 1938 illaesus.
559 1893 627 1937 Ibi
662 1891 956 1937 memorabilis
988 1891 1208 1936 humilitas
1241 1892 1323 1936 sub
1351 1892 1525 1951 flagello
1556 1893 1658 1949 Dei,
1696 1903 1738 1938 et

341 1966 487 2011 cervix
518 1965 633 2024 regia
657 1964 884 2009 Dominico
895 1965 1002 2024 jugo
1025 1963 1083 2008 ita
1104 1963 1277 2008 subdita
1295 1999 1306 2018 ‚
1334 1973 1382 2008 ut
1399 1973 1589 2009 armatus
1607 1974 1651 2010 et
1667 1981 1739 2011 co-

338 2036 518 2080 mitatus
541 2035 713 2080 armatis
730 2070 740 2089 ‚
768 2049 912 2079 amara
936 2049 986 2078 ex
1005 2034 1167 2079 inimici
1192 2049 1266 2078 ore
1288 2034 1483 2080 convicia
1512 2036 1736 2094 patientis-

337 2107 444 2151 sime
465 2106 697 2152 sustineret
712 2107 756 2163 33
777 2119 996 2164 suumque
1018 2105 1220 2149 comitem
1244 2120 1473 2150 accensum
1494 2107 1734 2163 iracundia,

338 2178 460 2239 quod
479 2178 581 2223 talia
607 2194 679 2222 rex
701 2178 792 2238 ejus
811 2178 1008 2232 audiret,
1034 2186 1077 2221 et
1096 2178 1184 2237 jam
1202 2178 1382 2237 jamque
1405 2178 1450 2222 in
1473 2178 1740 2224 conviciato-

338 2252 395 2296 ris
412 2260 545 2311 caput
560 2250 735 2296 dextera
753 2250 908 2296 ultrice
926 2259 1197 2310 pergentem,
1217 2250 1534 2297 modestissime
1549 2250 1738 2297 refrena-

336 2333 427 2380 ret,
458 2322 591 2383 regali
621 2338 710 2367 suae
729 2321 913 2384 jussioni
942 2321 1078 2367 divini
1102 2322 1269 2367 timoris
1296 2323 1473 2382 pondus
1502 2323 1735 2383 adjiciens,

390 2452 402 2469 ¹
427 2456 439 2478 1
462 2448 540 2489 Reg.
559 2444 671 2479 xxvi1i.
706 2463 748 2469 —-
768 2452 782 2469 2
806 2454 826 2478 2
847 2447 925 2488 Reg.
948 2455 1004 2487 xn,
1028 2456 1056 2477 1.
1080 2461 1121 2468 —-
1138 2443 1151 2467 3
1169 2446 1261 2477 Joan.
1282 2443 1348 2487 xix,
1372 2444 1391 2487 4
1420 2449 1453 2478 et
1477 2444 1598 2478 6.—4
1615 2446 1736 2479 Matthv

341 2514 427 2546 xxvi,
449 2513 502 2544 70.
519 2520 558 2527 -
574 2500 589 2525 5
605 2503 652 2535 Id.
672 2513 741 2544 xvi,
762 2513 799 2544 17
822 2506 855 2535 et
872 2501 925 2535 23.
942 2518 983 2524 ——
999 2499 1015 2524 ⁶
1034 2510 1054 2534 ‘2
1073 2503 1149 2544 Reg.
1169 2511 1212 2535 xii
1227 2505 1261 2534 et
1288 2512 1371 2540 xxiv,
1396 2512 1435 2536 10
1463 2503 1585 2537 -71d.
1604 2513 1661 2546 xu,
1681 2505 1734 2546 13,

342 2563 377 2593 et
399 2570 411 2592 1
438 2561 515 2602 Reg.
536 2569 625 2601 xxiv,
645 2568 662 2600 7
684 2562 718 2592 et
738 2568 828 2596 xxvi,
851 2568 900 2592 10·
919 2574 960 2581 —-
976 2555 992 2581 ⁸
1010 2565 1030 2592 2
1049 2559 1126 2600 Reg.
1145 2567 1212 2597 xvi,
1233 2558 1252 2592 5
1270 2564 1301 2592 et
1327 2568 1377 2590 10.
