1803 3250
411 235 571 263 CONTRA
608 237 839 264 sEnMONEM
875 237 1142 266 Aiiixnonum.
1385 229 1466 269 493

88 299 230 342 vivam
251 308 295 343 et
315 315 476 356 veram,
495 302 713 360 propriam
728 311 771 345 et
793 301 1054 361 condignam
1078 305 1307 362 imaginem
1321 304 1473 349 dicunt

88 368 292 412 Filium.»
305 373 360 414 At
375 371 594 430 apostolus
610 371 783 424 Paulus,
801 386 889 414 non
906 373 1075 417 virtutis
1092 374 1168 417 Dei
1186 383 1229 417 et
1250 375 1471 433 sapientiae

86 437 316 496 imaginem
336 461 346 497 3
366 440 441 484 sed
463 444 600 484 Deum
623 442 763 499 ipsum
787 455 874 484 esse
896 441 1000 486 dicit
1032 464 1038 486 2
1073 462 1092 485 «
1113 444 1186 487 Dei
1209 444 1413 488 virtutem
1430 455 1472 489 et

89 524 109 547 »
137 508 210 550 Dei
234 508 488 568 sapientiam
506 513 534 553 ¹.
556 529 574 551 »
597 513 662 555 Eo
684 511 776 569 ipso
798 510 929 567 igitur
947 513 1066 571 quod
1089 513 1231 572 imago
1256 516 1390 559 Patris
1411 525 1474 559 est

87 577 238 632 Filius,
253 579 389 623 virtus
401 581 493 639 ejus
503 590 545 624 et
555 581 764 639 sapientia
779 590 855 624 est.
870 584 1016 640 Imago
1035 593 1179 627 autem
1199 584 1326 643 plena
1342 595 1472 645 atquc

86 647 300 706 perfecta,
322 649 368 692 id
390 659 476 704 est,
511 665 600 694 non
628 651 682 694 ab
716 649 793 695 illo
825 666 877 696 ex
903 653 1040 697 nihilo
1063 655 1192 709 facta,
1218 656 1294 698 sed
1313 655 1367 699 de
1398 655 1472 700 illo

85 718 252 775 genita,
277 718 385 763 nihil
406 720 550 764 minus
578 721 711 765 habet
728 738 860 781 quam
885 722 957 766 ille
979 725 1100 783 cujus
1116 725 1259 783 imago
1277 735 1339 769 est
1359 746 1367 770 ;
1395 730 1471 769 Pa-

84 788 159 831 tris
176 789 339 849 quippe
355 790 499 849 imago
521 806 706 845 summa,
727 791 771 835 id
793 801 870 847 est,
895 792 955 836 ita
972 792 1119 837 similis
1138 804 1187 837 ut
1207 795 1253 837 in
1275 810 1324 838 ea
1347 796 1470 839 dissi-

84 858 185 902 mile
204 859 369 920 aliquid
386 876 474 904 non
488 861 554 905 sit.
577 862 712 905 Filius
730 873 793 907 est
807 864 1069 921 unigenitus.
1095 867 1193 909 Non
1211 874 1312 908 sunt
1328 874 1472 909 tamen

84 929 175 972 ausi
197 930 341 974 dicere
369 931 603 989 imaginem
626 932 723 975 Filii
747 934 952 992 Spiritum
977 944 1174 979 sanctum
1189 970 1200 989 ,
1226 935 1302 978 sed
1330 936 1470 979 mani-

84 998 372 1044 festationem.
394 1005 575 1061 Propter
592 1004 691 1057 hoc,
713 1019 793 1048 nec
812 1007 1024 1062 genitum,
1050 1005 1125 1049 sed
1142 1004 1306 1049 factum
1323 1007 1377 1049 ab
1396 1006 1471 1051 illo

83 1084 172 1112 esso
206 1069 422 1114 dixerunt.
462 1072 592 1124 Quod
625 1074 679 1117 de
714 1074 944 1132 Scripturis
976 1076 1132 1119 sanctis
1171 1076 1350 1119 omnino
1384 1091 1472 1120 non

82 1138 251 1197 legunt.

141 1213 309 1254 XXlII.
345 1212 450 1264 Quis
479 1221 625 1256 autem
658 1213 897 1258 catholicus
926 1215 1097 1269 dixerit,
1133 1225 1298 1274 partem
1340 1218 1474 1260 Patris

83 1296 172 1325 csse
194 1281 351 1325 Filium
369 1317 379 1336 ,
404 1292 501 1337 aut,
535 1293 700 1341 partem
725 1285 821 1327 Filii
853 1286 1060 1343 Spiritum
1095 1288 1472 1339 sanctum?Quod

84 1353 142 1396 ita
165 1353 415 1411 negandum
438 1362 720 1412 putaverunt,
743 1364 949 1414 tanquam
967 1357 1080 1399 inter
1098 1373 1174 1401 nos
1194 1367 1237 1401 et
1253 1358 1366 1416 ipsos
1383 1358 1473 1402 ulla

85 1423 186 1466 inde
203 1423 257 1467 sit
275 1424 473 1483 quaestio.
491 1424 697 1483 Ejusdem
714 1435 881 1468 naturae
897 1426 1082 1470 dicimus
1096 1442 1185 1470 esse
1199 1428 1469 1483 Trinitatem,

84 1508 172 1537 non
195 1492 383 1552 aliquam
418 1493 478 1536 ibi
517 1509 744 1552 personam
768 1504 934 1553 partem
969 1496 1208 1554 cujuspiam
1230 1512 1465 1556 nuncupa-

83 1579 194 1608 mus.
221 1563 306 1608 Sed
334 1564 454 1622 quod
478 1564 537 1607 ita
566 1574 724 1621 negant
756 1573 923 1623 partem
947 1565 1084 1608 Patris
1107 1580 1195 1609 esse
1231 1566 1391 1610 Filium
1423 1577 1471 1611 ut

84 1643 230 1677 tamen
264 1634 410 1677 dicant
438 1634 662 1692 proprium
692 1643 735 1676 et
765 1633 1114 1688 dilectissimum,
1152 1634 1394 1693 perfectum
1429 1647 1471 1680 et

84 1704 261 1762 plenum
287 1704 558 1761 unigenitum
584 1703 744 1746 Filium
774 1722 781 1746 :
808 1704 1095 1762 quaerendum
1111 1714 1173 1747 est
1189 1705 1243 1748 ab
1267 1707 1341 1757 eis,
1360 1722 1470 1764 quos

85 1774 195 1818 filios
215 1789 316 1817 suos
341 1773 443 1817 facit
463 1777 578 1818 Deus
600 1773 867 1828 voluntarie,
895 1775 1073 1832 gignens
1096 1790 1167 1819 eos
1195 1777 1329 1819 verbo
1356 1778 1470 1820 veri-

86 1845 224 1898 tati82,
249 1859 349 1887 cum
371 1843 427 1887 ad
449 1859 543 1887 eam
565 1842 877 1902 perfectionem
903 1845 1195 1901 pervenerint,
1222 1854 1270 1888 ut
1299 1846 1470 1903 perfec-

87 1914 213 1957 tiores
235 1929 324 1958 csse
359 1929 449 1958 non
478 1913 667 1972 possint,
700 1923 847 1956 utrum
871 1914 957 1956 sint
979 1915 1106 1956 etiam
1135 1915 1214 1973 ipsi
1246 1916 1410 1973 proprii
1429 1925 1472 1960 et

83 1983 375 2036 dilectissimi,
400 1982 584 2042 perfecti
606 1992 647 2025 et
666 1982 783 2041 pleni
799 1981 876 2024 filii
894 1985 986 2025 Dei.
1010 1983 1138 2035 Quod
1160 1984 1194 2026 si
1219 1993 1363 2038 erunt,
1390 2000 1470 2028 nec

85 2054 332 2112 unigenitus
354 2054 427 2097 ille
453 2053 554 2107 erit,
590 2053 690 2112 quia
727 2052 914 2111 aequales
954 2053 1112 2096 multos
1146 2054 1327 2097 habebit
1345 2074 1355 2109 3
1395 2055 1470 2098 sed

85 2123 390 2168 tantummodo
412 2123 738 2183 primogenitus.
760 2122 802 2166 Si
815 2131 1061 2165 autemnon
1082 2133 1225 2176 erunt,
1246 2125 1469 2181 quomodo

85 2194 334 2254 accipienda
356 2203 421 2238 est
442 2194 556 2237 illius
580 2192 808 2251 plenitudo
830 2201 959 2250 atque
981 2192 1192 2249 perfectio
1210 2227 1220 2245 ,
1247 2193 1329 2236 nisi
1349 2203 1396 2236 ut
1415 2195 1469 2237 sit

85 2280 258 2325 prorsus
282 2264 476 2322 gignenti
496 2262 697 2323 aequalis,
724 2271 766 2305 et
796 2262 840 2304 in
864 2261 985 2305 nullo
1014 2262 1192 2305 omnino
1225 2263 1466 2319 dissimilis,

86 2344 217 2394 atque
238 2344 288 2378 ut
310 2334 354 2377 id
379 2334 549 2376 brevius
572 2332 832 2390 planiusque
854 2331 1063 2383 dicamus,
1089 2332 1172 2374 sint
1194 2332 1261 2375 isti
1276 2332 1352 2375 filii
1371 2348 1469 2391 gra-

86 2406 161 2459 tia,
185 2403 259 2448 ille
281 2413 434 2447 natura
459 2422 467 2446 ;
494 2402 595 2462 quia
627 2402 672 2443 in
700 2401 789 2444 istis
821 2412 883 2444 est
908 2401 1177 2458 participatio
1199 2401 1435 2446 divinitatis
1457 2438 1466 2455 ,

86 2477 133 2519 in
153 2475 230 2519 illo
250 2473 494 2533 plenitudo.
520 2472 727 2525 Quamvis
741 2480 784 2515 et
800 2471 872 2514 ille
891 2471 1011 2530 quod
1028 2472 1216 2530 suscepit
1230 2472 1467 2525 hominem,

137 2567 147 2583 ¹
177 2571 189 2591 1
211 2561 284 2592 Cor.
308 2571 338 2601 1,
359 2558 412 2600 24.
432 2575 471 2581 -—
486 2564 498 2579 ⁹
519 2556 633 2590 Jacob.
653 2567 676 2597 1,
700 2556 749 2587 18.
