1803 3250
323 235 405 274 482
753 244 785 268 s.
824 241 1053 268 Anaus'rffll
1091 240 1267 266 ειηεεοιη

317 328 334 350 »
364 320 425 352 ter
449 316 592 349 autem
621 306 664 347 in
696 319 763 347 me
791 318 966 347 manens
990 302 1092 347 facit
1113 317 1244 361 opera
1267 317 1343 346 sua
1373 305 1384 328 ¹
1415 322 1423 346 ε
1457 321 1472 342 ·›
1507 313 1582 347 aut
1610 304 1701 348 sine

310 377 470 434 Spiritu
488 383 636 417 sancto
654 409 664 430 ,
680 388 780 416 cum
797 372 992 416 similiter
1009 388 1119 431 opus
1139 373 1194 416 sit
1211 372 1329 427 Filii,
1355 371 1477 432 quod
1496 373 1700 432 ejiciebat

307 445 549 499 demonia3
583 443 697 486 illius
728 443 892 502 quippe
925 443 1064 486 carnis
1105 442 1160 486 ad
1188 442 1329 486 solum
1372 442 1533 487 Filium
1563 444 1701 502 perti-

310 515 450 559 nentis
464 515 613 572 lingua
625 522 733 570 erat,
748 528 836 572 qua
848 512 1082 571 imperabat
1095 527 1144 555 ur
1158 511 1433 556 daemonibus
1447 521 1496 556 ut
1510 513 1701 558 exirent:

308 595 350 630 et
381 595 526 629 tamen
553 583 659 627 dicit
688 602 697 628 :
723 602 744 626 «
770 586 821 627 ln
851 583 1013 642 Spiritu
1042 592 1192 627 sancto
1215 583 1340 643 ejicio
1369 582 1587 628 daemonia
1617 586 1650 627 ².
1680 601 1701 625 »

310 658 419 699 [tem
455 655 551 714 quis
591 653 671 697 nisi
700 652 816 698 solus
848 653 982 696 Filius
1012 653 1274 697 resurrexit?
1306 654 1418 706 Quia
1450 653 1565 698 solus
1596 653 1707 698 mori

309 725 475 783 potuit,
497 725 572 783 qui
591 739 768 768 carnem
794 723 976 767 habuit:
1003 731 1047 766 et
1070 732 1216 765 tamen
1241 723 1296 765 ab
1322 724 1404 767 hoc
1429 739 1560 782 opere
1577 759 1588 779 ‚
1612 739 1703 784 quo

304 796 419 840 solus
447 795 578 838 Filius
610 794 869 846 resurrexit,
905 807 995 836 non
1024 801 1117 836 erat
1151 795 1275 836 Pater
1302 792 1496 849 alienus,
1526 794 1581 838 de
1611 809 1704 854 quo

303 866 515 924 scriptum
539 874 602 907 est
632 882 639 906 z
674 882 694 904 «
727 866 811 914 Qui
839 862 1062 906 suscitavit
1086 878 1109 905 a
1135 862 1315 907 mortuis
1342 865 1494 906 Jesum
1518 866 1550 907 3.
1584 884 1601 906 »
1634 867 1703 908 An

306 935 416 978 forte
434 934 586 991 seipse
610 947 697 976 non
715 933 965 976 suscitavit?
992 935 1046 975 Et
1071 932 1146 975 ubi
1164 934 1366 992 estquod
1385 936 1444 978 ait
1465 952 1473 979 ι
1499 952 1518 975 «
1539 934 1702 979 Solvite

309 1023 327 1044 »
355 1003 568 1061 templum
602 1003 704 1052 hoc,
735 1011 778 1044 et
813 1000 958 1045 triduo
980 1002 1196 1046 suscitabo
1227 1002 1340 1047 illud
1364 1004 1410 1046 4?
1438 1021 1458 1045 »
1494 1006 1550 1047 Et
1580 1002 1701 1063 quod

306 1081 564 1132 potestatem
601 1087 645 1116 se
679 1073 839 1116 habere
870 1071 975 1116 dicit
1005 1072 1199 1131 ponendi
1232 1081 1274 1116 et
1306 1074 1465 1116 iterum
1496 1073 1699 1117 sumendi

301 1146 490 1188 animam
516 1157 639 1187 suam
661 1144 706 1186 ⁵2³
731 1143 837 1194 Quis
861 1152 1009 1186 autem
1036 1142 1094 1186 ita
1119 1142 1322 1201 desipiat,
1352 1153 1399 1188 ut
1422 1153 1546 1202 putet
1563 1144 1702 1203 Spiri-

305 1226 399 1260 tum
429 1227 630 1260 sanctum
653 1217 1011 1259 resurrectionem
1039 1216 1225 1258 hominis
1243 1214 1404 1259 Christi
1427 1230 1516 1259 non
1533 1229 1698 1273 coope-

306 1297 465 1341 ratum,
491 1302 592 1330 cum
608 1288 751 1345 ipsum
770 1288 987 1329 hominem
1011 1286 1234 1330 Christum
1254 1285 1386 1330 fuerit
1405 1287 1641 1345 operatus?

364 1361 439 1402 Est
461 1358 504 1401 in
540 1357 716 1401 'nomine
743 1357 881 1400 simile
909 1355 1144 1415 quiddam,
1184 1356 1381 1415 quamvis
1415 1371 1699 1415 nequaquam

302 1427 417 1471 illius
428 1428 662 1480 Trinitatis,
684 1442 783 1484 quae
809 1430 919 1469 Deus
935 1436 1014 1479 est,
1036 1425 1305 1469 excellentiae
1321 1426 1673 1485 comparandum
1691 1445 1700 1471 :

305 1497 376 1542 ille
398 1498 517 1540 enim
543 1500 652 1539 Deus
674 1506 753 1550 est,
780 1497 858 1539 ista
880 1506 1078 1539 creatura
1107 1515 1114 1539 2
1143 1498 1274 1540 habet
1298 1506 1444 1542 tamen
1463 1496 1634 1557 aliquid
1657 1507 1701 1542 et

307 1568 402 1620 ista,
431 1566 506 1610 ubi
524 1565 838 1625 qualicumque
862 1566 993 1609 modo
1011 1565 1056 1609 id
1073 1567 1194 1625 quod
1216 1566 1272 1610 de
1295 1566 1367 1611 illa
1391 1567 1607 1612 ineffabili
1629 1567 1706 1613 Dei

312 1646 468 1680 natura
491 1636 669 1691 dicitur,
690 1638 822 1695 possit
838 1635 1038 1694 intelligi.
1059 1638 1212 1696 Neque
1231 1638 1348 1681 enim
1364 1636 1524 1684 frustra
1543 1654 1633 1684 non
1647 1648 1714 1683 est

317 1707 486 1751 dictum
509 1728 520 1764 3
569 1727 588 1748 «
611 1709 836 1752 Faciamus
874 1707 1097 1752 hominem
1142 1707 1197 1752 ad
1246 1710 1478 1768 imaginem
1524 1719 1671 1766 tuam,
1691 1728 1712 1752 »

321 1787 531 1837 tanquam
544 1782 671 1822 Pater
685 1778 797 1822 Filio
809 1777 1067 1838 loqueretur
1081 1799 1093 1837 3
1117 1788 1209 1835 aut,
1233 1779 1288 1824 ad
1304 1781 1539 1840 imaginem
1553 1796 1719 1826 meam:

321 1847 573 1891 seddictum
582 1857 665 1892 est:
687 1867 707 1890 «
721 1848 1028 1906 Adimaginem
1042 1851 1271 1894 nostramss.
1286 1868 1306 1891 »
1333 1851 1460 1903 Quod
1469 1866 1520 1895 ex
1534 1866 1718 1910 persona

324 1919 456 1977 ipsius
490 1919 710 1963 Trinitatis
728 1919 971 1965 rectissime
1008 1920 1232 1979 accipitur.
1272 1922 1370 1965 Tria
1400 1922 1548 1982 itaque
1569 1923 1650 1967 ista
1673 1925 1718 1966 in

324 1988 511 2032 hominis
544 1988 687 2031 anima
723 1988 990 2046 cogitemus,
1033 1991 1312 2045 memoriam,
1349 1990 1713 2051 intelligentiam,

324 2057 597 2102 voluntatem
617 2077 627 2102 :
650 2059 709 2102 ab
729 2059 794 2101 his
812 2059 950 2102 tribus
972 2060 1022 2103 fit
1038 2075 1167 2104 omne
1181 2061 1301 2121 quod
1321 2061 1519 2107 facimus.
1542 2066 1711 2108 Etcum

326 2129 405 2172 tria
427 2129 505 2172 ista
526 2128 637 2171 bene
659 2137 864 2188 recteque
885 2143 974 2173 sese
995 2130 1176 2186 habent,
1204 2130 1372 2177 bonum
1394 2142 1438 2176 et
1457 2144 1627 2179 rectum
1651 2145 1719 2179 est

328 2213 457 2242 omne
478 2197 599 2258 quod
618 2197 828 2255 facimus3
860 2199 894 2242 si
919 2214 999 2244 nec
1021 2202 1274 2246 memoriam
1297 2203 1485 2263 decipiat
1517 2204 1683 2249 oblivio
1705 2239 1716 2260 ,

329 2283 408 2313 nec
435 2284 554 2312 error
583 2268 943 2327 intelligentiam,
977 2285 1058 2315 nec
1091 2272 1297 2332 iniquitas
1326 2273 1616 2319 voluntatem.
1651 2275 1719 2320 Ad

330 2340 405 2385 Dei
428 2341 592 2400 quippe
611 2340 846 2399 imaginem
869 2342 928 2386 sic
958 2342 1262 2389 reformamur.
1288 2346 1431 2390 Omne
1457 2347 1589 2404 igitur
1609 2361 1720 2406 opus

330 2420 543 2465 nostrum,
563 2411 618 2455 ab
640 2410 706 2454 his
726 2411 864 2456 tribus
886 2413 959 2456 fit:
985 2412 1094 2457 nihil
1126 2415 1242 2458 enim
1263 2417 1432 2473 agimus
1449 2451 1460 2472 ‚
1487 2417 1609 2476 quod
1629 2432 1719 2462 non

381 2518 390 2534 ¹
424 2514 516 2543 Joan.
544 2523 618 2554 xiv,
652 2519 790 2545 ιο.--2
822 2513 943 2546 Matth.
974 2525 1040 2556 vui,
1068 2515 1120 2547 32.
1146 2520 1180 2547 et
1211 2527 1275 2555 xii,
1307 2517 1361 2549 28.
1383 2535 1416 2540 -
1439 2517 1450 2540 3
1477 2518 1546 2551 Gal.
1579 2531 1602 2560 1,
1635 2530 1663 2551 1.
1683 2534 1722 2541 --

333 2565 347 2594 *i
367 2569 457 2599 Joan.
478 2579 514 2605 ιι,
541 2579 590 2609 ις).
607 2567 734 2600 -51d.
755 2579 788 2610 x,
808 2569 862 2601 28.
880 2587 917 2593 -
935 2567 951 2592 ⁶
966 2571 1046 2602 Gen.
1067 2581 1090 2611 i,
1109 2571 1165 2603 26.
