1803 3250
319 180 397 220 1⁴8
756 186 790 215 s.
828 185 1057 217 Aucusnm
1089 189 1268 217 EPlsCom

312 271 412 314 ergo
458 253 663 297 Dominus
701 267 723 296 a
761 252 1039 312 parvulorum
1079 269 1259 298 suorum
1292 253 1534 309 mentibus,
1574 254 1695 313 quod

312 327 433 386 quasi
475 322 753 368 admonendo
791 327 976 370 Faustus
1015 325 1274 385 persuadere
1304 333 1483 369 conatus
1516 334 1605 380 est,
1653 334 1701 369 ut

309 398 436 440 etiam
467 410 544 439 nos
570 395 893 454 imaginariam,
929 412 1018 441 non
1052 412 1197 441 veram
1235 396 1505 441 nativitatem
1539 396 1699 442 Christi

313 466 624 525 profiteamur,
670 475 801 527 atque
840 467 898 510 ita
940 468 1051 511 inter
1094 483 1172 513 nos
1207 468 1345 512 omnis
1384 468 1608 512 contentio
1646 467 1700 509 fi-

308 538 454 583 niatur
493 558 501 582 :
546 539 739 584 imovero
783 548 954 583 maneat
999 540 1124 584 nobis
1172 539 1374 584 adversus
1419 537 1514 582 illos
1557 539 1702 598 potius

310 625 388 669 pro
415 609 596 655 veritate
625 619 874 665 certamen,
906 625 1039 670 quam
1068 625 1166 655 cum
1196 610 1278 654 illis
1308 610 1354 654 in
1376 608 1561 654 falsitate
1594 624 1702 654 con-

313 679 476 726 cordia.

365 754 447 796 ΙΙΙ.
481 753 797 796 Verumtamen
831 765 982 812 quaero
1020 750 1076 794 ab
1109 752 1190 806 eis,
1228 751 1263 795 si
1294 760 1440 796 nostra
1478 751 1704 796 contentio

309 822 566 867 terminatur
591 836 692 866 cum
712 823 798 866 hoc
819 820 1073 876 dixerimus,
1098 837 1176 866 cur
1197 822 1281 867 hoc
1303 823 1383 881 ipsi
1406 837 1497 867 non
1518 822 1703 866 dicunt?

307 894 398 938 Cur
433 893 513 952 ipsi
550 901 738 936 mortem
769 907 859 936 non
893 906 1063 947 veram,
1099 891 1174 936 sed
1210 892 1511 951 imaginariam
1541 892 1703 938 Christi

308 964 528 1008 affirmant
541 983 552 1020 3
563 962 834 1007 nativitatem
850 972 996 1007 autem
1006 978 1095 1008 non
1110 962 1261 1008 saltem
1276 962 1423 1019 talem,
1440 963 1514 1007 sed
1530 978 1706 1023 prorsus

307 1033 475 1079 nullam
490 1032 634 1078 dicere
649 1032 940 1092 delegerunt?
965 1035 1007 1079 Si
1022 1034 1291 1079 auctoritatis
1307 1035 1581 1093 Evangelicae
1597 1049 1706 1094 pon-

306 1104 412 1149 dere
434 1105 733 1159 erubuerunt,
759 1112 802 1149 et
816 1104 914 1149 ideo
930 1120 1020 1149 non
1042 1105 1134 1149 ausi
1151 1114 1253 1149 sunt
1275 1105 1496 1150 Christum
1514 1120 1605 1150 non
1619 1105 1707 1150 sal-

307 1184 395 1220 tem
418 1175 673 1235 imaginarie
696 1190 870 1236 passum
893 1175 1036 1220 dicere
1068 1196 1076 1220 :
1111 1176 1383 1221 nativitatem
1414 1191 1592 1236 quoque
1616 1177 1708 1236 ejus

308 1247 461 1292 eadem
498 1245 763 1306 Evangelica
804 1255 987 1292 testatur
1028 1248 1276 1292 auctoritas.
1323 1247 1415 1291 Etsi
1459 1247 1577 1291 enim
1617 1247 1708 1292 duo

309 1317 600 1378 Evangelistae
635 1318 778 1378 ipsum
813 1327 989 1377 partum
1019 1319 1168 1364 Mariae
1203 1327 1519 1376 narraverunt3
1560 1318 1709 1363 nullus

313 1399 460 1434 tamen
482 1389 860 1448 Evangelistarum
888 1391 1047 1446 tacuit,
1073 1389 1195 1449 quod
1211 1390 1416 1434 habuerit
1433 1398 1618 1434 matrem
1636 1393 1710 1434 Je-

312 1477 398 1506 sus.
427 1463 497 1506 An
520 1460 619 1506 ideo
642 1462 779 1520 piguit
800 1462 932 1505 etiam
951 1462 1034 1506 hoc
1051 1459 1287 1520 praedicare
1309 1461 1579 1517 simulatum,
1607 1463 1711 1522 quia

312 1531 611 1590 generationes
631 1530 732 1576 alias
750 1533 1001 1588 Matthaeus,
1023 1531 1126 1576 alias
1144 1535 1283 1576 Lucas
1302 1532 1575 1592 exequitur1,
1592 1534 1711 1577 undo

313 1603 519 1648 videntur
541 1618 631 1649 non
652 1604 735 1647 sibi
758 1605 1024 1649 convenire?
1053 1602 1138 1648 Sed
1170 1605 1226 1648 da
1259 1604 1480 1648 hominem
1514 1604 1591 1664 qui
1621 1620 1711 1649 non

314 1674 561 1734 intelligat,
584 1674 759 1732 putabit
781 1674 911 1719 etiam
947 1675 994 1718 in
1034 1673 1183 1719 multis
1220 1689 1320 1735 quae
1350 1674 1406 1718 ad
1427 1674 1590 1720 Christi
1609 1690 1710 1735 pas-

314 1745 482 1790 sionem
524 1746 771 1805 pertinent,
796 1744 1094 1805 Evangelistas
1116 1745 1198 1789 sibi
1221 1761 1311 1789 non
1335 1745 1566 1790 convenire
1582 1749 1600 1772 ²
1622 1765 1631 1791 ε
1657 1746 1712 1791 da

317 1831 421 1862 vero
447 1817 523 1878 qui
546 1816 784 1876 intelligat,
806 1826 848 1861 et
870 1816 1036 1877 ubique
1053 1816 1337 1861 conveniunt.
1363 1820 1432 1861 An
1461 1816 1565 1876 quia
1595 1831 1713 1862 mor-

319 1899 407 1934 tem
446 1889 649 1933 simulare
680 1889 914 1934 honestum
951 1898 1037 1943 est,
1078 1888 1353 1933 nativitotem
1392 1897 1538 1933 autem
1581 1889 1712 1934 etiam

318 1959 523 2005 simulare
552 1968 678 2019 turpe
708 1960 811 2004 est?
851 1961 940 2005 Cur
974 1974 1077 2018 ergo
1109 1974 1188 2004 nos
1225 1960 1427 2004 hortatur
1456 1959 1538 2004 hoc
1570 1961 1711 2005 confi—

323 2030 427 2086 teri,
465 2045 555 2090 quo
585 2030 719 2089 possit
749 2039 897 2075 nostra
928 2029 1150 2075 contentio
1173 2030 1430 2090 profligari?
1459 2031 1585 2075 Unde
1608 2046 1712 2090 ergo

319 2101 428 2145 mihi
449 2101 649 2145 videatur
670 2101 942 2146 nativitatem
964 2100 1150 2156 Christi,
1185 2115 1265 2145 nec
1288 2101 1441 2146 saltem
1463 2102 1574 2146 sicut
1596 2117 1711 2146 mor-

322 2181 408 2216 tem
429 2171 683 2215 simulatum
700 2205 712 2226 ,
741 2170 818 2216 sed
845 2185 1019 2232 prorsus
1042 2170 1208 2216 nullam
1229 2171 1467 2231 praedicare
1489 2171 1680 2218 voluisse
1695 2206 1707 2228 ,

319 2242 367 2287 in
397 2244 682 2303 consequenti
712 2258 909 2289 sermone
937 2242 1189 2303 apparebit,
1214 2243 1291 2288 ubi
1314 2243 1437 2288 alteri
1463 2245 1708 2304 responde-

321 2314 464 2360 bimus
480 2315 728 2376 quaestioni.

377 2389 455 2431 IV.
489 2388 613 2433 Absit
642 2397 789 2434 autem
817 2396 868 2433 ut
902 2388 955 2432 sit
983 2387 1029 2431 in
1056 2387 1262 2432 membris
1302 2396 1550 2433 sanctorum
1573 2388 1705 2433 etiam

367 2495 379 2512 ¹
399 2491 518 2524 Matth.
534 2503 557 2535 1,
573 2492 627 2527 25:
647 2493 723 2527 Luc.
739 2503 774 2535 ιι,
794 2502 836 2535 7:
858 2491 973 2526 Matth.
993 2501 1027 2534 ιι,
1050 2502 1084 2526 ιι
1105 2503 1112 2524 :
1130 2492 1237 2526 Marc.
1257 2502 1303 2534 ιιι,
1323 2492 1442 2526 31:-
1459 2498 1472 2516 ²
1495 2493 1573 2526 Luc.
1592 2502 1625 2526 ιι.
1649 2491 1703 2525 33.

315 2555 405 2586 Joan.
423 2558 457 2590 n,
479 2560 506 2581 ι.
