1803 3250
318 222 398 258 388
754 228 783 252 8,
823 228 1050 255 *ocum-im
1087 229 1264 255 EPtSCOPl

319 316 338 336 »
366 305 487 338 tuum
519 301 561 335 et
586 301 765 334 matrem
791 301 908 335 tuam
926 295 954 335 ¹.
985 295 1068 347 Et,
1101 293 1185 344 Qui
1210 292 1477 336 maledixerit
1497 295 1606 352 patri
1627 304 1701 338 aut

318 384 335 405 »
362 360 510 415 matri,
537 370 674 404 morte
695 361 905 405 moriatur
917 365 948 405 ².
976 364 1061 406 Vos
1084 371 1232 406 autem
1263 362 1402 407 dicitis
1433 379 1441 404 :
1484 364 1525 408 Si
1548 364 1703 410 dixerit

316 454 334 475 n
363 435 492 477 honio
516 433 624 491 patri
647 442 721 476 aut
742 433 891 489 matri,
919 435 1108 489 Corban,
1130 433 1252 494 quod
1275 444 1338 478 est
1365 434 1533 479 donum
1563 436 1703 495 quod-

318 528 334 547 »
361 519 550 565 eumque
564 520 615 548 ex
631 519 699 548 me
719 505 794 548 tibi
812 503 1023 563 profuerit
1045 525 1053 550 z
1079 515 1121 549 et
1135 505 1248 549 ultra
1266 521 1355 550 non
1371 506 1587 550 dimittitis
1602 521 1703 551 eum

316 599 334 618 n
360 576 602 637 quidquam
618 575 762 620 facere
786 576 894 635 patri
915 591 994 621 suo
1018 586 1093 621 aut
1115 577 1270 632 matri,
1293 576 1586 622 rescindentes
1606 593 1704 623 ver-

317 669 333 689 »
362 650 465 691 hum
495 648 566 691 Dei
594 663 668 706 per
691 646 968 692 traditionem
990 657 1191 703 vestram,
1224 664 1356 707 quam
1375 647 1627 703 tradidistis,
1660 659 1704 693 et

316 739 334 759 »
361 718 512 764 similia
532 717 782 779 hujusmodi
802 718 939 762 multa
955 716 1093 762 facitis
1107 719 1182 761 ³.»
1214 719 1299 762 Ubi
1314 720 1538 763 evidenter
1555 720 1704 764 Chris-

315 801 381 835 tus
404 792 592 835 ostendit
614 801 657 834 et
679 789 795 833 illam
826 791 898 832 Dei
923 805 1012 833 esse
1046 793 1202 848 Legem
1235 805 1367 850 quam
1391 791 1598 849 profanus
1627 792 1704 836 iste

313 862 610 922 blasphemat,
643 870 685 905 et
719 860 895 904 Judaeos
930 860 1090 904 habere
1126 875 1223 905 suas
1247 860 1500 907 traditiones
1528 879 1552 907 a
1583 862 1703 908 libris

313 934 579 993 propheticis
602 941 643 975 ct
668 932 888 990 Legitimis
907 930 1066 976 alienas
1083 967 1094 987 ,
1120 948 1228 993 quas
1251 933 1490 993 appellasse
1513 939 1702 995 Aposto-

308 1008 399 1051 lum
424 1005 625 1066 proi'anas
645 1004 831 1059 tabulas,
858 1014 900 1048 et
918 1003 1068 1059 aniles,
1094 1016 1137 1049 et
1160 1005 1428 1064 genealogias
1447 1008 1702 1052 intermina—

310 1088 388 1133 taS,
416 1093 505 1121 non
524 1076 767 1130 haeretfcus,
793 1074 868 1120 sed
893 1075 1133 1120 catholicus
1155 1075 1294 1121 lector
1318 1077 1537 1136 intelligit.
1569 1082 1704 1124 Porro

309 1152 341 1194 si
365 1148 492 1194 velim
536 1148 782 1192 testimonia
814 1156 972 1192 cuncta
1002 1146 1205 1205 colligere
1225 1183 1236 1203 ‚
1276 1149 1437 1208 quibus
1475 1151 1700 1195 ostendam

309 1219 683 1283 quemadmodum
703 1229 746 1264 et
768 1219 856 1279 ipse
876 1219 1086 1264 Dominus
1110 1229 1153 1263 et
1175 1219 1371 1278 Apostoli
1392 1222 1428 1282 ej
1438 1237 1484 1265 us
1501 1224 1617 1282 Lege
1639 1223 1704 1267 usi

312 1293 473 1337 fuerint
490 1302 534 1336 et
553 1292 794 1351 Prophetis,
811 1307 919 1351 quas
938 1292 1014 1334 iste
1032 1290 1165 1334 aniles
1176 1289 1348 1335 fabulas
1362 1301 1501 1351 putat,
1523 1293 1701 1353 quando

311 1365 510 1409 sufficio?
532 1374 607 1408 aut
629 1363 700 1408 cui
720 1378 809 1406 non
827 1362 1046 1406 sufficiant
1068 1362 1148 1406 ista
1170 1378 1271 1421 quae
1295 1362 1516 1407 diximus?

373 1439 454 1480 ΙΙΙ.
481 1438 569 1481 Nec
590 1435 669 1479 iste
688 1434 889 1478 adversus
912 1433 1056 1477 lucem
1079 1449 1323 1493 vocemque
1341 1435 1612 1480 Dominicam
1634 1435 1705 1480 vel

316 1508 608 1568 Apostolicam
626 1516 714 1550 tam
732 1521 872 1550 caecus
895 1514 937 1548 et
959 1504 1116 1549 surdus
1135 1514 1221 1560 est,
1242 1514 1292 1549 ut
1310 1506 1479 1564 ignoret
1498 1508 1707 1566 quemad-

313 1580 491 1624 modum
516 1595 537 1623 a
560 1579 733 1624 Christo
756 1587 799 1622 et
821 1576 1040 1637 Apostolis
1063 1577 1108 1620 in
1129 1576 1252 1621 libris
1274 1576 1329 1622 ad
1352 1575 1524 1624 Novum
1553 1582 1705 1625 Testa-

313 1661 508 1696 mentum
526 1650 846 1711 pertinentibus
867 1649 1151 1693 confirmetur
1173 1649 1300 1708 Legis
1318 1664 1366 1693 ac
1389 1651 1704 1710 Prophetarum

312 1734 354 1767 et
376 1722 708 1768 commendetur
731 1720 978 1765 auctoritas.
1001 1720 1190 1764 Proinde
1209 1721 1470 1779 excogitasse
1492 1738 1536 1766 se
1557 1723 1705 1768 existi-

315 1805 427 1851 mat,
474 1811 561 1855 quo
604 1803 731 1855 pacto
769 1791 1061 1850 subterfugiat
1096 1791 1233 1836 moles
1277 1793 1623 1838 testimoniorum
1660 1796 1706 1839 in

317 1866 582 1925 Evangelieis
610 1876 653 1910 et
682 1863 938 1925 Apostolicis
972 1864 1124 1907 litteris
1153 1864 1208 1906 de
1232 1862 1353 1907 libris
1375 1865 1596 1910 veteribus
1623 1882 1705 1926 po-

313 1942 512 1993 sitorum,
533 1939 694 1999 quibus
711 1939 821 1998 ejus,
842 1933 946 1980 velit
964 1934 1088 1990 nolit,
1109 1935 1323 1979 cervicata
1347 1934 1495 1996 lingua
1514 1941 1706 1982 conteri-

317 2022 399 2056 tur.
427 2012 499 2056 Ait
515 2011 678 2072 quippe
695 2006 950 2068 Apostolum
971 2022 1049 2066 pro
1066 2006 1350 2067 qualitatibus
1367 2009 1644 2067 ingeniorum
1662 2009 1708 2053 in

313 2084 507 2145 quinque
531 2081 722 2142 personis
743 2079 940 2124 locutum
965 2097 974 2123 z
1005 2097 1024 2120 «
1045 2078 1274 2123 Insinuans
1293 2079 1410 2122 enim
1438 2080 1536 2123 rudi
1563 2079 1706 2125 adhuc

314 2155 494 2217 populo,
519 2153 681 2214 inquit,
710 2168 809 2213 quae
832 2151 909 2195 Dei
931 2159 1049 2204 sunt,
1075 2165 1164 2193 non
1187 2149 1342 2195 debuit
1375 2166 1397 2195 a
1431 2150 1704 2211 perfectiori-

316 2232 395 2272 bus
408 2227 613 2286 incipere,
628 2222 1043 2269 etconsuetudinem
1060 2221 1115 2265 ab
1129 2222 1188 2265 eis
1207 2222 1455 2267 vestustatis
1472 2221 1706 2267 excludens

315 2315 337 2344 a
355 2297 671 2343 difficilioribus
684 2295 904 2349 inchoare,
919 2309 974 2338 ne
988 2308 1124 2338 novos
1142 2293 1287 2338 adhuc
1302 2293 1357 2338 ad
1372 2293 1501 2337 fidem
1512 2294 1706 2354 perfecta

315 2371 512 2415 doctrina
546 2369 757 2413 turbaret.
782 2388 798 2408 »
846 2365 1012 2411 Deinde
1040 2364 1190 2409 volens
1223 2365 1347 2426 quasi
1372 2366 1558 2424 probare
1584 2364 1706 2427 quod

315 2442 440 2496 dixit,
456 2440 659 2485 eumdem
676 2437 935 2499 Apostolum
951 2435 1170 2480 dicentem
1187 2446 1503 2482 commemorat
1521 2457 1530 2482 :
1554 2456 1574 2480 «
1592 2439 1705 2483 Cum

321 2532 338 2554 »
365 2513 474 2557 liber
504 2513 582 2556 sim
612 2528 664 2556 ex
694 2510 916 2564 omnibus,
944 2507 1149 2552 omnibus
1177 2523 1245 2552 me
1263 2508 1453 2568 subjeci,
1476 2517 1526 2554 ut
1558 2508 1706 2569 plures

366 2608 372 2623 ¹
400 2601 489 2633 Exod
506 2611 561 2642 xx,
585 2609 634 2633 12.
649 2605 715 2624 -2
734 2599 839 2631 Levit.
860 2607 950 2638 xxix,
967 2608 1002 2638 9.
1018 2613 1058 2622 -
1073 2593 1088 2621 3
1105 2598 1205 2630 Marc.
1225 2608 1286 2638 vu,
1305 2597 1325 2629 5
1346 2600 1380 2629 et
1396 2606 1486 2639 seqq.
