1803 3250
480 187 678 223 Enswm
710 187 765 219 An
797 187 1094 219 Ancum-mum.
1393 176 1478 216 287

98 261 204 305 dum
225 260 294 304 sit.
317 262 414 319 Ipse
431 260 548 304 enirn
568 271 660 304 non
681 258 852 318 ignoras
868 270 999 316 quam
1017 256 1226 316 pessimus
1242 254 1312 310 sit,
1331 266 1484 313 quam-

96 346 183 391 que
219 330 449 390 malignus,
488 331 653 390 quique
687 329 816 373 etiam
853 335 974 372 tanta
1010 326 1246 372 calliditate
1280 324 1485 369 adversus

96 401 245 446 fideles
266 411 309 446 et
330 417 520 447 summos
536 402 650 447 viros
669 399 842 456 militat,
861 407 911 442 ut
933 407 975 442 et
997 402 1174 442 Petrum
1193 397 1380 456 coegerit
1399 396 1482 440 sub

96 487 185 516 una
215 481 343 517 nocte
364 473 493 517 tertio
520 472 756 517 Dominum
778 471 980 528 negare²‚
1009 478 1052 513 et
1074 468 1216 513 eidem
1242 467 1484 527 resurgenti

99 543 312 588 Thomam
342 558 433 588 non
466 543 709 603 permiserit
739 540 964 586 credere²z
990 555 1091 601 quae
1127 548 1276 583 tamen
1306 538 1488 584 vulnera

97 624 246 659 curata
278 623 380 659 sunt
411 614 700 675 indulgentiae
729 612 960 657 medicina.
996 611 1114 655 lllud
1136 625 1236 656 vero
1255 625 1386 670 quam
1407 626 1487 654 au-

97 684 246 729 dacter
280 684 457 730 molitus
497 686 552 731 sit
572 694 595 731 :¹
622 694 672 730 ut
708 683 887 729 domino
918 682 1135 742 optimum
1166 696 1314 726 semen
1353 680 1482 724 semi-

98 757 243 811 nanti,
268 756 341 800 ille
367 757 526 802 zizania
553 756 821 811 miscuerit-³,
847 764 891 799 et
912 763 1034 799 tanto
1056 753 1217 813 pastori
1239 752 1491 796 Iscariotem

59 847 63 850 <
99 826 313 886 rapuerit3
337 836 381 871 et
407 836 458 871 ut
479 826 534 871 ad
555 827 759 871 ultimum
793 827 932 871 crucis
954 823 1216 885 supplicium
1249 822 1488 876 veniretur,

98 896 143 940 in
176 894 412 955 perniciem
441 897 574 956 ipsius
599 897 768 942 Scribas
791 896 1118 955 Pharisaeosque
1148 892 1417 947 accenderit,
1443 899 1493 936 ut

97 967 331 1011 Barrabam
349 967 509 1011 dimitti
526 967 780 1023 clamarent,
804 975 847 1011 et
864 969 888 1010 J
893 980 1013 1010 esum
1031 964 1241 1024 crucifigi.
1264 962 1491 1008 Evasimus

97 1037 245 1096 igitur,
261 1040 362 1099 quia
377 1037 612 1098 spiritalem
629 1039 765 1084 secuti
782 1054 931 1083 sumus
951 1037 1234 1083 salvatorem.
1249 1038 1360 1080 Nam
1378 1033 1493 1078 illius

98 1117 272 1153 tanturn
303 1110 448 1168 erupit
468 1109 665 1165 audacia,
691 1117 742 1154 ut
763 1109 799 1154 si
821 1118 967 1153 noster
988 1108 1197 1153 Dominus
1221 1104 1403 1151 carnalis
1423 1104 1493 1149 fo-

99 1188 180 1235 ret,
207 1180 346 1224 omnis
368 1188 514 1224 nostra
536 1178 685 1225 fuisset
706 1195 801 1240 spes
822 1187 1062 1239 amputata.
1091 1181 1147 1222 Et
1164 1186 1310 1222 tamen
1327 1191 1383 1220 ne
1399 1175 1494 1235 ipso

100 1251 277 1311 quidem
309 1251 448 1295 crucis
475 1251 713 1311 opprobrio
745 1252 888 1311 potuit
910 1251 1108 1294 satiari42
1133 1249 1332 1309 quinimo
1373 1247 1493 1291 insa-

100 1321 245 1378 niens,
281 1322 384 1366 hinc
413 1323 558 1382 coegit
588 1323 720 1383 spinis
753 1323 975 1377 coronari,-
1006 1321 1126 1366 illinc
1149 1330 1271 1365 aceto
1293 1319 1491 1379 potari53

100 1393 204 1438 hinc
230 1393 419 1438 militurn
448 1394 599 1439 lancea
625 1396 822 1455 percuti,
855 1393 977 1439 illinc
1009 1394 1170 1438 sinistri
1202 1391 1385 1436 latronis
1418 1404 1494 1435 ore

102 1462 437 1523 blasphemariss.
474 1468 531 1510 At
553 1475 707 1525 postea
723 1474 896 1511 tantum
918 1466 1009 1525 ejus
1030 1464 1165 1509 crevit
1186 1463 1415 1523 iniquitas,
1443 1469 1496 1507 ut

102 1544 147 1579 et
170 1535 262 1595 ipso
284 1545 328 1580 et
343 1536 562 1596 Apostolis
579 1537 671 1597 ejus
691 1536 795 1581 illuc
814 1535 1149 1581 ascendentibus
1167 1533 1356 1579 diversas
1371 1546 1494 1577 com-

102 1615 285 1665 poneret
305 1607 595 1666 quaestiones⁷
608 1642 619 1662 ,
645 1607 728 1652 sub
750 1621 919 1662 eorum,
938 1605 1059 1666 quod
1079 1607 1200 1666 pejus
1216 1614 1295 1660 est,
1316 1603 1495 1648 nomine

103 1678 407 1737 superstitiosis
427 1679 653 1735 omnibus,
679 1678 725 1723 id
747 1688 825 1734 est,
850 1677 1052 1723 catholici
1074 1677 1276 1722 vocabuli
1297 1675 1497 1721 dividens

104 1747 378 1807 dignitatem.
398 1750 564 1794 Omitto
580 1765 771 1810 namque
792 1757 1008 1810 quatenus
1025 1761 1388 1808 unumquemque
1405 1745 1496 1790 dis-

105 1819 353 1879 cipulorum
370 1819 573 1866 adversus
591 1821 817 1879 magistros
835 1821 1081 1876 armaverit,
1100 1829 1316 1880 quatenus
1333 1820 1498 1876 Hyme-

106 1905 255 1935 naeum
275 1927 287 1947 ,
331 1900 547 1952 quatenus
589 1892 886 1937 Alexandrum
932 1892 1181 1951 deceperit,
1236 1906 1337 1950 quoe
1378 1889 1498 1949 apud

107 1962 381 2007 Antiochiam
399 1998 410 2017 ‚
443 1979 542 2024 quae
575 1962 694 2023 apud
734 1965 995 2021 Smyrnam,
1025 1977 1125 2023 quae
1147 1960 1266 2021 apud
1298 1960 1499 2006 Iconium

108 2034 399 2078 commiserit⁸
422 2053 441 2092 ιγ
455 2033 531 2078 illa
557 2049 677 2079 nunc
699 2033 814 2079 addo
836 2050 936 2095 quae
957 2048 1145 2094 praesens
1175 2033 1326 2077 actitat
1346 2031 1499 2076 multi-

111 2104 234 2159 tudo,
260 2120 284 2148 a
304 2121 391 2165 qua
419 2113 591 2148 tanturn
612 2106 750 2149 virtus
780 2104 934 2164 procul
965 2114 1045 2160 est,
1081 2113 1297 2164 quantum
1334 2101 1500 2162 populo

109 2175 255 2220 clausa
269 2184 347 2219 est.
365 2177 454 2221 Nec
468 2176 584 2219 enim
600 2175 737 2220 virtus
758 2184 823 2220 est
845 2176 899 2220 ad
920 2191 1052 2236 quam
1076 2173 1204 2219 turba
1220 2173 1435 2234 pervenit,
1456 2180 1500 2216 et

109 2245 239 2291 turba
260 2261 394 2308 quam
421 2246 605 2291 maxime
627 2246 923 2292 foeminarum.
953 2245 1038 2292 Sed
1060 2261 1210 2291 vereor
1230 2244 1501 2289 clandestina

111 2331 262 2363 eorum
286 2317 528 2377 publicare,
567 2333 623 2362 ne
648 2318 703 2363 ab
724 2318 817 2364 aliis
837 2316 979 2363 ordita
1000 2317 1182 2362 crimina
1204 2317 1497 2376 geminentur.

159 2438 171 2455 1
199 2430 321 2465 Matth.
347 2441 458 2472 xxvii,
484 2429 538 2472 75.
563 2447 606 2456 —
625 2436 640 2454 ²
668 2433 759 2465 Joan.
790 2442 854 2473 xx,
882 2440 936 2474 27.
956 2448 999 2455 —
1013 2429 1026 2454 3
1044 2430 1158 2464 Matth.
1179 2442 1251 2472 xm,
1276 2430 1333 2464 25.
1352 2446 1394 2454 ·-
1408 2428 1425 2460 4
1449 2430 1498 2464 Id.

113 2498 214 2529 xxvii,
237 2495 292 2529 29.
311 2503 353 2509 —
367 2484 382 2510 5
399 2487 477 2520 Luc.
508 2497 596 2527 xxm,
616 2485 670 2529 37.
689 2503 732 2511 —
747 2484 763 2510 ⁶
781 2487 871 2520 Joan.
900 2497 977 2528 xix,
998 2484 1053 2529 34.
1075 2502 1118 2511 --
1132 2492 1146 2521 7
1163 2488 1244 2521 Luc.
1270 2496 1363 2530 xxm,
1389 2486 1443 2531 39.
1458 2500 1500 2511 —

115 2541 130 2566 ⁸
152 2554 166 2576 1
186 2542 267 2577 Tim.
283 2552 308 2584 ι,
328 2551 382 2575 20.
