1803 3250
586 219 641 246 DE
671 216 844 247 NATURA
876 220 990 247 nom.
1396 209 1481 247 269

158 283 274 326 XLI.
309 281 439 336 Quod
461 282 689 329 Manichaei
706 283 740 328 si
758 282 920 327 vellent
946 284 1037 327 sine
1065 282 1305 343 pernicioso
1337 284 1482 329 studio

99 352 365 398 defendendi
387 355 540 398 erroris
562 355 652 409 sui,
688 366 731 400 et
761 368 859 397 cum
883 354 960 397 Dei
983 354 1136 399 timore
1158 354 1368 414 cogitare,
1393 371 1483 400 non

97 424 391 469 scelestissime
403 424 752 484 blasphemarent
764 423 1014 469 inducendo
1025 425 1131 470 duas
1146 435 1334 482 naturas,
1350 443 1483 472 unam

97 496 258 539 bonam
292 511 424 556 quam
457 496 609 540 dicunt
644 500 796 550 Deum,
833 496 1011 540 alteram
1044 496 1200 541 malam
1235 514 1366 559 quam
1394 514 1484 544 non

96 564 248 610 fecerit
266 569 404 611 Deus:
428 566 487 611 ita
504 576 710 621 errantes,
733 566 791 611 ita
812 565 1061 621 delirantes,
1084 567 1276 612 imovero
1295 569 1353 613 ita
1376 569 1485 613 insa-

100 637 282 693 nientes,
318 647 368 682 ut
395 653 484 682 non
519 636 710 691 videant,
748 638 858 681 etin
887 652 938 682 eo
964 638 1083 698 quod
1103 637 1254 683 dicunt
1285 648 1484 684 naturam

96 710 252 753 summi
275 708 399 764 mali,
436 724 598 769 ponere
621 724 664 753 se
688 717 807 753 tanta
834 708 970 763 bona,
1011 708 1085 753 ubi
1117 720 1288 768 ponunt
1323 711 1452 755 vitam
1470 746 1481 766 ,

95 780 351 839 potentiam,
377 779 577 836 salutem,
602 781 871 835 memoriam,
896 779 1186 836 intellectum,
1214 782 1482 841 temperiem,

93 850 316 906 virtutem,
338 852 523 912 copiam,
544 867 733 906 sensum,
759 851 924 907 lumen,
946 852 1218 907 suavitatem,
1238 868 1477 909 mensuras,

95 936 314 976 numerOS,
332 938 499 983 pacem,
519 923 717 978 modum,
737 923 940 983 speciem,
962 922 1184 982 ordinem,
1207 925 1251 968 in
1269 940 1320 970 eo
1339 934 1485 970 autem

93 994 214 1054 quod
231 993 385 1039 dicunt
402 1010 622 1039 summum
641 996 823 1050 bonum,
844 1005 965 1040 tanta
983 995 1111 1049 mala,
1132 1005 1337 1053 mortem,
1355 998 1483 1056 aegri-

94 1064 308 1119 tudinem,
342 1065 622 1121 oblivionem,
648 1066 955 1125 insipientiam,
981 1067 1373 1125 perturbationem,
1400 1068 1483 1112 im-

94 1136 349 1194 potentiam,
378 1145 629 1195 egestatem,
662 1135 959 1192 stoliditatem,
985 1138 1240 1192 caecitatem,
1267 1137 1481 1195 dolorem,

93 1207 391 1267 iniquitatem,
417 1207 628 1262 dedecus,
655 1207 845 1262 bellum,
870 1208 1297 1265 immoderationem,
1335 1208 1484 1255 defor-

94 1279 308 1334 mitatem,
346 1279 685 1338 perversitatem.
727 1279 947 1339 Principes
983 1281 1099 1324 enim
1131 1281 1414 1325 tenebrarum
1441 1291 1484 1326 et

91 1349 245 1394 vixisse
266 1349 313 1393 in
329 1364 404 1393 sua
421 1358 574 1394 natura
593 1348 761 1405 dicunt,
787 1359 830 1394 et
850 1351 895 1393 in
917 1366 994 1396 suo
1013 1366 1147 1410 regno
1169 1351 1309 1396 salvos
1330 1350 1478 1406 fuisse,

91 1429 134 1465 et
154 1421 414 1476 meminisse,
447 1430 490 1465 et
521 1419 793 1465 intellexisse.
823 1422 889 1467 Sic
921 1423 1037 1466 enim
1071 1423 1381 1468 concionatum
1416 1422 1480 1468 illi

90 1492 244 1536 dicunt
267 1492 504 1551 principem
527 1492 820 1547 tenebrarum,
846 1503 896 1537 ut
918 1509 1059 1554 neque
1081 1495 1173 1553 ipse
1196 1493 1296 1538 talia
1317 1494 1477 1550 dicere,

89 1578 232 1623 neque
255 1563 309 1606 ab
330 1563 387 1606 eis
407 1563 565 1622 quibus
588 1562 761 1608 dicebat
779 1565 917 1608 audiri
939 1566 1031 1609 sine
1054 1566 1264 1610 memoria
1286 1574 1329 1610 et
1349 1565 1482 1610 intel-

91 1633 207 1678 lectu
237 1634 475 1693 potuisset:
502 1644 545 1678 et
566 1634 768 1679 habuisse
790 1636 1041 1694 temperiem
1065 1637 1209 1681 animo
1239 1645 1282 1680 et
1309 1636 1485 1696 corpori

91 1721 171 1750 suo
192 1719 446 1763 congruam,
471 1714 513 1748 et
534 1705 694 1749 virtute
713 1706 918 1764 potentias
937 1721 1153 1765 regnasse,
1178 1716 1220 1751 et
1239 1707 1383 1767 copias
1397 1706 1484 1751 ele-

93 1785 340 1821 mentorum
357 1791 535 1820 suorum
554 1791 602 1819 ac
619 1774 926 1820 foecunditates
946 1777 1164 1833 habuisse,
1185 1788 1228 1821 et
1245 1778 1422 1822 sensisse
1439 1792 1484 1823 se

92 1848 278 1893 invicem
296 1863 344 1893 ac
362 1847 444 1892 sibi
463 1848 655 1892 vicinum
674 1848 842 1902 lumen,
860 1857 904 1891 et
919 1848 1067 1892 oculos
1084 1849 1303 1904 habuisse,
1324 1849 1485 1909 quibus

93 1918 203 1964 illud
219 1919 348 1977 longe
364 1918 688 1977 conspicerent3
714 1917 790 1978 qui
815 1918 967 1977 utique
990 1917 1105 1962 oculi
1127 1919 1217 1962 sine
1240 1918 1388 1978 aliquo
1410 1918 1482 1963 lu-

93 1990 209 2033 mine
225 1989 375 2033 lumen
391 1988 538 2033 videre
554 2003 643 2033 non
661 1997 878 2048 poterant,
900 1987 1017 2032 unde
1034 2000 1149 2033 recte
1168 1989 1298 2033 etiam
1316 1989 1484 2034 lumina

93 2061 402 2106 nominantur:
429 2070 472 2104 et
502 2060 710 2104 suavitate
737 2075 826 2103 suae
860 2059 1094 2119 voluptatis
1117 2076 1206 2105 esse
1232 2059 1480 2120 perfruitos,

93 2142 137 2177 et
169 2131 372 2176 dimensis
406 2131 612 2175 membris
646 2140 777 2191 atque
800 2130 1142 2175 habitationibus
1171 2131 1482 2175 determinatos

92 2203 239 2247 fuisse.
289 2202 377 2247 Nisi
412 2211 558 2245 autem
586 2201 715 2244 etiam
747 2199 1074 2260 qualiscumque
1108 2199 1389 2260 pulchritudo
1420 2200 1482 2245 ibi

93 2273 260 2328 fuisset,
285 2288 365 2317 nec
383 2281 578 2316 amarent
598 2272 797 2330 conjugia
819 2287 911 2326 sua,
937 2286 1016 2314 nec
1034 2272 1222 2330 partium
1240 2286 1482 2330 congruen-

94 2345 154 2389 tia
176 2359 358 2403 corpora
385 2357 535 2387 eorum
560 2350 808 2386 constarent
828 2361 836 2386 ε
863 2342 983 2401 quod
1007 2343 1082 2385 ubi
1106 2358 1195 2386 non
1219 2341 1366 2396 fuerit,
1393 2358 1483 2386 non

95 2425 275 2475 possunt
296 2430 343 2458 ea
363 2414 455 2457 fieri
473 2429 571 2473 quae
585 2413 646 2456 ibi
667 2412 780 2456 facta
798 2428 887 2456 esse
909 2412 1109 2456 delirant.
1137 2415 1193 2456 Et
1213 2414 1292 2457 nisi
1310 2429 1393 2472 pax
1411 2413 1484 2457 ali-

96 2502 183 2545 qua
203 2485 264 2529 ibi
287 2494 411 2534 esset,
436 2483 622 2543 principi.
646 2498 724 2527 suo
744 2498 832 2526 non
856 2482 1084 2526 obedirent
1103 2502 1112 2526 ε
1138 2483 1226 2528 Nisi
1249 2485 1404 2528 modus
1421 2484 1484 2527 ibi

97 2567 220 2611 esset,
244 2555 350 2601 nihil
373 2554 493 2600 aliud
507 2565 698 2613 agerent,
714 2569 847 2614 quam
860 2553 1155 2610 comederent,
1173 2563 1250 2600 aut
1261 2554 1479 2610 biberent,
