1803 3250
105 332 208 437 S.
278 329 610 436 AUR.
668 331 1477 441 AUGUSTINI

419 551 831 589 HIPPONENSIS
873 552 1153 592 EPISGOP1

535 717 642 778 AD
695 715 1046 779 OROSIUM

127 907 517 984 CONTRA
576 908 1466 988 PRISCILLIANISTAS

454 1099 551 1151 ET
587 1100 1134 1154 ORIGENISTAS

530 1279 751 1335 LIBER
808 1279 1007 1337 UNUS
1033 1281 1074 1335 ¹.

157 1589 192 1631 I.
226 1589 511 1632 Responnmn
544 1586 626 1630 tibi
658 1586 921 1645 quaerenti²‚
948 1585 1222 1631 dilectissime
1248 1586 1310 1631 fili
1336 1589 1490 1645 Orosi,

97 1673 177 1702 nec
200 1657 256 1702 ad
279 1657 423 1702 omnia
440 1657 597 1712 debeo,
623 1673 722 1717 quae
744 1658 790 1701 in
813 1667 891 1702 tuo
912 1658 1258 1703 Commonitorio
1279 1660 1486 1718 posuisti,

98 1743 180 1773 nec
201 1728 380 1772 omnino
398 1742 488 1772 non
506 1727 663 1781 debeo,
688 1743 743 1772 ne
756 1727 949 1772 studium
972 1737 1116 1784 tuum,
1137 1728 1258 1789 quod
1277 1729 1383 1773 mihi
1397 1744 1489 1788 gra-

97 1799 311 1844 tissimum
331 1807 411 1853 est,
423 1799 732 1857 contempsisse
746 1799 909 1853 videar,
925 1808 968 1843 et
981 1800 1038 1843 ob
1051 1799 1133 1843 hoc
1150 1800 1491 1859 intemperanter

98 1870 336 1916 offendam.
353 1872 462 1914 Nam
479 1870 525 1913 in
533 1870 797 1930 quibusdam
806 1871 1037 1930 Opusculis
1051 1872 1223 1926 nostris,
1236 1887 1335 1931 quae
1343 1872 1413 1917 vel
1425 1871 1490 1916 le·

98 1940 293 2000 gisti‚vel
310 1940 454 2000 legere
470 1942 648 2001 poteris,
667 1940 805 1986 multa
825 1942 940 1986 dicta
960 1951 1078 1998 sunt,
1101 1958 1201 2002 quae
1217 1942 1392 1987 valeant
1410 1942 1489 1986 ad-

98 2027 245 2057 versus
267 2012 463 2056 haeresim
480 2012 898 2057 Priscillianistarum
924 2033 933 2058 :
960 2014 1158 2073 quamvis
1178 2028 1268 2057 non
1291 2014 1398 2057 mihi
1416 2028 1489 2058 eos

99 2083 400 2143 proposuerim
410 2079 695 2138 refellendos3
717 2084 792 2125 sed
808 2097 907 2125 cum
925 2083 1045 2126 aliud
1057 2098 1247 2141 agerem,
1260 2084 1389 2128 etiam
1403 2084 1488 2128 hoc

100 2170 170 2198 mc
181 2154 316 2213 egisse
339 2168 458 2198 nunc
480 2152 691 2211 intelligo,
707 2153 885 2213 quando
900 2169 950 2197 ex
969 2163 1012 2198 te
1028 2154 1160 2198 audio
1180 2154 1288 2214 quid
1310 2155 1372 2199 illi
1387 2171 1489 2200 sen-

101 2226 226 2271 tiant.
252 2223 377 2278 Quod
393 2224 508 2268 enim
530 2233 594 2268 est
615 2224 820 2270 adversus
842 2226 1104 2270 Manichaeos
1125 2226 1273 2271 multis
1289 2243 1313 2271 a
1334 2243 1405 2271 me
1421 2226 1488 2272 lo-

100 2296 159 2341 cis
180 2295 236 2340 de
257 2295 399 2339 anima
418 2294 709 2354 disputatum,
734 2311 834 2356 quae
857 2296 958 2340 licet
982 2295 1224 2341 secundum
1247 2297 1485 2357 quemdam

102 2366 284 2411 modum
298 2379 427 2410 suum
445 2366 498 2410 sit
513 2366 784 2421 immortalis,
808 2376 956 2411 tamen
973 2368 1017 2410 in
1035 2366 1224 2411 deterius
1243 2368 1488 2413 deficiendo

103 2446 146 2481 et
167 2437 214 2480 in
230 2434 385 2481 melius
404 2436 672 2496 proficiendo
694 2437 915 2482 mutabilis
934 2452 1022 2482 esse
1041 2437 1332 2493 convincitur,
1354 2448 1395 2483 et
1414 2454 1489 2498 per

152 2552 161 2567 ¹
193 2544 337 2588 Scriptus
355 2555 439 2578 anno
455 2544 570 2578 Christi
588 2544 665 2587 415.
693 2546 773 2580 Vide
794 2549 939 2579 Retract.
961 2546 1016 2578 lib.
1042 2558 1075 2588 ιι,
1094 2558 1166 2589 cap.
1186 2546 1239 2589 44.
1257 2566 1294 2571 -
1313 2555 1325 2570 ²
1345 2548 1423 2580 Vidc
1447 2551 1483 2580 D.

104 2600 241 2643 Guillon,
260 2604 340 2634 tom.
362 2611 438 2643 χιιι,
457 2611 526 2643 pag.
546 2610 689 2643 99—109.
