1803 3250
340 189 418 230 174
759 197 794 226 s.
830 198 1059 228 Aucusnm
1093 200 1274 228 nmscom

334 276 479 311 autem
499 273 606 324 puto
625 264 744 323 quod
760 264 815 308 ad
834 279 974 309 escam
992 280 1094 309 usus
1108 265 1338 310 hominum
1351 281 1439 310 non
1455 265 1650 321 admisit,
1671 281 1723 311 eo

333 337 454 397 quod
473 351 563 380 non
585 335 843 391 occisorum,
865 336 940 381 sed
963 346 1237 382 mortuorum
1255 336 1508 381 animalium
1526 337 1725 382 morbida

332 424 432 452 caro
440 417 518 462 est,
534 422 614 452 nec
625 416 725 467 apta
739 409 793 453 ad
806 407 988 454 salutem
1004 410 1214 469 corporis,
1235 409 1358 468 cujus
1375 424 1503 454 causa
1515 409 1725 454 sumimus

332 478 604 523 alimentum.
629 480 739 525 Nam
762 479 881 539 quod
910 478 964 524 de
987 478 1260 525 effundendo
1293 479 1505 538 sanguine
1534 480 1722 539 antiquis

331 551 376 594 in
393 550 531 610 figura
549 559 816 611 praeceptum
833 561 919 606 est,
944 551 989 596 id
1007 561 1086 607 est,
1111 553 1192 611 ipsi
1210 554 1302 598 Noe
1330 561 1425 612 post
1453 549 1717 606 diluvium¹,

330 620 451 682 quod
475 622 567 681 jam
589 620 697 682 quid
725 623 984 681 significaret
1012 623 1308 678 ostendimus,
1332 623 1529 682 plerique
1559 621 1723 666 intelli-

331 701 456 751 gunt.
482 694 539 737 Et
556 692 601 736 in
625 693 806 738 Actibus
828 692 1139 752 Apostolorum
1162 694 1245 737 hoc
1266 693 1361 752 lege
1379 702 1647 752 praeceptum
1667 693 1723 737 ab

330 763 549 822 Apostolis
564 798 575 818 ,
602 772 651 808 ut
678 764 944 808 abstinerent
967 764 1128 807 Gentes
1145 771 1317 807 tantum
1334 779 1357 807 a
1375 763 1664 808 fornicatione
1681 771 1727 807 et

330 834 385 878 ab
407 834 640 879 immolatis
659 844 702 879 et
724 851 746 879 a
763 834 1021 893 sanguine2,
1042 833 1086 877 id
1104 842 1185 889 est,
1210 849 1266 879 ne
1285 834 1529 894 quidquam
1547 835 1729 879 ederent

329 906 469 950 carnis
486 940 497 960 ,
521 912 587 963 cuj
597 921 644 950 us
665 905 840 964 sanguis
859 921 949 950 non
965 914 1075 950 esset
1097 906 1282 951 effusus.
1304 908 1435 960 Quod
1457 907 1528 951 alii
1551 922 1641 952 non
1666 907 1727 951 sic

330 976 601 1036 intelligunt,
621 976 698 1021 sed
714 992 738 1020 a
759 977 973 1036 sanguine
992 988 1261 1038 praeceptum
1290 993 1379 1023 esse
1396 978 1724 1033 abstinendum,

329 1063 383 1092 ne
400 1048 496 1108 quis
517 1047 755 1093 homicidio
771 1064 815 1093 se
836 1049 1121 1093 contaminet.
1146 1051 1240 1095 Hoc
1255 1065 1375 1095 nunc
1389 1050 1607 1095 discutere
1625 1047 1728 1094 lon·-

330 1134 435 1178 gum
452 1129 516 1164 est
527 1154 538 1176 ,
556 1129 600 1164 et
621 1135 712 1165 non
729 1119 1018 1165 necessarium
1040 1140 1049 1165 :
1071 1120 1170 1181 quia
1188 1130 1232 1165 et
1248 1122 1282 1165 si
1302 1121 1386 1167 hoc
1402 1130 1509 1166 tunc
1526 1119 1724 1180 Apostoli

329 1200 647 1251 praeceperunt,
665 1200 715 1236 ut
731 1192 786 1236 ab
802 1191 1055 1236 animalium
1072 1192 1284 1251 sanguine
1300 1192 1569 1237 abstinerent
1582 1191 1726 1237 Chris-

329 1261 449 1318 tiani,
470 1277 524 1307 ne
542 1260 787 1322 praefocatis
803 1263 1008 1308 carnibus
1029 1272 1329 1319 vescerentur,
1349 1263 1527 1323 elegisse
1544 1252 1653 1307 mi'hi
1667 1262 1726 1307 vi-

327 1331 488 1377 dentur
518 1349 598 1394 pro
621 1342 816 1394 tempore
842 1349 933 1378 rem
957 1333 1132 1379 facilem
1147 1368 1158 1389 ,
1183 1343 1226 1378 et
1258 1348 1538 1394 nequaquam
1573 1333 1725 1378 obser-

327 1404 530 1449 vantibus
551 1420 795 1460 onerosam,
819 1406 865 1448 in
881 1420 970 1465 qua
998 1420 1100 1450 cum
1132 1404 1336 1450 Israelitis
1364 1404 1498 1449 etiam
1528 1405 1690 1449 Gentes
1710 1438 1722 1459 ,

329 1483 504 1534 propter
526 1475 777 1534 angularem
799 1475 924 1520 illum
940 1476 1131 1536 lapidem
1161 1475 1273 1521 duos
1295 1476 1341 1520 in
1362 1491 1408 1521 se
1438 1476 1721 1529 condentem,

327 1544 493 1606 aliquid
502 1547 794 1590 communiter
805 1547 1085 1592 observarent
1099 1547 1113 1573 ³
1135 1566 1144 1592 :
1162 1546 1291 1591 simul
1307 1556 1350 1591 et
1362 1546 1722 1600 admonerentur,

326 1615 368 1659 in
388 1615 479 1675 ipsa
495 1632 592 1662 arca
610 1619 718 1672 No'e,
739 1617 916 1677 quando
938 1619 1053 1661 Deus
1080 1617 1164 1662 hoc
1179 1617 1334 1677 jussit,
1355 1617 1596 1662 Ecclesiam
1626 1631 1724 1662 om-

327 1686 449 1730 nium
477 1687 673 1746 gentium
695 1687 828 1732 fuisse
848 1688 1094 1746 figuratam,
1120 1688 1246 1748 cujus
1263 1687 1370 1733 facti
1390 1688 1623 1748 prophetia
1634 1688 1724 1746 jam

328 1758 540 1803 Gentibus
560 1758 616 1803 ad
637 1757 771 1803 fldem
785 1758 1096 1803 accedentibus
1113 1758 1351 1817 incipiebat
1372 1757 1560 1818 impleri.
1583 1760 1725 1802 Tran-

327 1837 445 1874 sacto
461 1844 565 1875 vero
583 1828 659 1875 illo
682 1838 894 1889 tempore,
917 1844 1007 1888 quo
1028 1828 1092 1872 illi
1108 1829 1198 1874 duo
1219 1829 1422 1889 parietes,
1443 1843 1558 1873 unus
1576 1843 1627 1872 ex
1644 1827 1724 1872 cir-

326 1900 591 1945 cumcisione
611 1935 622 1955 ,
669 1899 779 1945 alter
819 1916 870 1944 ex
907 1900 1123 1960 praeputio
1164 1900 1408 1955 venientes,
1445 1899 1643 1960 quamvis
1680 1898 1726 1942 in

328 1970 526 2030 angulari
544 1970 689 2031 lapide
705 1970 1039 2026 concordarent,
1061 1979 1211 2015 tamen
1227 1971 1315 2015 suis
1337 1969 1605 2030 quibusdam
1622 1984 1725 2029 pro-

328 2041 584 2100 prietatibus
601 2042 847 2088 distinctius
861 2041 1129 2096 eminebant,
1149 2057 1199 2086 ac
1215 2041 1293 2086 ubi
1307 2041 1500 2086 Ecclesia
1515 2040 1725 2086 Gentium

327 2112 424 2158 talis
440 2114 598 2159 effecta
615 2123 696 2169 est,
721 2114 833 2159 utin
847 2129 897 2158 ea
913 2112 1061 2158 nullus
1078 2112 1271 2158 Israelita
1288 2110 1474 2158 carnalis
1490 2120 1723 2173 appareat,

326 2183 423 2243 quis
431 2184 520 2244 jam
539 2185 623 2230 hoc
633 2184 905 2231 Christianus
916 2184 1136 2239 observat,
1155 2193 1202 2227 ut
1217 2183 1371 2228 turdos
1384 2182 1455 2228 vel
1467 2182 1724 2227 minutiores

328 2255 514 2302 aviculas
536 2272 628 2302 non
644 2257 846 2317 attingat,
865 2256 947 2300 nisi
964 2270 1153 2316 quarum
1170 2255 1346 2315 sanguis
1361 2254 1527 2299 effusus
1544 2262 1626 2309 est,
1647 2260 1725 2297 aut

327 2324 518 2386 leporem
548 2344 639 2374 non
666 2327 792 2384 edat,
831 2327 867 2373 si
893 2343 1028 2373 manu
1053 2343 1077 2372 a
1106 2327 1273 2372 cervice
1303 2341 1533 2387 percussus
1550 2359 1562 2380 ,
1593 2322 1722 2369 nullo

328 2409 510 2446 cruento
531 2400 714 2446 vulnere
740 2400 927 2446 occissus
960 2401 1058 2444 est?
1080 2401 1136 2444 Et
1166 2398 1244 2458 qui
1273 2396 1388 2443 forte
1421 2396 1549 2457 pauci
1577 2394 1724 2441 adhuc

332 2477 503 2530 tangere
534 2470 613 2516 ista
651 2469 917 2526 formidant,
942 2469 1108 2515 caeteris
1133 2466 1369 2514 irridentur
1399 2486 1407 2513 :
1433 2468 1493 2515 ita
1522 2465 1722 2514 omnium

376 2561 385 2577 ¹
405 2556 485 2589 Gen.
510 2566 556 2597 ιι,
574 2555 608 2589 6.
622 2570 663 2579 -
680 2562 692 2579 ⁸
712 2556 786 2589 Act.
809 2565 865 2597 xv,
885 2564 940 2599 29.
956 2552 1022 2578 ..3
1037 2553 1152 2597 Ephes.
1169 2563 1205 2595 n,
1232 2553 1282 2587 15.
