1803 3250
465 214 630 245 CONTRA
664 213 880 252 rAus'rUM,
920 216 1003 243 Lm.
1040 216 1150 243 xxii.
1445 205 1498 244 80

109 292 282 330 tanturn
314 282 373 326 eis
404 283 600 328 tribuens
633 284 861 335 honorem,
890 281 970 325 nisi
1002 283 1105 342 quia
1131 291 1311 328 noverat
1342 283 1388 326 in
1420 283 1495 337 eis,

107 355 229 416 quod
251 353 368 399 solus
390 355 518 398 etiam
541 351 732 413 perfecte
759 367 1017 412 summeque
1045 369 1168 398 nosse
1190 363 1377 414 poterat,
1410 354 1500 398 sin-

107 441 251 471 ceram
280 426 633 486 praecipuamque
667 424 951 469 charitatem:
984 433 1028 468 et
1057 426 1157 483 quia
1189 425 1235 469 in
1270 426 1329 469 eis
1358 425 1497 470 tribus

108 496 306 541 Patribus
323 495 515 556 quodam
533 494 665 540 modo
682 494 1000 539 consummavit
1013 509 1223 553 magnum
1239 511 1287 539 ac
1303 496 1500 540 mirabile

104 576 424 612 sacramentum
459 565 599 611 futuri
627 565 781 626 populi
810 566 892 621 sui,
913 565 1033 626 quod
1055 581 1132 625 per
1154 565 1311 610 liberas
1334 582 1499 625 genue-

105 647 225 694 runt,
246 653 336 683 non
361 636 500 682 solum
518 638 562 681 in
580 637 842 691 libertatem,
868 636 980 681 sicut
998 651 1075 696 per
1095 638 1241 681 Saram
1260 645 1302 680 et
1325 637 1496 682 Rebec-

102 722 198 752 cam
220 717 264 752 et
287 709 408 752 Liam
430 717 474 752 et
496 706 683 765 Rachel,
706 707 994 751 verumetiam
1015 707 1060 751 in
1083 707 1332 751 servitutem
1348 741 1358 761 ‚
1388 708 1499 751 sicut

101 793 181 838 per
207 778 405 822 eamdem
430 779 674 823 Rebeccam
699 787 826 823 natus
849 787 913 823 est
934 778 1095 833 Esaii1,
1116 778 1188 822 cui
1213 776 1381 822 dictum
1405 788 1493 823 est:

101 849 198 893 Eris
217 863 365 893 servus
383 847 527 893 fratris
548 850 614 893 tui
637 868 645 894 ε
671 858 713 894 et
735 864 813 909 per
834 848 1011 894 ancillas
1030 864 1120 893 non
1142 847 1284 893 solum
1305 848 1351 892 in
1367 849 1499 893 servi-

102 927 258 974 tutem,
290 920 401 963 sicut
420 935 496 978 per
518 923 634 977 Agar
649 923 688 976 23
719 920 1004 964 verumetiam
1026 920 1071 963 in
1096 919 1359 974 libertatem,
1386 920 1497 964 sicut

101 1004 178 1049 per
197 988 346 1033 Balam
378 997 422 1032 et
449 987 700 1047 Zelphamss.
724 992 789 1033 Ita
807 991 921 1034 enim
945 999 988 1034 et
1007 990 1052 1034 in
1075 989 1241 1049 populo
1263 991 1339 1034 Dei
1363 1000 1404 1034 et
1420 1005 1498 1049 per

100 1059 343 1119 spirituales
379 1058 540 1103 liberos
572 1069 813 1103 nascuntur
848 1076 937 1104 non
972 1061 1113 1104 solum
1150 1062 1196 1104 in
1229 1061 1496 1104 laudabilem

101 1131 364 1185 libertatem,
387 1129 762 1191 quemadmodum
785 1129 848 1174 illi
871 1131 1033 1190 quibus
1056 1131 1242 1175 dicitur:
1264 1150 1282 1172 «
1299 1132 1497 1176 Imitato-

103 1219 124 1243 »
160 1216 225 1245 res
247 1201 331 1245 mei
358 1209 510 1255 estote,
539 1200 651 1244 sicut
685 1209 728 1244 et
756 1215 836 1259 ego
868 1200 1083 1258 Christi43
1104 1219 1123 1242 »
1144 1202 1428 1245 verumetiam
1451 1203 1496 1246 in

100 1270 395 1316 damnabilem
416 1271 691 1322 servitutem,
719 1271 830 1315 sicut
847 1286 924 1330 per
946 1270 1200 1330 Philippum
1226 1272 1400 1316 Simon⁵
1419 1292 1427 1317 ε
1453 1281 1496 1317 et

100 1358 177 1402 per
199 1341 393 1387 carnales
414 1358 574 1396 servos,
606 1351 847 1387 nascuntur
869 1357 955 1386 non
978 1341 1118 1386 solum
1136 1344 1181 1385 in
1199 1342 1495 1387 damnabilem

99 1413 371 1468 servitutem,
392 1413 469 1473 qui
491 1428 563 1457 eos
583 1413 836 1470 imitantur3
860 1412 1144 1457 verumetiam
1164 1413 1210 1457 in
1232 1412 1495 1457 laudabilem

100 1483 366 1537 libertatem,
402 1483 562 1544 quibus
594 1483 778 1528 dieitur:
802 1501 821 1524 «
848 1486 956 1536 Quae
993 1482 1162 1537 dicunt,
1201 1482 1356 1540 facite,
1395 1500 1495 1544 quae

101 1572 122 1595 »
157 1564 304 1599 autem
319 1552 503 1609 faciunt,
523 1553 666 1599 facere
681 1554 859 1599 nolitess.
879 1573 899 1596 »
918 1556 1011 1599 Hoc
1026 1570 1233 1613 magnum
1251 1571 1496 1607 sacramen-

98 1635 194 1670 tum
214 1626 410 1686 quisquis
421 1626 466 1670 in
479 1625 557 1669 Dei
575 1625 740 1685 populo
758 1626 999 1684 prudenter
1014 1626 1256 1685 agnoverit,
1279 1626 1493 1671 unitatem

99 1696 284 1755 Spiritus
302 1696 348 1740 in
368 1695 546 1740 vinculo
563 1695 680 1755 pacis
698 1711 836 1756 usque
857 1697 901 1739 in
918 1697 1051 1740 finem
1069 1696 1331 1757 quibusdam
1349 1698 1495 1741 cohae-

99 1767 253 1822 rendo,
263 1767 477 1827 quosdam
490 1766 717 1812 tolerando
725 1767 929 1812 custodit.
941 1769 1233 1813 Fecimushoc
1242 1778 1284 1813 et
1297 1768 1352 1813 de
1362 1770 1490 1825 Loth,

98 1837 205 1898 quid
229 1839 322 1898 ejus
344 1837 633 1893 laudandum,
659 1837 767 1898 quid
790 1837 1060 1898 culpandum
1092 1839 1312 1898 Scriptura
1340 1855 1492 1884 narra-

97 1908 250 1963 verit⁷‚
275 1908 383 1968 quid
400 1907 737 1967 intelligendum
755 1908 809 1953 de
825 1917 917 1953 tota
934 1907 1007 1953 illa
1022 1924 1067 1953 re
1084 1918 1202 1968 gesta
1220 1910 1492 1968 significave-

100 1979 171 2034 rit,
192 1978 556 2024 demonstrantes.

157 2053 404 2096 LXXXIII.
450 2051 655 2111 Sequitur
688 2060 738 2096 ut
776 2050 903 2095 ,Iudae
931 2050 1098 2095 factum
1134 2052 1489 2108 consideremus,

97 2122 219 2181 quod
241 2137 341 2166 cum
365 2137 442 2166 sua
470 2138 586 2166 nuru
615 2122 878 2178 concubuit,
904 2122 1012 2182 quid
1044 2122 1346 2180 significaverit
1370 2122 1492 2167 futu-

97 2208 261 2238 rorum.
285 2194 369 2238 Sed
391 2195 508 2253 prius
530 2193 893 2254 praeloquendum
917 2202 1001 2248 est,
1029 2209 1083 2237 ne
1104 2209 1371 2253 quemquam
1388 2211 1490 2254 par-

96 2279 162 2307 vae
194 2262 550 2309 considerationis
582 2264 801 2320 offendat,
837 2265 957 2325 quod
991 2265 1044 2309 de
1073 2265 1336 2326 quibusdam
1369 2265 1490 2310 malis

95 2332 301 2391 operibus
334 2335 562 2378 hominum
592 2336 638 2378 in
670 2336 902 2395 Scripturis
932 2336 1088 2380 sanctis
1109 2371 1119 2391 ,
1161 2336 1363 2396 quaedam
1401 2352 1490 2381 non

96 2400 209 2446 mala
224 2436 235 2457 ,
259 2399 335 2445 sed
357 2402 471 2446 bona
494 2402 642 2446 futura
664 2406 978 2462 significantur.
1009 2408 1157 2451 Servat
1183 2407 1297 2450 enim
1321 2406 1489 2466 ubique

148 2510 157 2526 ¹
178 2504 258 2535 Gen.
281 2514 359 2545 xxv,
385 2503 439 2536 23.
459 2511 527 2527 —²
550 2504 597 2537 Id.
618 2514 686 2546 xvl,
708 2504 759 2537 15.
778 2521 819 2528 —·
836 2503 1154 2547 31d.xxx,4.-4
1183 2517 1194 2538 1
1216 2508 1287 2540 Cor.
1309 2518 1353 2549 iv,
1380 2508 1485 2539 16.—

100 2557 115 2582 5
132 2559 207 2591 Act.
227 2569 298 2603 vm,
321 2562 371 2593 13.
388 2577 429 2583 —
445 2557 460 2583 6
478 2561 582 2594 Marc.
602 2570 692 2602 xxm,
713 2560 744 2596 3.
759 2568 823 2594 -7
843 2562 920 2595 Gen.
944 2559 1010 2603 xix,
1037 2572 1065 2593 1.
