1803 3250
359 192 437 228 112
797 198 830 227 s.
868 198 1098 231 Auousnm
1134 202 1311 230 flmscom

353 266 433 311 ista
455 281 530 310 sua
551 298 562 319 ,
595 279 727 324 quam
750 265 898 325 nobis3
921 268 1002 312 nisi
1030 268 1150 328 quod
1180 267 1310 327 paulo
1333 268 1588 327 prudentior
1619 268 1742 312 vobis

350 336 554 380 inventus
577 344 640 380 est
654 370 666 391 ‚
690 344 742 381 ut
763 346 909 383 ortum
929 354 980 384 ex
1001 338 1212 385 foemineo
1234 354 1339 383 sexu
1355 373 1365 393 ‚
1393 338 1529 383 David
1557 338 1647 383 filio
1676 353 1742 382 as-

348 406 536 450 criberet
560 406 694 466 magis
711 442 722 462 ,
749 424 882 468 quam
911 409 1022 455 Filio
1053 410 1144 455 Dei.
1182 412 1459 468 Quapropter
1486 407 1541 452 de
1569 409 1743 453 duobus

348 491 424 520 vos
450 492 588 521 unum
615 475 743 522 fateri
765 489 961 539 oportet,
988 490 1064 526 aut
1087 481 1206 524 hunc
1228 495 1319 524 non
1344 495 1433 524 esse
1455 480 1713 524 Matthaeum
1728 513 1740 534 ‚

346 547 423 606 qui
443 547 538 593 haec
559 547 733 596 videtur
754 566 963 609 asserere3
992 562 1067 598 aut
1090 568 1166 597 vos
1184 567 1274 597 non
1296 559 1443 595 tenere
1461 550 1743 611 apostolicam

346 617 494 663 fidem.
527 640 544 661 »

403 691 485 734 111.
512 709 532 732 «
556 693 642 737 Nos
658 707 761 737 vero
784 693 983 753 quamvis
1007 692 1061 738 de
1084 694 1163 738 hac
1184 693 1398 737 sententia
1418 706 1547 736 nemo
1567 706 1743 751 prorsus

343 760 533 822 dejiciat,
561 779 612 808 ex
634 766 726 809 Deo
756 764 995 824 accipiendi
1020 764 1181 808 Filium
1202 764 1294 819 Dei,
1316 773 1461 808 tamen
1483 772 1530 808 ut
1550 763 1742 808 multum

341 831 651 892 imprudentiae
672 835 964 880 concedamus
983 868 994 890 ‚
1020 845 1066 877 ut
1090 834 1316 893 adigamur
1338 844 1382 879 et
1400 833 1514 879 falsis
1536 832 1712 879 credere
1728 868 1739 889 ‚

341 919 391 947 ex
417 904 607 948 Jordane
629 905 754 949 nohis
778 906 860 949 erit
889 905 1031 949 faetus
1053 907 1177 950 Jesus
1198 907 1274 950 Dei
1298 905 1434 949 Filius
1456 940 1467 960 ‚
1499 920 1632 964 quam
1662 920 1742 950 na-

341 982 410 1017 tus
443 989 493 1016 ex
524 983 649 1019 utero
671 974 883 1019 mulieris.
912 977 1177 1034 Quanquam
1198 991 1278 1020 nec
1308 977 1397 1034 ipse
1429 976 1610 1035 quidem
1637 974 1739 1030 ille,

338 1059 471 1103 quem
479 1045 616 1091 Maria
631 1045 814 1106 peperit,
830 1046 865 1090 si
883 1045 1001 1090 ullus
1016 1054 1122 1101 erat,
1139 1055 1254 1090 recte
1270 1044 1407 1090 David
1421 1045 1535 1089 filius
1549 1045 1743 1105 appelle-

339 1124 437 1171 tur,
463 1117 543 1160 nisi
573 1132 673 1161 eum
696 1126 868 1162 constet
890 1132 945 1161 ex
969 1125 1094 1177 patre
1117 1116 1279 1175 Joseph
1306 1115 1584 1159 seminatum.
1616 1115 1743 1169 Quod

338 1186 439 1246 quia
462 1189 628 1246 negatis
644 1222 656 1243 ,
682 1186 794 1232 illud
815 1187 949 1232 etiam
970 1187 1190 1232 fateamini
1212 1201 1386 1231 necesse
1407 1195 1497 1242 est,
1523 1202 1578 1230 ne
1599 1187 1743 1245 ipsum

337 1256 517 1316 quidem
540 1272 629 1302 esse
651 1257 789 1302 David
811 1257 968 1303 filium.
999 1257 1219 1311 Quoniam
1241 1257 1420 1316 quidem
1446 1256 1667 1316 generatio
1689 1256 1744 1300 ab

335 1326 559 1372 Abraham
581 1343 720 1388 usque
741 1327 796 1371 ad
825 1328 964 1374 David
981 1363 992 1385 ‚
1035 1337 1079 1372 et
1110 1344 1133 1372 a
1156 1327 1295 1371 David
1319 1327 1482 1386 Joseph
1514 1326 1569 1371 ad
1603 1342 1742 1386 usque

333 1396 598 1454 deducitur,
624 1414 701 1458 per
738 1413 888 1443 omnes
929 1399 1100 1444 scilicet
1139 1397 1425 1442 Hebraeorum
1465 1406 1609 1456 patres
1646 1416 1655 1442 :
1694 1413 1745 1441 ex

330 1483 425 1527 quo
447 1469 548 1529 quia
580 1471 704 1515 Jesus
732 1480 970 1530 conceptus
999 1485 1091 1515 non
1118 1469 1283 1527 est‚{ut
1305 1468 1464 1527 legitur
1481 1502 1492 1523 ,
1523 1483 1605 1514 nec
1631 1467 1745 1512 filius

331 1538 415 1582 erit
437 1538 575 1583 David
604 1558 614 1584 ε
645 1539 863 1601 longeque
888 1542 1070 1586 demens
1100 1549 1194 1596 est,
1225 1539 1302 1599 qui
1335 1554 1467 1598 quem
1502 1539 1593 1582 sine
1621 1542 1743 1584 co'l‘tu

330 1610 495 1669 Joseph
525 1609 580 1654 de
609 1611 746 1655 Maria
768 1620 921 1655 natum
945 1612 1146 1657 dicturus
1176 1618 1292 1664 erat,
1319 1609 1438 1653 hunc
1459 1609 1505 1653 in
1529 1608 1743 1669 principio

331 1682 525 1739 posuerit
559 1697 649 1727 esse
685 1681 825 1727 filium
850 1684 1002 1729 David.
1043 1686 1163 1732 Cum
1192 1696 1296 1741 ergo
1330 1696 1385 1725 ne
1417 1681 1508 1740 ipse
1540 1680 1738 1742 quidem,

329 1751 406 1811 qui
440 1751 495 1796 sit
522 1767 574 1797 ex
613 1754 750 1799 Maria
778 1755 946 1812 genitus
964 1790 975 1811 ‚
1008 1752 1156 1802 David
1185 1761 1303 1796 recte
1331 1751 1445 1796 filius
1474 1751 1737 1812 appelletur,

327 1822 433 1882 quia
475 1838 566 1868 non
606 1823 661 1868 sit
702 1833 830 1869 natus
872 1840 923 1870 ex
965 1828 1128 1888 Joseph
1149 1863 1161 1884 ‚
1215 1831 1384 1883 quanto
1429 1823 1567 1883 magis
1605 1823 1742 1869 Filius

329 1892 424 1937 Dei.
450 1910 471 1934 »

387 1965 463 2008 IV.
486 1963 710 2011 «Proinde
723 1981 804 2011 nec
816 1967 1004 2026 Virginis
1017 1968 1148 2028 ipsius
1160 1966 1296 2027 orijgo
1309 1980 1359 2009 CX
1377 1965 1456 2009 hac
1473 1965 1592 2010 tribu
1607 1966 1740 2012 fuisse

328 2043 617 2091 monstratur,
639 2036 758 2081 unde
775 2046 945 2083 constat
962 2053 1052 2083 esse
1072 2039 1208 2084 David
1225 2061 1235 2098 3
1267 2034 1369 2080 dico
1387 2045 1534 2081 autem
1553 2039 1577 2081 J
1583 2036 1736 2094 udam,

327 2106 382 2151 de
400 2122 488 2166 quo
511 2107 654 2152 ‚Iudaei
677 2123 796 2167 reges
822 2128 830 2153 :
857 2110 932 2153 sed
946 2125 997 2154 ex
1013 2111 1130 2154 tribu
1154 2113 1254 2156 Levi
1274 2147 1289 2167 ,
1326 2107 1445 2152 unde
1466 2108 1736 2155 sacerdotes:

327 2177 448 2236 quod
470 2178 612 2237 ipsum
640 2177 785 2238 palam
813 2188 901 2235 est,
933 2181 1036 2240 quia
1065 2182 1217 2225 eadem
1240 2187 1422 2241 patrem
1446 2179 1648 2224 habuerit
1669 2196 1739 2226 sa-

327 2247 550 2292 cerdotem
567 2249 802 2308 quemdam
820 2251 997 2295 nomine
1020 2254 1044 2295 J
1049 2252 1218 2296 oachim
1236 2287 1247 2307 ,
1273 2249 1411 2310 eujus
1429 2258 1576 2294 tamen
1595 2251 1640 2295 in
1658 2251 1739 2296 hac

328 2319 606 2377 generatione
639 2319 762 2364 nulla
785 2335 969 2379 usquam
998 2321 1146 2365 habita
1180 2322 1352 2368 mentio.-
1392 2329 1470 2366 est.
1506 2321 1738 2374 Quomodo

327 2405 430 2449 ergo
453 2391 508 2435 ad
532 2392 644 2436 hanc
668 2391 885 2437 Davidicae
907 2392 1175 2451 cognationis
1198 2409 1322 2453 prosa
1339 2393 1456 2455 piam
1480 2394 1616 2440 Maria
1639 2409 1738 2454 per-

328 2462 465 2506 tinere
486 2461 653 2508 dicetur
671 2497 682 2519 ,
702 2463 748 2508 in
769 2479 857 2524 qua
878 2478 973 2509 eam
993 2479 1073 2509 nec
1090 2474 1259 2524 patrem
1281 2467 1336 2512 ha
1347 2466 1457 2512 bere
1474 2466 1636 2523 videas,
1654 2481 1736 2511 nee

328 2532 532 2580 maritum
548 2538 565 2579 ‘2
591 2537 653 2582 Ac
682 2551 759 2596 per
786 2536 870 2583 hoc
891 2551 972 2583 nec
994 2535 1066 2582 ille
1090 2537 1228 2583 David
1251 2538 1374 2587 filius:
1400 2539 1512 2597 erit,
1538 2539 1736 2600 quisquis
