1803 3250
296 180 377 218 278
731 186 763 213 s.
800 185 1030 219 Aueus‘rmr
1062 189 1241 219 amsoom

294 253 502 316 plurimas
512 259 756 310 potestates.
768 253 1156 312 Quaproptermihi
1166 269 1242 301 vos
1253 256 1395 313 potius
1404 270 1582 317 aequum
1595 269 1675 315 ost,

292 325 338 371 id
362 323 483 383 quod
507 322 552 366 in
574 322 724 368 vestris
750 323 914 370 viribus
935 325 1103 369 habetis
1124 324 1300 372 luminis
1324 319 1568 387 praerogare
1589 348 1598 375 :
1619 331 1680 376 sic

292 397 455 457 quippe
472 392 588 438 illius
610 394 757 453 magni
773 395 849 454 qui
872 396 1083 455 gloriosus
1101 398 1318 457 apparuit,
1339 398 1574 458 imaginem
1597 401 1682 446 fin-

292 481 408 527 gam,
434 479 511 524 per
527 479 659 525 quam
678 480 857 524 regnare
873 467 1126 525 poterimus,
1148 468 1425 514 tenebrarum
1444 468 1683 531 aliquando

290 537 619 584 conversatione
638 534 826 582 liberati.
849 539 954 582 Haec
975 538 1218 596 audientes,
1244 556 1292 586 ac
1311 540 1387 585 diu
1409 556 1557 586 secum
1573 541 1684 587 deli-

289 610 509 665 berantes,
535 609 823 670 justissimum
847 618 1115 669 putaverunt
1136 611 1182 656 id
1203 612 1325 672 quod
1349 612 1683 672 postulabantur

290 679 502 742 praebere.
523 681 613 726 Nee
629 679 746 724 enim
767 679 963 724 fidebant
979 696 1024 724 se
1042 680 1159 725 idem
1181 681 1332 726 lumen
1350 684 1523 742 jugitur
1540 693 1686 730 reten-

290 761 412 798 turos
434 771 442 796 ε
468 750 587 796 undo
607 750 762 797 melius
784 750 865 794 rati
887 759 989 794 sunt
1012 751 1198 811 principi
1219 767 1297 797 suo
1320 753 1365 800 id
1390 753 1550 799 offerre
1565 790 1577 810 ,
1605 771 1685 800 ne-

289 837 512 884 quaquam
543 822 822 879 desperantes
854 820 1007 865 eodem
1045 837 1089 866 se
1117 832 1246 881 pacto
1275 833 1547 883 regnaturos.
1585 828 1685 879 Quo

288 895 419 952 igitur
441 892 573 937 modo
591 891 743 936 lumen
765 890 877 936 illud
894 891 1015 953 quod
1038 893 1260 940 habebant
1278 896 1564 952 praebuerint,
1585 912 1685 943 con-

290 962 573 1011 siderandum
585 971 664 1007 est.
685 965 793 1008 Nam
811 963 896 1005 hoc
911 961 1041 1007 etiam
1059 963 1263 1009 omnibus
1279 964 1436 1010 divinis
1455 966 1686 1027 Scripturis

291 1036 547 1095 arcanisque
564 1033 816 1078 coelestibus
833 1047 1054 1092 aspersum
1067 1042 1156 1078 est:
1176 1035 1444 1093 sapientibus
1458 1053 1560 1083 vero
1580 1055 1688 1099 quo-

291 1109 425 1154 modo
450 1107 504 1151 sit
527 1106 680 1153 datum
712 1104 820 1150 scire
848 1104 1027 1151 minime
1055 1114 1119 1150 est
1146 1105 1326 1151 dillicile
1357 1127 1366 1152 z
1402 1124 1505 1154 nam
1539 1125 1687 1156 coram

291 1189 530 1240 aperteque
557 1177 836 1237 cognoscitur
860 1177 917 1221 ab
943 1191 996 1222 eo
1015 1176 1092 1238 qui
1119 1192 1220 1222 vere
1240 1192 1289 1222 ac
1313 1178 1500 1224 fideliter
1525 1182 1687 1228 intueri

290 1251 494 1299 voluerit.
518 1250 736 1304 Quoniam
756 1264 908 1294 eorum
923 1248 1001 1308 qui
1019 1259 1315 1295 convenerant
1329 1248 1573 1311 frequentia
1589 1268 1688 1312 pro·-

291 1324 458 1370 miscua
478 1330 586 1376 erat,
606 1318 889 1365 foeminarum
910 1318 1075 1365 scilieet
1094 1335 1144 1365 ac
1166 1321 1458 1367 masculorum
1471 1357 1482 1378 ,
1508 1324 1685 1383 impulit

292 1409 387 1449 eos,
417 1401 469 1437 ut
495 1394 608 1437 inter
639 1407 684 1436 se
707 1394 879 1437 coirent
903 1410 912 1436 :
934 1391 982 1435 in
1014 1406 1104 1451 quo
1127 1393 1251 1436 co'1'tu
1281 1391 1354 1436 alii
1382 1393 1654 1441 seminarunt
1671 1430 1683 1453 ‚

293 1465 389 1513 aliae
408 1465 598 1526 gravidae
617 1464 785 1509 effectae
805 1472 923 1508 sunt.
950 1465 1088 1508 Erant
1107 1472 1253 1508 autem
1273 1474 1423 1524 partus
1444 1466 1496 1510 iis
1517 1467 1595 1528 qui
1612 1482 1689 1526 ge-

293 1546 482 1585 nuerant
504 1535 686 1591 similes,
710 1536 822 1581 vires
843 1532 1052 1594 plurimas
1075 1544 1307 1594 parentum
1330 1535 1395 1580 uti
1416 1537 1545 1596 primi
1569 1538 1688 1583 obti-

295 1620 466 1657 nentes,
485 1610 588 1653 Haec
597 1622 772 1652 sumens
785 1621 936 1651 eorum
950 1606 1150 1667 princeps
1162 1607 1225 1651 uti
1239 1609 1510 1667 praecipuum
1523 1607 1689 1655 donum

294 1682 465 1744 gavisus
483 1689 561 1725 est.
584 1682 641 1724 Et
662 1677 932 1723 sicutietiam
956 1693 1076 1722 nunc
1098 1678 1192 1722 fieri
1213 1677 1429 1734 videmuS‚
1454 1695 1689 1739 corporum

293 1753 591 1800 formatricem
613 1759 815 1796 naturam
835 1748 937 1794 mali
959 1748 1062 1794 inde
1083 1749 1194 1794 vires
1207 1759 1452 1794 sumentem
1472 1751 1685 1810 figurare:

295 1827 355 1871 ita
374 1825 505 1870 etiam
527 1832 629 1868 ante
646 1821 790 1867 dietus
808 1821 1009 1881 princeps
1031 1819 1246 1865 sodalium
1265 1820 1433 1880 prolem
1455 1822 1687 1882 accipiens,

294 1897 535 1943 habentem
560 1902 793 1955 parentum
820 1907 969 1937 sensus
989 1926 1000 1947 ‚
1031 1890 1310 1951 prudentiam
1327 1927 1339 1947 ‚
1382 1891 1527 1936 lucem
1560 1893 1688 1938 simul

296 1983 445 2014 secum
464 1967 510 2011 in
531 1964 810 2025 generatione
834 1971 1104 2023 procreatam
1120 1998 1131 2019 ‚
1160 1963 1379 2021 comedit3
1403 1979 1453 2008 ac
1473 1962 1692 2025 plerisque

296 2041 474 2088 veribus
494 2038 676 2098 sumptis
696 2053 749 2082 ex
769 2034 1013 2081 istiusmodi
1032 2051 1142 2091 esca,
1167 2034 1213 2080 in
1230 2051 1317 2095 qua
1340 2051 1430 2080 non
1443 2036 1577 2081 modo
1599 2036 1693 2082 ine·

298 2122 367 2158 rat
387 2109 624 2166 fortitudo,
650 2108 727 2154 sed
749 2108 890 2153 multo
914 2108 1049 2167 magis
1069 2108 1238 2152 astutiae
1261 2117 1304 2152 et
1327 2108 1449 2168 pravi
1470 2123 1619 2153 sensus
1641 2124 1692 2153 ex

298 2186 390 2230 iera
413 2183 659 2243 genitorum
683 2190 827 2242 gente,
851 2181 1069 2241 propriam
1086 2179 1141 2224 ad
1160 2195 1205 2224 se
1219 2181 1452 2241 conjugem
1475 2180 1689 2236 evocavit,

297 2271 351 2301 ex
377 2270 427 2300 ea
457 2270 544 2316 qua
577 2255 667 2314 ipse
698 2262 792 2297 erat
819 2254 952 2312 stirpe
984 2260 1264 2311 manantem3
1299 2260 1344 2296 et
1372 2250 1489 2296 facto
1509 2267 1613 2297 cum
1642 2266 1693 2296 ea

299 2330 421 2372 co'itu
436 2361 448 2382 ‚
473 2325 717 2380 seminavit,
741 2333 790 2369 ut
811 2323 981 2378 caeteri,
1016 2323 1331 2367 abundantiam
1353 2321 1570 2367 malorum
1590 2338 1693 2383 quae

299 2397 586 2444 devoraverat
608 2417 618 2442 ε
644 2396 846 2441 nonnihil
867 2395 996 2440 etiam
1020 2396 1111 2454 ipse
1135 2394 1340 2456 adjiciens
1363 2409 1414 2439 ex
1435 2409 1511 2440 sua
1524 2394 1692 2454 cogita-

299 2470 420 2537 tione
437 2486 486 2514 ac
505 2470 683 2526 virtute,
708 2478 759 2514 ut
780 2477 890 2513 esset
911 2483 1060 2513 sensus
1077 2468 1168 2529 ejus
1190 2467 1389 2514 omnium
1410 2482 1562 2512 eorum
1591 2481 1692 2527 quae

300 2541 558 2602 profuderat
579 2540 789 2587 formator
809 2548 943 2600 atque
971 2539 1240 2600 descriptor3
1269 2540 1394 2599 cujus
1414 2553 1594 2598 compar
1613 2553 1690 2584 ex-

1632 2620 1647 2647 ‘i
