1803 3250
345 166 429 206 302
778 173 814 204 S.
849 176 1081 206 Aueusnm
1113 178 1296 207 Ειηεαοιη

340 243 396 287 de
419 257 462 285 se
482 242 576 300 ipso
596 242 796 298 genuerit
815 243 936 303 quod
957 259 1046 288 non
1067 244 1122 288 sit
1142 245 1311 305 aequale
1333 245 1545 304 gignenti,
1569 258 1612 293 et
1624 264 1728 308 pos-

339 314 393 358 sit
423 312 578 372 subjici
604 313 799 358 vanitati.
825 317 914 360 Aut
934 316 967 360 si
989 316 1158 375 aequale
1181 317 1361 372 dixeris,
1386 317 1468 360 erit
1491 327 1730 380 utrumque

335 383 561 428 mutabile.
588 387 694 436 Quae
715 386 852 446 major
872 386 1068 446 impietas
1084 421 1095 442 ‚
1126 402 1261 447 quam
1285 388 1364 432 ista
1387 386 1566 433 credere
1587 405 1637 434 ac
1660 390 1729 436 di-

323 469 445 509 cere,
469 464 513 499 et
540 453 672 499 malle
689 471 888 515 perversa
909 458 1115 517 opinione
1139 462 1274 502 Deum
1298 459 1344 503 in
1365 458 1572 515 deterius,
1597 476 1730 520 quam

336 535 529 570 correcta
551 526 717 572 ratione
731 543 775 572 se
797 528 936 588 ipsum
956 529 1001 573 in
1019 529 1173 574 melius
1194 539 1465 574 commutare
1483 533 1500 573 ἱ)
1526 532 1567 575 Si
1582 541 1729 576 autem

336 596 531 642 timueris
556 597 699 642 dicere
721 599 978 643 mutabilem
1003 603 1137 644 Deum
1153 636 1162 654 ,
1189 602 1290 661 quia
1314 617 1461 646 revera
1483 617 1640 660 magna
1667 611 1731 646 est

336 677 379 712 et
401 669 665 729 apertissima
689 670 909 730 impietas,
941 670 1096 714 dixeris
1119 671 1249 714 etiam
1278 682 1520 716 ereaturam
1547 689 1637 718 esse
1660 674 1732 718 in-

335 741 719 797 commutabilem,
750 752 801 785 ut
831 757 926 786 eam
956 757 1104 801 parem
1128 743 1260 788 facias
1282 744 1504 798 Creatori,
1532 754 1576 790 et
1602 746 1732 790 unius

335 813 618 874 ejusdemque
640 812 894 856 substantiae
916 832 923 856 :
951 828 1098 857 rursus
1121 814 1200 859 tibi
1232 823 1306 858 tua
1334 815 1528 875 Epistola
1549 832 1731 876 respon-

334 884 472 928 debit.
507 882 632 928 Unde
661 885 776 928 enim
809 893 875 929 est
906 883 1051 928 anima
1082 883 1176 940 illa,
1204 901 1337 946 quam
1359 887 1483 945 ponis
1512 887 1559 930 in
1585 887 1732 933 medio

334 955 583 1015 spirituum,
612 955 721 1000 «eui
749 972 771 1000 a
804 956 1021 1016 principio
1052 956 1160 1001 dicis
1193 967 1394 1002 naturam
1417 974 1541 1003 suam
1563 958 1733 1004 dedisse

333 1027 582 1086 victoriam,
600 1045 620 1068 »
641 1027 768 1088 eique
779 1026 920 1087 legem
937 1027 1327 1090 conditionemque
1345 1030 1568 1090 proponis,
1590 1050 1611 1073 «
1629 1032 1731 1092 quia

333 1099 368 1144 si
390 1115 478 1144 una
498 1114 599 1144 cum
627 1099 784 1159 spiritu
813 1099 1025 1144 virtutum
1049 1099 1221 1156 lecerit,
1250 1101 1433 1146 habebit
1460 1116 1562 1146 cum
1583 1118 1635 1147 eo
1663 1104 1732 1146 vi-

334 1180 420 1216 tam
443 1180 715 1231 perpetuam,
739 1169 943 1231 illudque
958 1171 1197 1231 possidebit
1216 1188 1399 1231 regnum
1425 1173 1480 1216 ad
1504 1174 1625 1233 quod
1646 1177 1732 1218 Do-

335 1242 477 1287 minus
497 1252 644 1288 noster
665 1242 846 1301 invitat,
871 1243 906 1286 si
928 1257 1031 1288 vero
1054 1243 1109 1287 ab
1137 1243 1294 1302 spiritu
1314 1243 1523 1288 vitiorum
1549 1243 1733 1304 incipiat

330 1315 466 1372 trahi,
486 1330 536 1360 ac
553 1323 653 1374 post
671 1329 931 1360 consensum
950 1315 1274 1374 poenitudinem
1293 1325 1429 1374 gerat,
1448 1316 1629 1360 habebit
1645 1316 1732 1361 ha-

333 1403 429 1432 rum
457 1387 652 1432 sordium
679 1385 967 1446 indulgentiae
994 1388 1180 1432 fontem.
1206 1406 1226 1428 »
1263 1388 1339 1431 His
1366 1397 1484 1432 certe
1511 1388 1656 1433 verbis
1680 1404 1731 1434 ex

332 1459 513 1519 epistola
530 1468 606 1503 tua
622 1458 871 1517 recognitis,
891 1457 1022 1503 simul
1037 1459 1166 1503 etiam
1180 1458 1453 1518 recognoscis
1470 1458 1730 1505 mutabilem

332 1538 374 1574 te
395 1530 551 1574 animae
571 1528 842 1574 constituisse
869 1538 1087 1574 naturam.
1116 1528 1366 1589 Aliquando
1393 1530 1512 1574 enim
1541 1545 1730 1575 consen-

330 1601 412 1645 tire
445 1600 617 1661 spiritui
649 1601 882 1655 vitiorum,
915 1616 964 1645 ac
1002 1616 1151 1645 rursus
1185 1600 1513 1661 poenitudinem
1550 1617 1727 1661 gerere,

329 1673 438 1735 quid
460 1683 525 1719 est
546 1672 667 1718 aliud
695 1689 829 1734 quam
857 1688 975 1717 nunc
1005 1673 1051 1716 in
1080 1671 1263 1728 melius,
1305 1689 1425 1718 nunc
1460 1674 1506 1718 in
1538 1672 1729 1719 deterius

328 1746 620 1792 commutari?
641 1749 698 1792 Et
719 1747 803 1791 hoc
826 1755 869 1791 te
891 1744 1238 1790 manifestissima
1256 1746 1412 1790 veritas
1427 1745 1647 1806 compulit
1665 1747 1729 1790 di-

328 1835 440 1864 cere.
469 1822 567 1878 Ipsa
587 1818 706 1877 enimv
727 1817 869 1862 anima
896 1825 988 1873 tua,
1014 1817 1048 1862 si
1070 1816 1341 1862 dissimulare
1364 1815 1498 1861 velles
1513 1851 1524 1872 ‚
1551 1827 1730 1876 urgeret

332 1901 373 1936 te
394 1889 620 1936 attendere
647 1888 986 1934 mutabilitatem
1007 1905 1131 1934 suam
1147 1924 1159 1944 ,
1183 1898 1227 1934 et
1250 1889 1376 1933 toties
1402 1904 1455 1932 ex
1478 1904 1568 1949 quo
1600 1898 1729 1933 natus

329 1978 373 2008 es
387 1998 399 2018 ,
425 1978 502 2023 per
523 1962 661 2008 varias
678 1959 950 2017 voluntates,
977 1960 1196 2006 doctrinas
1213 1996 1224 2016 ,
1247 1960 1490 2005 obliviones
1507 1994 1518 2014 ,
1543 1974 1730 2004 consen-

330 2034 558 2094 sionesque
588 2042 779 2088 mutata,
808 2032 928 2077 testis
949 2031 1032 2077 sibi
1053 2033 1202 2087 fieret,
1231 2047 1281 2077 ac
1310 2030 1432 2076 nulla
1462 2030 1729 2076 extrinsecus

329 2107 594 2152 documenta
612 2105 880 2166 quaeritaret.
1394 2093 1409 2103 ⁵

391 2181 469 2224 IX.
493 2179 583 2225 Nisi
600 2178 714 2224 forte
731 2178 815 2223 hoc
836 2186 879 2222 te
901 2175 1098 2237 adjuvari
1114 2184 1254 2236 putes,
1279 2185 1328 2219 ut
1345 2174 1463 2219 dicas
1482 2174 1728 2218 incommu-

332 2251 510 2296 tabilem
531 2266 621 2294 esse
644 2250 850 2303 animam,
867 2247 970 2308 quia
984 2247 1245 2308 subjunxisti
1259 2245 1407 2290 dicens
1429 2261 1438 2286 ε
1463 2265 1482 2287 «
1499 2247 1598 2292 Non
1610 2246 1728 2289 enim

331 2321 505 2398 propria
532 2320 761 2366 voluntate
796 2319 990 2380 peccavit
1009 2353 1020 2373 ,
1057 2319 1134 2362 sed
1168 2317 1344 2361 alterius
1379 2316 1519 2358 ductu
1541 2335 1552 2372 3
1590 2315 1730 2359 carnis

331 2392 448 2436 enim
469 2392 778 2438 commixtione
805 2389 1010 2442 ducitur,
1044 2402 1134 2430 non
1156 2385 1330 2445 propria
1355 2384 1642 2429 voluntate.»
1677 2388 1729 2429 In

331 2478 419 2524 qua
441 2462 654 2506 sententia
673 2460 787 2505 forte
805 2459 888 2504 hoc
910 2457 974 2503 vis
995 2421 1202 2515 intelligi,
1239 2465 1290 2500 ut
1320 2453 1484 2501 scilicet
1514 2455 1660 2518 anima
1681 2454 1728 2500 in

335 2542 489 2580 natura
510 2532 687 2593 propria
707 2530 762 2576 sit
777 2526 1231 2583 incommutabilis,'1n
1244 2525 1420 2572 alterius
1433 2540 1537 2571 vero
1557 2534 1727 2571 naturae
