<?xml version="1.0" encoding="UTF-8"?>
<!DOCTYPE html PUBLIC "-//W3C//DTD XHTML 1.0 Transitional//EN"
    "http://www.w3.org/TR/xhtml1/DTD/xhtml1-transitional.dtd">
<html xmlns="http://www.w3.org/1999/xhtml" xml:lang="en" lang="en">
 <head>
  <title>
</title>
<meta http-equiv="Content-Type" content="text/html;charset=utf-8" />
  <meta name='ocr-system' content='tesseract 3.04.00' />
  <meta name='ocr-capabilities' content='ocr_page ocr_carea ocr_par ocr_line ocrx_word'/>
</head>
<body>
  <div class='ocr_page' id='page_1' title='image "./operaomniaaccura29auguuoft/operaomniaaccura29auguuoft_0324.png"; bbox 0 0 1803 3250; ppageno 0'>
   <div class='ocr_carea' id='block_1_1' title="bbox 298 199 1717 2562">
    <p class='ocr_par' dir='ltr' id='par_1_1' title="bbox 309 199 1284 248">
     <span class='ocr_line' id='line_1_1' title="bbox 309 199 1284 248; baseline 0.004 -5"><span class='ocrx_word' id='word_1_1' title='bbox 309 199 394 243; x_wconf 75' lang='lat'>314</span> <span class='ocrx_word' id='word_1_2' title='bbox 746 204 794 242; x_wconf 55' lang='grc' dir='ltr'>εν</span> <span class='ocrx_word' id='word_1_3' title='bbox 809 203 1284 248; x_wconf 54' lang='grc' dir='ltr'>Ἀυε-,υεηιπίεηέᾱοιιι</span> 
     </span>
    </p>

    <p class='ocr_par' dir='ltr' id='par_1_2' title="bbox 298 276 1717 2562">
     <span class='ocr_line' id='line_1_2' title="bbox 303 276 1694 345; baseline 0.008 -22"><span class='ocrx_word' id='word_1_4' title='bbox 303 276 587 337; x_wconf 79' lang='lat' dir='ltr'>culpabilem³,·</span> <span class='ocrx_word' id='word_1_5' title='bbox 607 289 710 323; x_wconf 80' lang='lat' dir='ltr'>cum</span> <span class='ocrx_word' id='word_1_6' title='bbox 738 288 804 325; x_wconf 72' lang='lat' dir='ltr'>res</span> <span class='ocrx_word' id='word_1_7' title='bbox 832 280 906 326; x_wconf 86' lang='lat' dir='ltr'>illa</span> <span class='ocrx_word' id='word_1_8' title='bbox 936 282 1149 343; x_wconf 80' lang='lat' dir='ltr'>diligitur,</span> <span class='ocrx_word' id='word_1_9' title='bbox 1181 281 1282 344; x_wconf 77' lang='lat' dir='ltr'>quae</span> <span class='ocrx_word' id='word_1_10' title='bbox 1309 293 1411 330; x_wconf 76' lang='lat' dir='ltr'>non‘</span> <span class='ocrx_word' id='word_1_11' title='bbox 1429 285 1517 345; x_wconf 83' lang='lat' dir='ltr'>agit</span> <span class='ocrx_word' id='word_1_12' title='bbox 1537 286 1588 333; x_wconf 80' lang='lat' dir='ltr'>ut</span> <span class='ocrx_word' id='word_1_13' title='bbox 1611 284 1694 335; x_wconf 87' lang='lat' dir='ltr'>sibi</span> 
     </span>
     <span class='ocr_line' id='line_1_3' title="bbox 301 349 1698 411; baseline 0.006 -16"><span class='ocrx_word' id='word_1_14' title='bbox 301 349 626 395; x_wconf 60' lang='lat' dir='ltr'>consentiatur!</span> <span class='ocrx_word' id='word_1_15' title='bbox 643 349 720 395; x_wconf 89' lang='lat' dir='ltr'>sed</span> <span class='ocrx_word' id='word_1_16' title='bbox 738 358 843 397; x_wconf 88' lang='lat' dir='ltr'>tunc</span> <span class='ocrx_word' id='word_1_17' title='bbox 859 355 1105 399; x_wconf 86' lang='lat' dir='ltr'>consentire</span> <span class='ocrx_word' id='word_1_18' title='bbox 1123 355 1331 411; x_wconf 84' lang='lat' dir='ltr'>animam,</span> <span class='ocrx_word' id='word_1_19' title='bbox 1353 372 1455 401; x_wconf 92' lang='lat' dir='ltr'>cum</span> <span class='ocrx_word' id='word_1_20' title='bbox 1476 355 1603 403; x_wconf 88' lang='lat' dir='ltr'>illum</span> <span class='ocrx_word' id='word_1_21' title='bbox 1626 360 1698 405; x_wconf 89' lang='lat' dir='ltr'>cui</span> 
     </span>
     <span class='ocr_line' id='line_1_4' title="bbox 300 419 1704 490; baseline 0.007 -24"><span class='ocrx_word' id='word_1_22' title='bbox 300 420 516 466; x_wconf 84' lang='lat' dir='ltr'>consentit</span> <span class='ocrx_word' id='word_1_23' title='bbox 551 419 721 483; x_wconf 86' lang='lat' dir='ltr'>aliquid</span> <span class='ocrx_word' id='word_1_24' title='bbox 754 423 908 468; x_wconf 84' lang='lat' dir='ltr'>suadet</span> <span class='ocrx_word' id='word_1_25' title='bbox 942 434 1017 470; x_wconf 90' lang='lat' dir='ltr'>aut</span> <span class='ocrx_word' id='word_1_26' title='bbox 1046 425 1214 486; x_wconf 84' lang='lat' dir='ltr'>aliquid</span> <span class='ocrx_word' id='word_1_27' title='bbox 1236 427 1381 486; x_wconf 87' lang='lat' dir='ltr'>cogit:</span> <span class='ocrx_word' id='word_1_28' title='bbox 1408 437 1452 472; x_wconf 88' lang='lat' dir='ltr'>et</span> <span class='ocrx_word' id='word_1_29' title='bbox 1471 439 1704 490; x_wconf 86' lang='lat' dir='ltr'>propterea</span> 
     </span>
     <span class='ocr_line' id='line_1_5' title="bbox 299 492 1703 557; baseline 0.007 -20"><span class='ocrx_word' id='word_1_30' title='bbox 299 492 465 537; x_wconf 89' lang='lat' dir='ltr'>malum</span> <span class='ocrx_word' id='word_1_31' title='bbox 485 505 591 548; x_wconf 87' lang='lat' dir='ltr'>esse,</span> <span class='ocrx_word' id='word_1_32' title='bbox 614 494 716 554; x_wconf 87' lang='lat' dir='ltr'>quia</span> <span class='ocrx_word' id='word_1_33' title='bbox 740 502 789 539; x_wconf 86' lang='lat' dir='ltr'>ut</span> <span class='ocrx_word' id='word_1_34' title='bbox 806 494 974 557; x_wconf 83' lang='lat' dir='ltr'>aliquid</span> <span class='ocrx_word' id='word_1_35' title='bbox 991 497 1095 542; x_wconf 89' lang='lat' dir='ltr'>mali</span> <span class='ocrx_word' id='word_1_36' title='bbox 1113 499 1431 555; x_wconf 81' lang='lat' dir='ltr'>committatur,</span> <span class='ocrx_word' id='word_1_37' title='bbox 1457 501 1610 546; x_wconf 86' lang='lat' dir='ltr'>suadet</span> <span class='ocrx_word' id='word_1_38' title='bbox 1628 509 1703 548; x_wconf 89' lang='lat' dir='ltr'>aut</span> 
     </span>
     <span class='ocr_line' id='line_1_6' title="bbox 300 565 1702 634; baseline 0.008 -27"><span class='ocrx_word' id='word_1_39' title='bbox 300 573 428 624; x_wconf 87' lang='lat' dir='ltr'>urget</span> <span class='ocrx_word' id='word_1_40' title='bbox 448 579 458 610; x_wconf 69' lang='grc' dir='ltr'><strong>ε</strong></span> <span class='ocrx_word' id='word_1_41' title='bbox 498 565 687 610; x_wconf 83' lang='lat' dir='ltr'>secunda</span> <span class='ocrx_word' id='word_1_42' title='bbox 722 568 906 627; x_wconf 86' lang='lat' dir='ltr'>quaestio</span> <span class='ocrx_word' id='word_1_43' title='bbox 939 577 1018 623; x_wconf 86' lang='lat' dir='ltr'>est,</span> <span class='ocrx_word' id='word_1_44' title='bbox 1055 579 1099 614; x_wconf 88' lang='lat' dir='ltr'>et</span> <span class='ocrx_word' id='word_1_45' title='bbox 1132 569 1284 614; x_wconf 78' lang='lat' dir='ltr'>ordine</span> <span class='ocrx_word' id='word_1_46' title='bbox 1317 585 1396 634; x_wconf 84' lang='lat' dir='ltr'>suo</span> <span class='ocrx_word' id='word_1_47' title='bbox 1433 572 1702 634; x_wconf 85' lang='lat' dir='ltr'>jamjamque</span> 
     </span>
     <span class='ocr_line' id='line_1_7' title="bbox 300 636 1706 703; baseline 0.006 -23"><span class='ocrx_word' id='word_1_48' title='bbox 300 636 430 680; x_wconf 88' lang='lat' dir='ltr'>etiam</span> <span class='ocrx_word' id='word_1_49' title='bbox 453 636 543 696; x_wconf 87' lang='lat' dir='ltr'>ipsa</span> <span class='ocrx_word' id='word_1_50' title='bbox 566 638 811 682; x_wconf 87' lang='lat' dir='ltr'>tractanda.</span> <span class='ocrx_word' id='word_1_51' title='bbox 841 639 923 683; x_wconf 91' lang='lat' dir='ltr'>Sed</span> <span class='ocrx_word' id='word_1_52' title='bbox 948 640 1272 685; x_wconf 81' lang='lat' dir='ltr'>meminerimus</span> <span class='ocrx_word' id='word_1_53' title='bbox 1291 641 1363 685; x_wconf 87' lang='lat' dir='ltr'>hic</span> <span class='ocrx_word' id='word_1_54' title='bbox 1385 642 1578 701; x_wconf 85' lang='lat' dir='ltr'>primum</span> <span class='ocrx_word' id='word_1_55' title='bbox 1601 657 1706 703; x_wconf 91' lang='lat' dir='ltr'>pec-</span> 
     </span>
     <span class='ocr_line' id='line_1_8' title="bbox 300 706 1706 775; baseline 0.006 -24"><span class='ocrx_word' id='word_1_56' title='bbox 300 707 402 763; x_wconf 84' lang='lat' dir='ltr'>cati,</span> <span class='ocrx_word' id='word_1_57' title='bbox 427 706 483 752; x_wconf 89' lang='lat' dir='ltr'>de</span> <span class='ocrx_word' id='word_1_58' title='bbox 501 723 590 769; x_wconf 91' lang='lat' dir='ltr'>quo</span> <span class='ocrx_word' id='word_1_59' title='bbox 609 709 731 764; x_wconf 79' lang='lat' dir='ltr'>satis,</span> <span class='ocrx_word' id='word_1_60' title='bbox 750 717 801 753; x_wconf 91' lang='lat' dir='ltr'>ut</span> <span class='ocrx_word' id='word_1_61' title='bbox 824 709 1026 765; x_wconf 82' lang='lat' dir='ltr'>arbitror,</span> <span class='ocrx_word' id='word_1_62' title='bbox 1047 709 1320 770; x_wconf 85' lang='lat' dir='ltr'>disputatum</span> <span class='ocrx_word' id='word_1_63' title='bbox 1340 720 1403 756; x_wconf 88' lang='lat' dir='ltr'>est</span> <span class='ocrx_word' id='word_1_64' title='bbox 1422 731 1431 757; x_wconf 91' lang='lat'>:</span> <span class='ocrx_word' id='word_1_65' title='bbox 1458 711 1706 775; x_wconf 80' lang='lat' dir='ltr'>claruitque</span> 
     </span>
     <span class='ocr_line' id='line_1_9' title="bbox 300 779 1703 843; baseline 0.004 -19"><span class='ocrx_word' id='word_1_66' title='bbox 300 779 393 824; x_wconf 88' lang='lat' dir='ltr'>fieri</span> <span class='ocrx_word' id='word_1_67' title='bbox 411 792 550 839; x_wconf 83' lang='lat' dir='ltr'>posse.</span> <span class='ocrx_word' id='word_1_68' title='bbox 571 786 622 824; x_wconf 91' lang='lat' dir='ltr'>ut</span> <span class='ocrx_word' id='word_1_69' title='bbox 638 793 707 823; x_wconf 82' lang='lat' dir='ltr'>res</span> <span class='ocrx_word' id='word_1_70' title='bbox 720 779 864 840; x_wconf 80' lang='lat' dir='ltr'>aliqua</span> <span class='ocrx_word' id='word_1_71' title='bbox 881 780 926 823; x_wconf 89' lang='lat' dir='ltr'>in</span> <span class='ocrx_word' id='word_1_72' title='bbox 943 791 1023 824; x_wconf 88' lang='lat' dir='ltr'>suo</span> <span class='ocrx_word' id='word_1_73' title='bbox 1039 796 1197 840; x_wconf 82' lang='lat' dir='ltr'>genere</span> <span class='ocrx_word' id='word_1_74' title='bbox 1214 781 1330 826; x_wconf 87' lang='lat' dir='ltr'>bona</span> <span class='ocrx_word' id='word_1_75' title='bbox 1348 781 1462 827; x_wconf 86' lang='lat' dir='ltr'>male</span> <span class='ocrx_word' id='word_1_76' title='bbox 1480 783 1703 843; x_wconf 84' lang='lat' dir='ltr'>diligatur,</span> 
     </span>
     <span class='ocr_line' id='line_1_10' title="bbox 299 850 1705 913; baseline 0.004 -17"><span class='ocrx_word' id='word_1_77' title='bbox 299 859 343 896; x_wconf 88' lang='lat' dir='ltr'>et</span> <span class='ocrx_word' id='word_1_78' title='bbox 364 850 575 895; x_wconf 83' lang='lat' dir='ltr'>dilectore</span> <span class='ocrx_word' id='word_1_79' title='bbox 604 850 781 910; x_wconf 88' lang='lat' dir='ltr'>culpato</span> <span class='ocrx_word' id='word_1_80' title='bbox 803 851 895 910; x_wconf 90' lang='lat' dir='ltr'>ipsa</span> <span class='ocrx_word' id='word_1_81' title='bbox 920 863 1010 896; x_wconf 87' lang='lat' dir='ltr'>non</span> <span class='ocrx_word' id='word_1_82' title='bbox 1033 854 1397 913; x_wconf 82' lang='lat' dir='ltr'>reprehendatur.</span> <span class='ocrx_word' id='word_1_83' title='bbox 1430 855 1548 909; x_wconf 89' lang='lat' dir='ltr'>Quid</span> <span class='ocrx_word' id='word_1_84' title='bbox 1571 859 1705 913; x_wconf 89' lang='lat' dir='ltr'>enim,</span> 
     </span>
     <span class='ocr_line' id='line_1_11' title="bbox 300 920 1708 986; baseline 0.004 -20"><span class='ocrx_word' id='word_1_85' title='bbox 300 922 335 966; x_wconf 89' lang='lat' dir='ltr'>si</span> <span class='ocrx_word' id='word_1_86' title='bbox 356 920 432 965; x_wconf 84' lang='lat' dir='ltr'>tali</span> <span class='ocrx_word' id='word_1_87' title='bbox 460 923 551 982; x_wconf 84' lang='lat' dir='ltr'>jam</span> <span class='ocrx_word' id='word_1_88' title='bbox 573 920 812 967; x_wconf 85' lang='lat' dir='ltr'>dilectione</span> <span class='ocrx_word' id='word_1_89' title='bbox 834 923 1052 982; x_wconf 84' lang='lat' dir='ltr'>peccatrix</span> <span class='ocrx_word' id='word_1_90' title='bbox 1083 924 1226 968; x_wconf 85' lang='lat' dir='ltr'>anima</span> <span class='ocrx_word' id='word_1_91' title='bbox 1256 934 1388 986; x_wconf 84' lang='lat' dir='ltr'>atque</span> <span class='ocrx_word' id='word_1_92' title='bbox 1415 926 1568 970; x_wconf 84' lang='lat' dir='ltr'>vitiosa</span> <span class='ocrx_word' id='word_1_93' title='bbox 1591 925 1708 972; x_wconf 90' lang='lat' dir='ltr'>idem</span> 
     </span>
     <span class='ocr_line' id='line_1_12' title="bbox 300 993 1708 1057; baseline 0.004 -20"><span class='ocrx_word' id='word_1_94' title='bbox 300 1001 529 1053; x_wconf 86' lang='lat' dir='ltr'>peceatum</span> <span class='ocrx_word' id='word_1_95' title='bbox 547 993 670 1038; x_wconf 84' lang='lat' dir='ltr'>alteri</span> <span class='ocrx_word' id='word_1_96' title='bbox 687 994 965 1053; x_wconf 85' lang='lat' dir='ltr'>persuadeat,</span> <span class='ocrx_word' id='word_1_97' title='bbox 991 1010 1140 1040; x_wconf 89' lang='lat' dir='ltr'>nonne</span> <span class='ocrx_word' id='word_1_98' title='bbox 1158 1004 1201 1041; x_wconf 89' lang='lat' dir='ltr'>et</span> <span class='ocrx_word' id='word_1_99' title='bbox 1218 995 1291 1040; x_wconf 89' lang='lat' dir='ltr'>illa</span> <span class='ocrx_word' id='word_1_100' title='bbox 1306 1012 1406 1057; x_wconf 83' lang='lat' dir='ltr'>quae</span> <span class='ocrx_word' id='word_1_101' title='bbox 1428 997 1708 1056; x_wconf 78' lang='lat' dir='ltr'>persuadenti</span> 
     </span>
     <span class='ocr_line' id='line_1_13' title="bbox 298 1064 1711 1129; baseline 0.004 -19"><span class='ocrx_word' id='word_1_102' title='bbox 298 1066 543 1121; x_wconf 84' lang='lat' dir='ltr'>consentit,</span> <span class='ocrx_word' id='word_1_103' title='bbox 569 1064 645 1110; x_wconf 79' lang='lat' dir='ltr'>ta‘li</span> <span class='ocrx_word' id='word_1_104' title='bbox 667 1066 774 1111; x_wconf 88' lang='lat' dir='ltr'>vitio</span> <span class='ocrx_word' id='word_1_105' title='bbox 803 1066 1040 1126; x_wconf 84' lang='lat' dir='ltr'>depravata</span> <span class='ocrx_word' id='word_1_106' title='bbox 1056 1103 1066 1123; x_wconf 94' lang='lat'>,</span> <span class='ocrx_word' id='word_1_107' title='bbox 1098 1068 1218 1128; x_wconf 86' lang='lat' dir='ltr'>quali</span> <span class='ocrx_word' id='word_1_108' title='bbox 1241 1069 1346 1114; x_wconf 91' lang='lat' dir='ltr'>vitio</span> <span class='ocrx_word' id='word_1_109' title='bbox 1368 1069 1605 1129; x_wconf 87' lang='lat' dir='ltr'>depravata</span> <span class='ocrx_word' id='word_1_110' title='bbox 1634 1069 1711 1115; x_wconf 90' lang='lat' dir='ltr'>illa</span> 
     </span>
     <span class='ocr_line' id='line_1_14' title="bbox 300 1137 1708 1201; baseline 0.004 -21"><span class='ocrx_word' id='word_1_111' title='bbox 300 1149 433 1198; x_wconf 83' lang='lat' dir='ltr'>quam·</span> <span class='ocrx_word' id='word_1_112' title='bbox 469 1137 697 1197; x_wconf 79' lang='lat' dir='ltr'>sequitur?</span> <span class='ocrx_word' id='word_1_113' title='bbox 736 1137 932 1182; x_wconf 89' lang='lat' dir='ltr'>Primum</span> <span class='ocrx_word' id='word_1_114' title='bbox 964 1151 1069 1198; x_wconf 86' lang='lat' dir='ltr'>ergo</span> <span class='ocrx_word' id='word_1_115' title='bbox 1103 1146 1333 1199; x_wconf 88' lang='lat' dir='ltr'>peccatum</span> <span class='ocrx_word' id='word_1_116' title='bbox 1367 1149 1460 1196; x_wconf 83' lang='lat' dir='ltr'>est,</span> <span class='ocrx_word' id='word_1_117' title='bbox 1508 1141 1708 1201; x_wconf 78' lang='lat' dir='ltr'>quamvis</span> 
     </span>
     <span class='ocr_line' id='line_1_15' title="bbox 301 1208 1709 1271; baseline 0.003 -18"><span class='ocrx_word' id='word_1_118' title='bbox 301 1208 466 1254; x_wconf 87' lang='lat' dir='ltr'>honam</span> <span class='ocrx_word' id='word_1_119' title='bbox 495 1217 740 1255; x_wconf 83' lang='lat' dir='ltr'>creaturam</span> <span class='ocrx_word' id='word_1_120' title='bbox 769 1211 967 1255; x_wconf 83' lang='lat' dir='ltr'>Creatori</span> <span class='ocrx_word' id='word_1_121' title='bbox 995 1210 1041 1254; x_wconf 88' lang='lat' dir='ltr'>in</span> <span class='ocrx_word' id='word_1_122' title='bbox 1062 1210 1296 1255; x_wconf 84' lang='lat' dir='ltr'>dilectione</span> <span class='ocrx_word' id='word_1_123' title='bbox 1324 1223 1611 1271; x_wconf 71' lang='lat' dir='ltr'>praeponere:</span> <span class='ocrx_word' id='word_1_124' title='bbox 1638 1223 1709 1257; x_wconf 63' lang='lat' dir='ltr'>se*—</span> 
     </span>
     <span class='ocr_line' id='line_1_16' title="bbox 300 1281 1709 1343; baseline 0.001 -16"><span class='ocrx_word' id='word_1_125' title='bbox 300 1281 498 1327; x_wconf 88' lang='lat' dir='ltr'>cundum</span> <span class='ocrx_word' id='word_1_126' title='bbox 516 1288 680 1338; x_wconf 82' lang='lat' dir='ltr'>autem,</span> <span class='ocrx_word' id='word_1_127' title='bbox 701 1281 887 1326; x_wconf 85' lang='lat' dir='ltr'>alterum</span> <span class='ocrx_word' id='word_1_128' title='bbox 909 1293 1090 1343; x_wconf 85' lang='lat' dir='ltr'>quoque</span> <span class='ocrx_word' id='word_1_129' title='bbox 1109 1292 1159 1327; x_wconf 90' lang='lat' dir='ltr'>ut</span> <span class='ocrx_word' id='word_1_130' title='bbox 1173 1282 1219 1327; x_wconf 89' lang='lat' dir='ltr'>id</span> <span class='ocrx_word' id='word_1_131' title='bbox 1241 1283 1373 1328; x_wconf 73' lang='lat' dir='ltr'>faciat</span> <span class='ocrx_word' id='word_1_132' title='bbox 1389 1283 1460 1328; x_wconf 85' lang='lat' dir='ltr'>vel</span> <span class='ocrx_word' id='word_1_133' title='bbox 1480 1283 1709 1329; x_wconf 85' lang='lat' dir='ltr'>suadendo</span> 
     </span>
     <span class='ocr_line' id='line_1_17' title="bbox 300 1352 1709 1413; baseline 0.001 -14"><span class='ocrx_word' id='word_1_134' title='bbox 300 1352 371 1399; x_wconf 88' lang='lat' dir='ltr'>vel</span> <span class='ocrx_word' id='word_1_135' title='bbox 388 1352 589 1413; x_wconf 86' lang='lat' dir='ltr'>cogendo</span> <span class='ocrx_word' id='word_1_136' title='bbox 609 1360 794 1399; x_wconf 86' lang='lat' dir='ltr'>tentare.</span> <span class='ocrx_word' id='word_1_137' title='bbox 815 1356 953 1399; x_wconf 89' lang='lat' dir='ltr'>Nemo</span> <span class='ocrx_word' id='word_1_138' title='bbox 969 1355 1087 1398; x_wconf 90' lang='lat' dir='ltr'>enim</span> <span class='ocrx_word' id='word_1_139' title='bbox 1106 1354 1161 1398; x_wconf 90' lang='lat' dir='ltr'>ad</span> <span class='ocrx_word' id='word_1_140' title='bbox 1178 1356 1439 1413; x_wconf 83' lang='lat' dir='ltr'>pravitatem</span> <span class='ocrx_word' id='word_1_141' title='bbox 1457 1354 1552 1399; x_wconf 89' lang='lat' dir='ltr'>vult</span> <span class='ocrx_word' id='word_1_142' title='bbox 1575 1354 1709 1401; x_wconf 88' lang='lat' dir='ltr'>alium</span> 
     </span>
     <span class='ocr_line' id='line_1_18' title="bbox 301 1424 1710 1485; baseline 0.002 -16"><span class='ocrx_word' id='word_1_143' title='bbox 301 1424 565 1484; x_wconf 87' lang='lat' dir='ltr'>perducere,</span> <span class='ocrx_word' id='word_1_144' title='bbox 596 1426 673 1485; x_wconf 84' lang='lat' dir='ltr'>qui</span> <span class='ocrx_word' id='word_1_145' title='bbox 702 1436 791 1470; x_wconf 88' lang='lat' dir='ltr'>non</span> <span class='ocrx_word' id='word_1_146' title='bbox 813 1426 933 1485; x_wconf 80' lang='lat' dir='ltr'>prior</span> <span class='ocrx_word' id='word_1_147' title='bbox 954 1426 1047 1485; x_wconf 81' lang='lat' dir='ltr'>ipse</span> <span class='ocrx_word' id='word_1_148' title='bbox 1074 1425 1440 1485; x_wconf 24' lang='lat' dir='ltr'>depravatuslest.</span> <span class='ocrx_word' id='word_1_149' title='bbox 1466 1424 1710 1472; x_wconf 88' lang='lat' dir='ltr'>Voluntate</span> 
     </span>
     <span class='ocr_line' id='line_1_19' title="bbox 302 1495 1705 1558; baseline 0.002 -18"><span class='ocrx_word' id='word_1_150' title='bbox 302 1505 450 1540; x_wconf 89' lang='lat' dir='ltr'>autem</span> <span class='ocrx_word' id='word_1_151' title='bbox 465 1505 664 1556; x_wconf 87' lang='lat' dir='ltr'>peccant,</span> <span class='ocrx_word' id='word_1_152' title='bbox 687 1496 763 1556; x_wconf 85' lang='lat' dir='ltr'>qui</span> <span class='ocrx_word' id='word_1_153' title='bbox 787 1495 893 1540; x_wconf 79' lang='lat' dir='ltr'>alios</span> <span class='ocrx_word' id='word_1_154' title='bbox 912 1495 967 1540; x_wconf 88' lang='lat' dir='ltr'>ad</span> <span class='ocrx_word' id='word_1_155' title='bbox 989 1505 1218 1557; x_wconf 89' lang='lat' dir='ltr'>peccatum</span> <span class='ocrx_word' id='word_1_156' title='bbox 1240 1496 1482 1557; x_wconf 73' lang='lat' dir='ltr'>perducere</span> <span class='ocrx_word' id='word_1_157' title='bbox 1502 1498 1705 1558; x_wconf 88' lang='lat' dir='ltr'>cupiunt,</span> 
     </span>
     <span class='ocr_line' id='line_1_20' title="bbox 299 1566 1711 1624; baseline 0.001 -11"><span class='ocrx_word' id='word_1_158' title='bbox 299 1568 371 1613; x_wconf 89' lang='lat' dir='ltr'>vel</span> <span class='ocrx_word' id='word_1_159' title='bbox 387 1567 518 1612; x_wconf 83' lang='lat' dir='ltr'>stulta</span> <span class='ocrx_word' id='word_1_160' title='bbox 536 1566 857 1624; x_wconf 83' lang='lat' dir='ltr'>benevolentia,</span> <span class='ocrx_word' id='word_1_161' title='bbox 875 1567 944 1613; x_wconf 92' lang='lat' dir='ltr'>vel</span> <span class='ocrx_word' id='word_1_162' title='bbox 962 1568 1175 1613; x_wconf 85' lang='lat' dir='ltr'>malitiosa</span> <span class='ocrx_word' id='word_1_163' title='bbox 1192 1568 1449 1614; x_wconf 60' lang='lat' dir='ltr'>invidentia.</span> <span class='ocrx_word' id='word_1_164' title='bbox 1467 1568 1573 1624; x_wconf 86' lang='lat' dir='ltr'>Quis</span> <span class='ocrx_word' id='word_1_165' title='bbox 1591 1571 1711 1614; x_wconf 82' lang='lat' dir='ltr'>enim</span> 
     </span>
     <span class='ocr_line' id='line_1_21' title="bbox 302 1638 1712 1698; baseline 0.001 -15"><span class='ocrx_word' id='word_1_166' title='bbox 302 1638 413 1683; x_wconf 89' lang='lat' dir='ltr'>filios</span> <span class='ocrx_word' id='word_1_167' title='bbox 435 1655 534 1684; x_wconf 88' lang='lat' dir='ltr'>suos</span> <span class='ocrx_word' id='word_1_168' title='bbox 552 1639 634 1684; x_wconf 88' lang='lat' dir='ltr'>nisi</span> <span class='ocrx_word' id='word_1_169' title='bbox 650 1648 850 1698; x_wconf 82' lang='lat' dir='ltr'>perverse</span> <span class='ocrx_word' id='word_1_170' title='bbox 868 1639 1057 1684; x_wconf 79' lang='lat' dir='ltr'>amando</span> <span class='ocrx_word' id='word_1_171' title='bbox 1078 1650 1243 1696; x_wconf 91' lang='lat' dir='ltr'>monet,</span> <span class='ocrx_word' id='word_1_172' title='bbox 1261 1649 1313 1685; x_wconf 85' lang='lat' dir='ltr'>ut</span> <span class='ocrx_word' id='word_1_173' title='bbox 1335 1639 1510 1685; x_wconf 90' lang='lat' dir='ltr'>nullum</span> <span class='ocrx_word' id='word_1_174' title='bbox 1532 1640 1712 1686; x_wconf 81' lang='lat' dir='ltr'>lucrum</span> 
     </span>
     <span class='ocr_line' id='line_1_22' title="bbox 304 1710 1712 1774; baseline 0.001 -19"><span class='ocrx_word' id='word_1_175' title='bbox 304 1720 434 1772; x_wconf 86' lang='lat' dir='ltr'>turpe</span> <span class='ocrx_word' id='word_1_176' title='bbox 469 1711 718 1756; x_wconf 78' lang='lat' dir='ltr'>existiment</span> <span class='ocrx_word' id='word_1_177' title='bbox 740 1747 751 1767; x_wconf 92' lang='lat'>,</span> <span class='ocrx_word' id='word_1_178' title='bbox 788 1711 865 1756; x_wconf 86' lang='lat' dir='ltr'>sed</span> <span class='ocrx_word' id='word_1_179' title='bbox 899 1710 1212 1774; x_wconf 83' lang='lat' dir='ltr'>undecumque</span> <span class='ocrx_word' id='word_1_180' title='bbox 1250 1713 1483 1773; x_wconf 75' lang='lat' dir='ltr'>&#39;acquirant</span> <span class='ocrx_word' id='word_1_181' title='bbox 1521 1711 1712 1773; x_wconf 71' lang='lat' dir='ltr'>&#39;amplam</span> 
     </span>
     <span class='ocr_line' id='line_1_23' title="bbox 305 1781 1713 1846; baseline 0.001 -19"><span class='ocrx_word' id='word_1_182' title='bbox 305 1785 566 1844; x_wconf 74' lang='lat' dir='ltr'>pecuniam?</span> <span class='ocrx_word' id='word_1_183' title='bbox 591 1784 752 1846; x_wconf 87' lang='lat' dir='ltr'>Utique</span> <span class='ocrx_word' id='word_1_184' title='bbox 773 1793 864 1828; x_wconf 88' lang='lat' dir='ltr'>non</span> <span class='ocrx_word' id='word_1_185' title='bbox 889 1783 982 1829; x_wconf 91' lang='lat' dir='ltr'>odit</span> <span class='ocrx_word' id='word_1_186' title='bbox 999 1795 1087 1841; x_wconf 86' lang='lat' dir='ltr'>eos,</span> <span class='ocrx_word' id='word_1_187' title='bbox 1110 1790 1153 1829; x_wconf 87' lang='lat' dir='ltr'>et</span> <span class='ocrx_word' id='word_1_188' title='bbox 1174 1794 1323 1829; x_wconf 87' lang='lat' dir='ltr'>tamen</span> <span class='ocrx_word' id='word_1_189' title='bbox 1345 1781 1587 1845; x_wconf 85' lang='lat' dir='ltr'>perniciose</span> <span class='ocrx_word' id='word_1_190' title='bbox 1610 1794 1713 1844; x_wconf 49' lang='lat' dir='ltr'>per*</span> 
     </span>
     <span class='ocr_line' id='line_1_24' title="bbox 307 1856 1710 1918; baseline 0.001 -18"><span class='ocrx_word' id='word_1_191' title='bbox 307 1856 475 1901; x_wconf 89' lang='lat' dir='ltr'>suadet.</span> <span class='ocrx_word' id='word_1_192' title='bbox 505 1856 674 1901; x_wconf 84' lang='lat' dir='ltr'>Talium</span> <span class='ocrx_word' id='word_1_193' title='bbox 695 1857 868 1917; x_wconf 75' lang='lat' dir='ltr'>quippe</span> <span class='ocrx_word' id='word_1_194' title='bbox 896 1856 1130 1902; x_wconf 82' lang='lat' dir='ltr'>dilectione</span> <span class='ocrx_word' id='word_1_195' title='bbox 1147 1858 1238 1918; x_wconf 80' lang='lat' dir='ltr'>jam</span> <span class='ocrx_word' id='word_1_196' title='bbox 1259 1857 1348 1915; x_wconf 87' lang='lat' dir='ltr'>ipse</span> <span class='ocrx_word' id='word_1_197' title='bbox 1367 1864 1600 1916; x_wconf 86' lang='lat' dir='ltr'>corruptus</span> <span class='ocrx_word' id='word_1_198' title='bbox 1623 1862 1710 1913; x_wconf 84' lang='lat' dir='ltr'>est,</span> 
     </span>
     <span class='ocr_line' id='line_1_25' title="bbox 307 1927 1713 1990; baseline 0.001 -18"><span class='ocrx_word' id='word_1_199' title='bbox 307 1943 409 1972; x_wconf 90' lang='lat' dir='ltr'>cum</span> <span class='ocrx_word' id='word_1_200' title='bbox 431 1938 587 1974; x_wconf 87' lang='lat' dir='ltr'>aurum</span> <span class='ocrx_word' id='word_1_201' title='bbox 609 1934 654 1973; x_wconf 87' lang='lat' dir='ltr'>et</span> <span class='ocrx_word' id='word_1_202' title='bbox 676 1934 908 1988; x_wconf 82' lang='lat' dir='ltr'>argentum</span> <span class='ocrx_word' id='word_1_203' title='bbox 933 1928 1096 1973; x_wconf 82' lang='lat' dir='ltr'>malurn</span> <span class='ocrx_word' id='word_1_204' title='bbox 1121 1943 1210 1974; x_wconf 89' lang='lat' dir='ltr'>non</span> <span class='ocrx_word' id='word_1_205' title='bbox 1233 1930 1309 1987; x_wconf 66' lang='lat' dir='ltr'>sit,</span> <span class='ocrx_word' id='word_1_206' title='bbox 1333 1927 1713 1990; x_wconf 83' lang='lat' dir='ltr'>quemadmodum</span> 
     </span>
     <span class='ocr_line' id='line_1_26' title="bbox 308 1995 1715 2062; baseline 0.001 -19"><span class='ocrx_word' id='word_1_207' title='bbox 308 2008 351 2044; x_wconf 91' lang='lat' dir='ltr'>et</span> <span class='ocrx_word' id='word_1_208' title='bbox 382 1999 458 2044; x_wconf 88' lang='lat' dir='ltr'>ille</span> <span class='ocrx_word' id='word_1_209' title='bbox 486 1999 575 2056; x_wconf 86' lang='lat' dir='ltr'>sol,</span> <span class='ocrx_word' id='word_1_210' title='bbox 612 2000 668 2045; x_wconf 87' lang='lat' dir='ltr'>de</span> <span class='ocrx_word' id='word_1_211' title='bbox 690 2016 780 2062; x_wconf 90' lang='lat' dir='ltr'>quo</span> <span class='ocrx_word' id='word_1_212' title='bbox 802 2000 1001 2061; x_wconf 86' lang='lat' dir='ltr'>superius</span> <span class='ocrx_word' id='word_1_213' title='bbox 1023 2001 1214 2060; x_wconf 66' lang='lat' dir='ltr'>egimus,</span> <span class='ocrx_word' id='word_1_214' title='bbox 1239 2002 1315 2045; x_wconf 86' lang='lat' dir='ltr'>sed</span> <span class='ocrx_word' id='word_1_215' title='bbox 1335 2009 1482 2045; x_wconf 87' lang='lat' dir='ltr'>tamen</span> <span class='ocrx_word' id='word_1_216' title='bbox 1503 1995 1563 2044; x_wconf 67' lang='lat' dir='ltr'>rei</span> <span class='ocrx_word' id='word_1_217' title='bbox 1584 1999 1715 2045; x_wconf 83' lang='lat' dir='ltr'>bonae</span> 
     </span>
     <span class='ocr_line' id='line_1_27' title="bbox 308 2071 1716 2133; baseline 0.001 -18"><span class='ocrx_word' id='word_1_218' title='bbox 308 2071 493 2117; x_wconf 84' lang='lat' dir='ltr'>dilector</span> <span class='ocrx_word' id='word_1_219' title='bbox 524 2071 801 2118; x_wconf 81' lang='lat' dir='ltr'>inordinatus</span> <span class='ocrx_word' id='word_1_220' title='bbox 835 2073 880 2117; x_wconf 87' lang='lat' dir='ltr'>in</span> <span class='ocrx_word' id='word_1_221' title='bbox 911 2071 1040 2133; x_wconf 82' lang='lat' dir='ltr'>culpa</span> <span class='ocrx_word' id='word_1_222' title='bbox 1077 2073 1146 2117; x_wconf 87' lang='lat' dir='ltr'>sit.</span> <span class='ocrx_word' id='word_1_223' title='bbox 1180 2072 1427 2117; x_wconf 85' lang='lat' dir='ltr'>Invidentia</span> <span class='ocrx_word' id='word_1_224' title='bbox 1458 2087 1579 2128; x_wconf 86' lang='lat' dir='ltr'>vero,</span> <span class='ocrx_word' id='word_1_225' title='bbox 1613 2082 1716 2116; x_wconf 84' lang='lat' dir='ltr'>cu&#39;m</span> 
     </span>
     <span class='ocr_line' id='line_1_28' title="bbox 310 2137 1716 2206; baseline 0.001 -19"><span class='ocrx_word' id='word_1_226' title='bbox 310 2143 443 2189; x_wconf 88' lang='lat' dir='ltr'>alium</span> <span class='ocrx_word' id='word_1_227' title='bbox 466 2144 562 2190; x_wconf 86' lang='lat' dir='ltr'>vult</span> <span class='ocrx_word' id='word_1_228' title='bbox 588 2146 777 2206; x_wconf 85' lang='lat' dir='ltr'>quisque</span> <span class='ocrx_word' id='word_1_229' title='bbox 808 2159 1002 2205; x_wconf 83' lang='lat' dir='ltr'>peccare,</span> <span class='ocrx_word' id='word_1_230' title='bbox 1030 2145 1242 2190; x_wconf 87' lang='lat' dir='ltr'>honorem</span> <span class='ocrx_word' id='word_1_231' title='bbox 1262 2145 1406 2204; x_wconf 84' lang='lat' dir='ltr'>diligit</span> <span class='ocrx_word' id='word_1_232' title='bbox 1425 2137 1716 2189; x_wconf 74' lang='lat' dir='ltr'>immoderata</span> 
     </span>
     <span class='ocr_line' id='line_1_29' title="bbox 310 2215 1714 2279; baseline 0.001 -20"><span class='ocrx_word' id='word_1_233' title='bbox 310 2217 538 2275; x_wconf 66' lang='lat' dir='ltr'>superbia,</span> <span class='ocrx_word' id='word_1_234' title='bbox 565 2227 608 2261; x_wconf 84' lang='lat' dir='ltr'>et</span> <span class='ocrx_word' id='word_1_235' title='bbox 629 2218 676 2262; x_wconf 89' lang='lat' dir='ltr'>in</span> <span class='ocrx_word' id='word_1_236' title='bbox 698 2232 750 2262; x_wconf 90' lang='lat' dir='ltr'>eo</span> <span class='ocrx_word' id='word_1_237' title='bbox 774 2218 896 2277; x_wconf 89' lang='lat' dir='ltr'>cupit</span> <span class='ocrx_word' id='word_1_238' title='bbox 918 2216 1152 2273; x_wconf 88' lang='lat' dir='ltr'>excellere,</span> <span class='ocrx_word' id='word_1_239' title='bbox 1174 2220 1307 2279; x_wconf 82' lang='lat' dir='ltr'>atq‘ue</span> <span class='ocrx_word' id='word_1_240' title='bbox 1329 2217 1496 2262; x_wconf 84' lang='lat' dir='ltr'>caeteris</span> <span class='ocrx_word' id='word_1_241' title='bbox 1519 2215 1714 2274; x_wconf 75' lang='lat' dir='ltr'>anteire-3</span> 
     </span>
     <span class='ocr_line' id='line_1_30' title="bbox 311 2287 1713 2349; baseline 0 -19"><span class='ocrx_word' id='word_1_242' title='bbox 311 2298 443 2347; x_wconf 86' lang='lat' dir='ltr'>quem</span> <span class='ocrx_word' id='word_1_243' title='bbox 466 2287 646 2349; x_wconf 82' lang='lat' dir='ltr'>quidem</span> <span class='ocrx_word' id='word_1_244' title='bbox 668 2289 788 2334; x_wconf 83' lang='lat' dir='ltr'>videt</span> <span class='ocrx_word' id='word_1_245' title='bbox 802 2291 815 2315; x_wconf 88' lang='lat'><strong>¹</strong></span> <span class='ocrx_word' id='word_1_246' title='bbox 840 2288 1025 2349; x_wconf 76' lang='lat' dir='ltr'>amplius</span> <span class='ocrx_word' id='word_1_247' title='bbox 1044 2298 1087 2334; x_wconf 87' lang='lat' dir='ltr'>et</span> <span class='ocrx_word' id='word_1_248' title='bbox 1103 2290 1247 2334; x_wconf 87' lang='lat' dir='ltr'>verius</span> <span class='ocrx_word' id='word_1_249' title='bbox 1277 2287 1438 2333; x_wconf 86' lang='lat' dir='ltr'>deferri</span> <span class='ocrx_word' id='word_1_250' title='bbox 1460 2287 1713 2341; x_wconf 87' lang='lat' dir='ltr'>virtutibus,</span> 
     </span>
     <span class='ocr_line' id='line_1_31' title="bbox 313 2355 1717 2420; baseline -0.001 -19"><span class='ocrx_word' id='word_1_251' title='bbox 313 2373 369 2401; x_wconf 90' lang='lat' dir='ltr'>ne</span> <span class='ocrx_word' id='word_1_252' title='bbox 390 2358 437 2401; x_wconf 90' lang='lat' dir='ltr'>in</span> <span class='ocrx_word' id='word_1_253' title='bbox 459 2373 510 2402; x_wconf 90' lang='lat' dir='ltr'>eo</span> <span class='ocrx_word' id='word_1_254' title='bbox 533 2369 778 2420; x_wconf 82' lang='lat' dir='ltr'>superetur,</span> <span class='ocrx_word' id='word_1_255' title='bbox 799 2360 922 2416; x_wconf 85' lang='lat' dir='ltr'>cupit</span> <span class='ocrx_word' id='word_1_256' title='bbox 941 2359 1045 2401; x_wconf 82' lang='lat' dir='ltr'>alios</span> <span class='ocrx_word' id='word_1_257' title='bbox 1065 2359 1118 2400; x_wconf 83' lang='lat' dir='ltr'>ad</span> <span class='ocrx_word' id='word_1_258' title='bbox 1138 2356 1378 2416; x_wconf 81' lang='lat' dir='ltr'>iniquitatis</span> <span class='ocrx_word' id='word_1_259' title='bbox 1396 2355 1648 2414; x_wconf 87' lang='lat' dir='ltr'>voraginem</span> <span class='ocrx_word' id='word_1_260' title='bbox 1665 2371 1717 2400; x_wconf 88' lang='lat' dir='ltr'>ex</span> 
     </span>
     <span class='ocr_line' id='line_1_32' title="bbox 313 2426 1716 2490; baseline -0.001 -16"><span class='ocrx_word' id='word_1_261' title='bbox 313 2430 529 2490; x_wconf 82' lang='lat' dir='ltr'>aequitatis</span> <span class='ocrx_word' id='word_1_262' title='bbox 563 2444 659 2473; x_wconf 86' lang='lat' dir='ltr'>arce</span> <span class='ocrx_word' id='word_1_263' title='bbox 693 2427 869 2489; x_wconf 82' lang='lat' dir='ltr'>deponi.</span> <span class='ocrx_word' id='word_1_264' title='bbox 898 2429 991 2473; x_wconf 87' lang='lat' dir='ltr'>Hoc</span> <span class='ocrx_word' id='word_1_265' title='bbox 1021 2427 1153 2473; x_wconf 89' lang='lat' dir='ltr'>modo</span> <span class='ocrx_word' id='word_1_266' title='bbox 1186 2427 1390 2473; x_wconf 88' lang='lat' dir='ltr'>diabolus</span> <span class='ocrx_word' id='word_1_267' title='bbox 1422 2426 1604 2472; x_wconf 86' lang='lat' dir='ltr'>suadere</span> <span class='ocrx_word' id='word_1_268' title='bbox 1640 2436 1716 2472; x_wconf 86' lang='lat' dir='ltr'>aut</span> 
     </span>
     <span class='ocr_line' id='line_1_33' title="bbox 315 2499 1715 2562; baseline 0 -18"><span class='ocrx_word' id='word_1_269' title='bbox 315 2514 470 2560; x_wconf 86' lang='lat' dir='ltr'>cogere</span> <span class='ocrx_word' id='word_1_270' title='bbox 500 2499 555 2544; x_wconf 84' lang='lat' dir='ltr'>&#39;ad</span> <span class='ocrx_word' id='word_1_271' title='bbox 582 2509 761 2559; x_wconf 82' lang='lat' dir='ltr'>peccata</span> <span class='ocrx_word' id='word_1_272' title='bbox 795 2509 995 2546; x_wconf 85' lang='lat' dir='ltr'>conatur.</span> <span class='ocrx_word' id='word_1_273' title='bbox 1029 2501 1113 2546; x_wconf 90' lang='lat' dir='ltr'>Sed</span> <span class='ocrx_word' id='word_1_274' title='bbox 1142 2499 1359 2562; x_wconf 83' lang='lat' dir='ltr'>numquid</span> <span class='ocrx_word' id='word_1_275' title='bbox 1387 2500 1480 2560; x_wconf 90' lang='lat' dir='ltr'>ipse</span> <span class='ocrx_word' id='word_1_276' title='bbox 1507 2500 1649 2545; x_wconf 86' lang='lat' dir='ltr'>honor</span> <span class='ocrx_word' id='word_1_277' title='bbox 1670 2499 1715 2544; x_wconf 92' lang='lat' dir='ltr'>in</span> 
     </span>
    </p>
   </div>
   <div class='ocr_carea' id='block_1_2' title="bbox 366 2584 828 2629">
    <p class='ocr_par' dir='ltr' id='par_1_3' title="bbox 366 2584 828 2629">
     <span class='ocr_line' id='line_1_34' title="bbox 366 2584 828 2629; baseline -0.004 -11"><span class='ocrx_word' id='word_1_278' title='bbox 366 2593 373 2609; x_wconf 80' lang='lat'>¹</span> <span class='ocrx_word' id='word_1_279' title='bbox 399 2586 502 2620; x_wconf 69' lang='lat' dir='ltr'>Forte</span> <span class='ocrx_word' id='word_1_280' title='bbox 519 2596 615 2629; x_wconf 80' lang='lat' dir='ltr'>quein</span> <span class='ocrx_word' id='word_1_281' title='bbox 634 2584 709 2629; x_wconf 84' lang='lat' dir='ltr'>quia</span> <span class='ocrx_word' id='word_1_282' title='bbox 726 2585 828 2618; x_wconf 84' lang='lat' dir='ltr'>videt.</span> 
     </span>
    </p>
   </div>
  </div>
 </body>
</html>
