1803 3250
329 208 408 243 1:36
762 213 792 240 S.
832 214 1057 242 Aucus'rmi
1095 216 1271 242 Rt‘tscom

327 284 428 328 ralc.
456 282 563 334 Quia
593 281 790 325 universa
813 291 1007 326 creatura
1034 298 1108 326 sua
1132 283 1269 326 utitur
1286 290 1334 326 ut
1355 281 1392 325 ei
1421 281 1561 342 placet
1582 297 1590 323 t
1615 282 1727 342 pla-'

325 364 392 399 cet
416 360 560 396 autem
583 350 645 394 illi
667 353 909 396 secundum
932 367 1079 396 veram
1104 351 1593 412 incommutabilemque
1619 354 1712 412 jus-

327 425 461 468 titiam
479 457 490 478 ,
517 421 637 483 quod
660 423 752 482 ipse
769 424 850 469 sibi
873 433 936 469 est
954 460 965 479 ‚
991 425 1136 470 omnia
1156 423 1380 468 mutabilia
1398 458 1409 478 ‚
1428 438 1528 468 cum
1550 424 1640 483 ipse
1659 424 1712 468 sit

323 493 714 550 incommutabilis,
741 504 915 539 mutans
942 511 1022 554 pro
1044 496 1207 539 meritis
1235 496 1324 539 sive
1347 504 1602 540 naturarum
1624 496 1713 540 sive

322 565 554 610 factorum.
581 566 807 625 Numquid
829 581 933 625 ergo
956 565 1115 610 dicturi
1139 581 1288 610 sumus
1304 601 1315 619 ,
1342 566 1462 626 quod
1481 566 1597 610 Elias
1613 581 1714 610 cum

321 645 430 681 esset
450 645 649 681 creatura
667 671 678 691 ,
714 637 874 681 mutari
910 652 998 681 non
1031 646 1174 696 posset
1202 637 1267 681 vel
1303 637 1347 679 in
1370 636 1560 681 deterius
1580 636 1650 681 vel
1671 637 1717 680 in

319 704 499 766 melius3
526 718 600 753 aut
618 723 669 753 eo
686 708 818 754 modo
834 725 922 753 non
937 718 1081 768 posset
1093 744 1104 763 ‚
1130 709 1207 768 qui
1227 717 1336 752 esset
1354 709 1549 753 humano
1569 708 1716 767 generi

321 778 520 824 insolitus
537 814 547 834 ‚
573 778 816 824 secundum
844 780 923 829 Dei
951 778 1263 837 omnipotentis
1285 778 1590 823 voluntatem?
1611 778 1718 832 Quis

321 850 404 895 hoc
432 848 499 893 vel
530 849 806 893 stultissimus
840 849 1030 893 dixerit?
1052 849 1143 892 Cur
1179 864 1281 907 ergo
1317 849 1438 909 quod
1473 849 1527 892 de
1561 848 1637 892 illo
1672 849 1719 892 in

324 921 545 978 Scriptura
577 920 847 963 veracissima
880 920 1069 978 positum
1101 928 1190 973 est,
1229 935 1319 962 non
1354 919 1615 963 credamus?
1638 919 1719 962 nisi

321 999 527 1048 putemus
549 989 633 1034 hoc
655 987 795 1034 solum
816 1004 940 1049 posse
963 988 1106 1034 facere
1128 991 1286 1043 Deum,
1308 989 1430 1049 quod
1451 989 1598 1034 videre
1620 1004 1721 1034 cou-

323 1062 559 1106 suevimus.

384 1134 459 1176 VI.
499 1132 583 1177 Sed
615 1131 649 1175 si
678 1132 810 1176 homo
840 1132 954 1186 fuit,
992 1131 1163 1190 inquit,
1203 1132 1344 1186 Elias,
1376 1141 1419 1176 et
1451 1133 1595 1190 potuit
1632 1146 1722 1176 non

322 1203 459 1258 mori,
486 1218 564 1247 cur
586 1202 785 1248 Christus
818 1218 919 1247 cum
952 1203 1085 1247 homo
1120 1218 1209 1247 non
1233 1202 1386 1256 fuerit7
1421 1219 1510 1247 non
1531 1203 1724 1262 potuerit

323 1274 467 1318 mori?
492 1273 595 1318 Tale
617 1283 680 1318 est
702 1289 751 1318 ac
781 1274 814 1317 si
847 1274 1081 1334 quisquam
1103 1275 1267 1318 diceret
1288 1294 1296 1319 :
1325 1274 1367 1319 Si
1390 1276 1535 1333 potuit
1567 1282 1723 1318 natura

324 1345 514 1389 hominis
536 1345 584 1388 in
607 1344 772 1406 aliquid
795 1344 951 1389 melius
980 1345 1268 1399 commutari,
1300 1361 1378 1389 cur
1403 1346 1479 1389 Dei
1501 1354 1657 1389 natura
1679 1345 1724 1389 in

326 1416 517 1461 deterius
530 1431 620 1461 non
639 1417 859 1475 potuerit?
884 1416 1041 1472 Stulte,
1059 1417 1160 1476 quia
1174 1417 1362 1461 hominis
1375 1427 1438 1462 est
1450 1426 1606 1462 natura
1623 1431 1724 1460 mu-

327 1486 472 1531 tabilis
490 1522 501 1541 ,
527 1487 606 1531 Dei
629 1495 774 1531 autem
792 1487 1178 1531 incommutabilis.
1208 1490 1357 1532 Posset
1375 1487 1493 1531 enim
1508 1496 1552 1531 et
1571 1486 1726 1546 aliquis

327 1556 488 1616 pariter
511 1557 805 1601 insanissimus
828 1557 971 1601 dicere
1000 1576 1009 1601 ;
1043 1558 1086 1601 Si
1119 1557 1287 1601 homini
1312 1565 1454 1615 potest
1483 1557 1647 1601 donare
1676 1566 1726 1601 ut

331 1636 484 1686 regnet
505 1627 550 1671 in
572 1636 803 1682 aeternum,
829 1643 908 1671 cur
929 1642 1019 1671 non
1039 1635 1082 1672 et
1103 1627 1186 1670 sibi
1205 1626 1346 1671 facere
1363 1636 1412 1671 ut
1430 1627 1665 1671 damnetur
1679 1629 1726 1671 in

330 1700 576 1742 aeternum?
598 1700 697 1744 Non
719 1699 819 1753 hoc,
845 1698 1012 1758 inquit,
1039 1711 1118 1755 ego
1140 1697 1255 1753 dico,
1280 1698 1355 1742 sed
1380 1697 1626 1743 triduanam
1644 1697 1728 1743 sal-

330 1778 418 1814 tem
442 1779 628 1815 mortem
646 1771 741 1825 Dei,
766 1779 943 1814 aeternae
963 1770 1064 1814 vitae
1085 1770 1272 1813 hominis
1292 1785 1514 1829 comparo.
1541 1770 1671 1814 Plane
1692 1770 1727 1814 si

331 1841 390 1885 sic
408 1841 625 1900 acciperes
640 1841 890 1885 triduanam
909 1850 1094 1884 mortem
1116 1841 1191 1884 Dei
1208 1876 1218 1895 ,
1245 1850 1294 1886 ut
1310 1857 1410 1886 caro
1428 1842 1474 1885 in
1490 1841 1565 1886 illo
1585 1856 1728 1886 more-

333 1920 453 1956 retur
468 1947 479 1967 ,
506 1927 640 1973 quam
661 1912 717 1957 de
738 1911 985 1956 mortalium
1009 1927 1166 1970 genere
1189 1914 1446 1972 assumpsit,
1474 1928 1625 1957 verum
1654 1928 1727 1958 sa-

331 1998 454 2043 peres
475 2002 484 2028 :
510 1999 613 2028 nam
635 1984 759 2027 istam
781 1983 1029 2027 triduanam
1059 1983 1219 2027 Christi
1248 1992 1433 2028 mortem
1457 1999 1536 2043 pro
1565 1993 1727 2028 aeterna

331 2055 419 2098 vita
440 2054 671 2098 hominum
699 2052 859 2098 factam
892 2053 1050 2098 veritas
1078 2053 1339 2109 Evangelica
1362 2053 1585 2113 praedicat.
1614 2056 1727 2098 Cum

332 2133 479 2168 autem
502 2124 606 2169 velis
627 2125 876 2169 triduanam
897 2133 1081 2168 mortem
1105 2159 1114 2178 ‚
1152 2123 1273 2168 nulla
1301 2124 1472 2169 mortali
1507 2134 1727 2184 assumpta

333 2205 547 2251 creatura,
572 2197 618 2240 in
640 2197 731 2256 ipsa
753 2195 901 2240 divina
929 2204 1085 2240 natura
1104 2196 1202 2240 idco
1230 2211 1319 2240 non
1358 2195 1546 2241 absurde
1579 2197 1724 2252 credi,

331 2267 434 2327 quia
463 2275 606 2326 potest
638 2268 830 2312 humana
860 2275 1017 2311 natura
1054 2266 1379 2311 immortalitate
1418 2266 1595 2324 donari,
1625 2283 1728 2327 pro-

337 2337 453 2382 fecto
472 2339 530 2382 sic
549 2337 706 2398 desipis
725 2374 735 2393 ‚
760 2339 985 2398 quomodo
1002 2338 1078 2398 qui
1099 2353 1179 2382 nec
1201 2341 1336 2382 Deum
1357 2340 1485 2394 nosti,
1511 2354 1591 2383 nec
1609 2338 1724 2384 dona

331 2409 424 2452 Dei.
448 2408 615 2453 Deinde
633 2408 857 2470 quomodo
879 2407 990 2452 illud
1006 2443 1018 2463 ,
1045 2408 1165 2468 quod
1183 2424 1314 2467 supra
1332 2411 1482 2468 posui,
1511 2425 1601 2454 non
1619 2409 1727 2454 dicis

330 2495 380 2523 ac
403 2481 555 2534 sentis,
582 2483 721 2524 Deum
746 2481 825 2524 sibi
849 2479 998 2524 fecisse
1015 2480 1135 2523 unde
1159 2479 1393 2524 damnetur
1412 2482 1457 2524 in
1483 2491 1723 2538 aeternum,

329 2550 508 2608 quando
536 2566 633 2610 pars
654 2551 725 2595 illa
743 2551 812 2596 dei
829 2552 956 2597 vestri
975 2551 1020 2595 in
1038 2550 1168 2608 globo
1187 2552 1231 2594 in
1250 2561 1509 2611 perpetuum
1530 2554 1726 2611 confige-
