1803 3250
432 230 595 262 coNTnA
629 230 844 269 FAUsTUM‚
884 232 966 260 Lm.
1004 232 1126 260 xxiv.
1385 220 1462 258 121

78 300 210 346 faciat
226 303 354 344 Deus.
380 300 537 346 Modus
551 313 728 360 quoque
742 299 948 342 nascendi
970 298 1131 358 duplex
1153 307 1238 353 est,
1261 313 1375 342 unus
1396 297 1470 343 ille

78 371 236 417 furoris
249 380 291 416 et
307 371 651 430 intemperantiae
663 369 878 429 propriUS‚
899 384 987 428 quo
1005 385 1152 414 sumus
1166 386 1188 413 a
1205 369 1471 429 generatori-

77 443 158 488 bus
180 442 366 503 turpiter
391 451 434 487 et
462 456 540 501 per
570 440 801 486 libidinem
833 440 936 498 sati3
962 439 1087 484 aliter
1108 455 1211 485 vero
1232 441 1469 486 honestatis

77 522 121 558 et
142 512 457 568 sanctimoniae,
478 527 567 573 quo
580 512 624 556 in
638 511 812 558 Christo
830 513 855 555 J
859 525 934 555 esu
951 525 1028 570 per
1045 510 1254 570 Spiritum
1269 521 1470 556 sanctum

74 584 159 628 sub
176 584 394 628 bonorum
416 581 625 628 doctrinis
649 581 910 642 disciplinati
923 596 1072 626 sumus
1090 582 1145 625 ad
1162 579 1293 625 fidem
1316 600 1325 626 :
1351 583 1471 626 unde

75 655 206 699 etiam
227 653 368 700 omnis
388 652 557 713 religio,
585 662 631 698 et
655 652 841 698 maxime
871 652 1119 707 christiana,
1146 651 1201 696 ad
1222 667 1468 697 sacramen-

74 735 167 771 tum
199 725 328 770 rudes
359 725 549 771 infantes
578 724 784 785 appellat.
826 724 956 778 Quod
979 733 1022 769 et
1058 725 1202 784 ipsum
1223 723 1469 784 significans

73 796 310 857 Apostolus
331 797 391 841 ait
409 817 417 841 :
451 816 470 839 «
492 796 637 842 Filioli
659 797 743 841 mei
766 812 876 857 quos
898 797 1058 841 iterum
1079 797 1277 857 parturio
1292 831 1303 851 ‚
1329 796 1471 840 donec

75 886 98 911 »
125 867 339 913 formetur
359 868 556 914 Christus
573 869 618 912 in
639 867 762 913 vobis
776 871 808 912 ¹.
828 887 848 910 η
868 869 1109 928 Quarejam
1129 883 1219 913 non
1236 867 1467 928 quaeritur,

74 949 224 985 utrum
256 943 371 985 Deus
404 940 629 985 hominem
652 940 811 998 faciat3
848 939 924 985 sed
946 940 1125 1001 quando
1142 975 1153 995 ‚
1183 950 1225 985 et
1249 955 1403 1001 quem,
1428 948 1472 984 et

73 1011 448 1071 quemadmodum
473 1011 603 1057 faciat
623 1030 632 1056 z
656 1027 759 1056 nam
785 1012 820 1056 si
845 1027 945 1056 cum
975 1012 1019 1056 in
1037 1022 1163 1057 utero
1181 1012 1402 1070 fingimur,
1424 1019 1474 1055 ut

73 1082 163 1126 fere
189 1081 403 1126 Gentibus
424 1081 566 1141 placet
589 1091 632 1126 et
663 1081 827 1126 Judaeis
862 1092 905 1126 et
934 1083 1035 1142 ipsis
1070 1083 1193 1127 vobis
1213 1117 1224 1138 ‚
1257 1092 1364 1127 tunc
1393 1098 1471 1127 nos

74 1156 188 1197 Deus
208 1152 370 1197 format
392 1151 447 1196 ad
474 1152 707 1211 imaginem
731 1167 853 1196 suam
879 1172 887 1197 :
913 1162 956 1197 et
977 1162 1144 1198 veteres
1165 1168 1243 1198 nos
1274 1152 1404 1209 facit,
1430 1162 1473 1197 et

75 1239 151 1283 per
182 1223 378 1268 furorem
409 1238 458 1267 ac
492 1222 720 1267 libidinem
748 1233 894 1279 creat,
927 1223 1048 1284 quod
1070 1225 1190 1269 haud
1212 1226 1300 1269 scio
1321 1234 1470 1270 utrum

72 1295 292 1340 divinitati
313 1295 404 1355 ejus
425 1295 672 1339 conveniat.
698 1296 740 1340 Si
755 1311 858 1340 vero
876 1311 977 1340 cum
1000 1297 1217 1340 credimus
1236 1306 1280 1341 et
1301 1296 1357 1341 ad
1378 1312 1471 1340 me-

71 1365 223 1410 liorem
246 1368 346 1411 vitae
374 1365 672 1411 convertimur
693 1374 853 1410 statum
871 1401 882 1420 ‚
908 1376 1015 1411 tunc
1039 1365 1280 1411 formamur
1305 1382 1328 1411 a
1350 1370 1440 1412 Deo
1457 1403 1469 1422 ‚

72 1447 122 1482 ut
141 1436 233 1481 fere
255 1438 428 1483 Christo
446 1437 587 1497 placet
609 1446 652 1481 et
675 1439 767 1497 ejus
790 1438 1008 1497 Apostolis
1026 1448 1069 1482 et
1089 1439 1242 1497 nobis3
1267 1439 1470 1499 profecto

73 1517 116 1552 et
138 1523 273 1552 novos
289 1523 367 1552 nos
391 1506 494 1552 facit
509 1511 639 1562 DeUS‚
658 1517 700 1551 et
716 1509 895 1552 honeste
909 1508 1014 1553 facit
1032 1524 1081 1553 ac
1097 1523 1206 1568 pure
1227 1529 1236 1554 ε
1257 1525 1346 1570 quo
1361 1509 1469 1570 quid

73 1587 415 1623 consentaneum
439 1578 603 1638 quidve
617 1579 882 1623 conveniens
896 1578 1033 1638 magis
1054 1588 1215 1623 sanctae
1233 1581 1324 1640 ejus
1339 1589 1405 1624 est
1421 1596 1471 1626 ac

74 1648 311 1693 venerabili
333 1650 578 1709 majestati?
600 1649 729 1702 Quod
765 1649 799 1693 si
830 1659 874 1693 et
903 1665 977 1693 vos
1010 1650 1312 1695 auctoritatem
1346 1650 1471 1695 Pauli

75 1735 164 1766 non
180 1720 393 1780 spernitis,
413 1735 463 1764 ex
484 1721 577 1780 ipso
599 1719 724 1764 vobis
746 1735 980 1780 quemnam
1004 1729 1046 1764 et
1060 1720 1237 1781 quando
1255 1731 1298 1765 et
1311 1737 1470 1781 quem-

74 1789 314 1835 admodum
341 1793 457 1835 Deus
492 1791 718 1835 hominem
748 1789 904 1845 faciat,
946 1791 1240 1836 ostendemus.
1267 1792 1380 1836 Dicit
1416 1792 1470 1836 ad

73 1862 284 1922 Ephesios
308 1881 316 1907 :
347 1881 366 1903 «
387 1864 444 1906 Ut
466 1861 692 1922 deponatis
715 1863 958 1906 secundum
973 1862 1160 1922 priorem
1180 1864 1471 1908 conversatio-

77 1951 98 1974 »
124 1948 227 1977 nem
247 1942 438 1978 veterem
466 1933 689 1978 hominem
703 1968 714 1987 ‚
741 1933 818 1992 qui
840 1935 1137 1993 corrumpitur
1157 1948 1235 1992 per
1257 1934 1469 1979 desideria

78 2022 99 2045 »
125 2003 279 2048 erroris
301 2023 311 2049 ι
336 2003 605 2048 renovamini
627 2012 773 2048 autem
796 2004 949 2063 spiritu
969 2005 1126 2049 mentis
1141 2013 1310 2060 vestrae,
1337 2014 1379 2048 et
1400 2006 1469 2050 in-

79 2092 98 2115 »
126 2074 248 2118 duite
285 2090 449 2119 novum
480 2075 726 2130 hominem,
765 2076 842 2135 qui
873 2075 1114 2120 secundum
1140 2079 1280 2120 Deum
1302 2086 1471 2121 creatus

78 2164 97 2186 »
126 2154 189 2189 est
201 2146 245 2188 in
254 2146 419 2205 justitia
436 2154 478 2190 et
492 2146 720 2190 sanctitate
732 2146 925 2191 veritatis
937 2148 968 2190 ².
989 2165 1010 2187 »
1034 2146 1165 2191 Vides
1178 2162 1279 2205 ergo
1291 2146 1471 2207 quando

76 2226 249 2261 creatur
280 2218 414 2261 homo
449 2217 504 2261 ad
538 2217 771 2276 imaginem
805 2218 909 2274 Dei,
942 2218 1061 2263 vides
1089 2218 1160 2262 hic
1182 2228 1224 2263 et
1247 2219 1468 2264 hominem

76 2286 246 2331 ostendi
274 2286 458 2330 alterum
476 2322 487 2341 ‚
524 2296 567 2332 et
589 2289 859 2333 nativitatem
878 2289 1005 2334 aliam
1029 2298 1072 2333 et
1105 2288 1240 2333 alium
1263 2291 1469 2335 nascendi

76 2357 273 2403 modum.
293 2360 401 2403 Nam
413 2373 513 2401 cum
535 2377 544 2402 ε
561 2377 580 2400 ι(
601 2359 757 2403 Exuite
771 2375 847 2403 vos
864 2359 1104 2414 etinduite,
1120 2378 1139 2401 »
1162 2359 1282 2415 dicit,
1298 2370 1470 2420 tempus

77 2430 231 2489 utique
252 2427 520 2473 credulitatis
541 2430 753 2488 significat
771 2450 779 2475 z
805 2446 905 2475 cum
928 2446 1030 2475 vero
1052 2431 1274 2476 hominem
1305 2447 1467 2477 novum

78 2515 99 2543 a
123 2501 213 2543 Deo
232 2498 367 2544 creari
390 2508 595 2554 testatur,
634 2509 728 2545 tum
759 2501 921 2546 indicat
955 2510 1143 2547 veterem
1173 2517 1254 2547 nec
1288 2503 1343 2547 ab
1377 2504 1468 2562 ipso

128 2590 137 2606 1
162 2583 230 2615 Gal.
256 2595 303 2624 iv,
333 2591 466 2625 19.—2
488 2583 602 2625 Ephes.
621 2595 665 2622 iv,
686 2584 804 2625 ’.η-24.
