1803 3250
560 227 614 255 DE
643 225 815 256 NATURA
847 229 942 256 Boivi
953 245 961 254 .
1373 220 1455 257 257

74 291 359 348 consumitur,
384 292 501 338 bona
523 309 625 354 ergo
646 303 709 339 est
730 303 900 338 natura.
931 294 998 339 Sic
1016 301 1059 338 et
1076 293 1250 340 tardum
1269 295 1453 341 dicimus

73 362 212 410 veloci
233 365 499 409 contrarium
518 384 527 411 :
552 365 628 410 sed
649 375 793 409 tamen
810 366 947 425 quise
968 366 1147 411 omnino
1165 382 1254 411 non
1277 377 1452 424 movet,

77 449 158 479 nec
180 436 328 479 tardus
350 435 435 480 dici
457 445 613 495 potest.
641 436 708 481 Sic
740 445 879 481 acutae
904 437 1001 481 voci
1028 439 1286 482 contrariam
1308 454 1460 484 vocem

77 505 261 551 dicimus
284 521 472 566 gravem,
497 507 566 551 vel
587 523 757 551 canorae
780 522 973 567 asperam
996 526 1004 553 ε
1030 508 1105 552 sed
1118 510 1150 552 si
1169 524 1343 554 omnem
1366 527 1462 571 spe-

77 578 187 622 ciem
214 579 330 624 vocis
356 579 528 638 penitus
560 578 744 635 adimas,
783 578 1003 624 silentium
1032 590 1094 625 est
1125 582 1199 625 nbi
1230 597 1313 626 vox
1341 582 1462 627 nulla

79 659 142 694 est
165 669 174 695 ε
199 650 320 710 quod
348 659 494 695 tamen
526 649 744 695 silentium
777 666 828 696 eo
856 652 949 711 ipso
976 653 1097 712 quod
1119 669 1201 697 vox
1223 652 1345 698 nulla
1371 664 1462 710 est,

78 729 288 781 tanquam
316 722 583 767 contrarium
616 723 712 767 voci
742 722 851 767 solet
887 724 1064 783 opponi.
1101 724 1169 769 Sic
1190 733 1233 768 et
1257 723 1403 768 lucida
1424 734 1467 769 et

80 792 265 838 obscura
286 802 496 853 tanquam
519 793 607 838 duo
624 796 838 839 contraria
863 794 1071 839 dicuntur
1097 813 1106 840 :
1130 795 1294 839 habent
1322 805 1470 840 tamen

80 874 124 909 et
143 865 325 910 obscura
349 865 514 926 aliquid
532 866 668 921 lucis,
698 883 786 927 quo
806 867 839 911 si
864 868 1035 926 penitus
1057 877 1234 912 careant
1250 903 1261 923 ‚
1286 867 1345 912 ita
1368 877 1472 913 sunt

81 938 273 980 tenebrae
293 936 401 981 lucis
423 937 615 981 absentia
633 972 643 991 ‚
670 937 782 982 sicut
803 937 1023 981 silentium
1048 938 1166 983 vocis
1188 938 1398 983 absentia.

140 1009 259 1051 XVI.
284 1010 391 1061 Quae
415 997 560 1052 tamen
578 1009 706 1052 etiam
732 1008 994 1067 privationes
1011 1024 1156 1053 rerum
1179 1009 1239 1054 sic
1262 1009 1472 1055 ordinan-

83 1087 153 1122 tur
180 1079 226 1122 in
251 1079 530 1123 universitate
558 1088 751 1133 naturae,
782 1089 832 1123 ut
853 1080 1067 1139 sapienter
1094 1080 1474 1126 considerantibus

81 1165 171 1194 non
192 1149 445 1194 indecenter
456 1151 568 1195 vices
586 1165 681 1195 suas
693 1151 898 1194 habeant.
921 1153 1028 1195 Nam
1044 1160 1088 1194 ct
1108 1155 1222 1195 Deus
1245 1162 1361 1196 certa
1380 1153 1475 1198 loca

82 1230 126 1265 et
148 1230 344 1280 tempora
366 1237 456 1265 non
477 1220 768 1265 illuminando
785 1256 795 1276 ,
820 1221 1021 1266 tenebras
1044 1220 1147 1267 fecit
1164 1232 1253 1267 tam
1270 1225 1475 1269 decenter

80 1307 213 1353 quam
235 1292 339 1336 dies.
369 1293 411 1337 Si
434 1292 550 1336 enim
575 1307 652 1337 nos
674 1292 941 1337 continendo
969 1309 1119 1338 vocem
1135 1329 1145 1349 ,
1173 1293 1378 1339 decenter
1402 1297 1472 1340 in-

81 1364 351 1423 terponnnus
393 1364 438 1407 in
474 1363 697 1424 loquendo
734 1363 982 1423 sssenfiuni3
1024 1367 1362 1424 quann31nagss
1401 1366 1474 1411 isse

81 1435 372 1495 quarumdam
391 1450 535 1479 rerum
558 1435 817 1494 privationes
834 1435 1040 1480 decenter
1055 1435 1180 1492 facit,
1200 1435 1312 1482 sicut
1330 1453 1477 1482 rerum

80 1507 276 1552 omnium
300 1505 518 1565 perfectus
538 1506 726 1550 artifex?
749 1505 875 1551 Unde
896 1516 939 1551 et
956 1507 1000 1551 in
1022 1508 1190 1565 hymno
1211 1509 1346 1553 trium
1370 1526 1479 1570 pue-

83 1593 246 1631 rorum,
272 1577 403 1621 etiam
425 1576 500 1620 lux
525 1585 568 1620 et
589 1578 781 1621 tenebrae
798 1578 982 1622 laudant
1000 1581 1184 1635 Deum1‚
1210 1579 1251 1625 id
1278 1592 1357 1638 est,
1380 1584 1417 1643 ej
1427 1598 1475 1627 us

82 1648 256 1693 laudem
280 1648 326 1692 in
348 1648 461 1692 bene
478 1647 848 1693 considerantium
866 1648 1072 1694 cordibus
1094 1650 1287 1709 pariunt.

142 1722 281 1764 XVII.
319 1722 414 1765 Non
438 1734 541 1778 ergo
562 1719 675 1763 mala
696 1729 784 1774 est,
810 1721 854 1764 in
876 1729 1093 1780 quantum
1111 1731 1265 1766 natura
1283 1732 1362 1779 est,
1384 1723 1475 1768 ulla

84 1799 237 1835 natura
251 1811 261 1847 3
276 1788 350 1834 sed
363 1789 522 1849 cuique
534 1798 700 1833 naturae
715 1806 804 1834 non
818 1799 881 1834 est
899 1789 1061 1834 malum
1081 1791 1161 1835 nisi
1180 1793 1319 1837 minui
1335 1795 1470 1839 bono.

84 1862 214 1916 Quod
232 1862 266 1906 si
289 1861 528 1905 minuendo
551 1861 867 1916 absumeretur,
892 1861 1004 1906 sicut
1022 1860 1195 1907 nullum
1212 1864 1398 1920 bonum,
1414 1866 1473 1910 ita

84 1933 205 1978 nulla
229 1942 383 1978 natura
402 1932 722 1992 relinqueretur
752 1952 760 1977 :
790 1948 879 1977 non
900 1933 1042 1978 solum
1062 1934 1237 1993 qualem
1258 1935 1474 1982 inducunt

83 2005 330 2057 Manichaei,
358 2004 430 2048 ubi
455 2013 573 2048 tanta
591 2003 705 2048 bona
736 2003 1021 2048 inveniuntur
1049 2022 1057 2049 :
1083 2014 1133 2048 ut
1165 2006 1296 2051 nimia
1320 2022 1472 2052 eorum

84 2076 253 2121 caecitas
273 2075 382 2119 mira
405 2075 480 2131 sit3
505 2073 579 2119 sed
602 2073 778 2134 qualem
801 2083 942 2134 potest
959 2074 1145 2134 quilibet
1166 2076 1389 2123 inducere.

143 2149 311 2191 XVIII.
337 2148 488 2205 Neque
507 2145 623 2188 enim
639 2144 709 2189 vel
727 2143 798 2189 illa
818 2145 1032 2200 materies,
1051 2161 1180 2205 quam
1201 2148 1369 2208 antiqui
1385 2151 1473 2207 Hy-

84 2216 158 2262 len
186 2216 409 2270 dixerunt,
437 2215 602 2259 malum
631 2215 816 2260 dicenda
844 2226 921 2260 est.
948 2219 1046 2262 Non
1069 2232 1164 2261 eam
1187 2217 1285 2263 dico
1302 2254 1313 2274 ,
1339 2236 1473 2279 quam

86 2288 352 2333 Manichaeus
377 2286 521 2344 Hylen
548 2284 737 2345 appellat
762 2286 1088 2331 dementissima
1117 2289 1307 2333 vanitate
1324 2324 1335 2344 ‚
1371 2306 1470 2335 nes-

87 2361 202 2404 ciens
224 2359 332 2418 quid
352 2358 574 2417 loquatur,
600 2356 894 2401 formatricem
921 2374 1152 2417 corporum
1175 2379 1183 2403 :
1211 2360 1330 2404 unde
1358 2371 1473 2406 recte

86 2430 150 2475 illi
172 2431 337 2474 dictum
361 2438 424 2472 est
439 2464 449 2483 ‚
476 2428 596 2487 quod
615 2427 798 2472 alterum
821 2428 953 2472 deum
973 2429 1153 2473 inducat
1175 2449 1184 2474 ι
1207 2446 1337 2476 nemo
1354 2434 1468 2476 enirn

89 2501 275 2546 formare
298 2509 341 2544 et
362 2514 506 2544 creare
530 2513 707 2557 corpora
732 2499 813 2543 nisi
845 2502 957 2543 Deus
981 2508 1122 2558 potest
1150 2518 1157 2543 :
1191 2516 1334 2560 neque
1355 2505 1471 2547 enirn

146 2595 152 2611 ¹
172 2590 249 2620 Dan.
270 2599 322 2627 ιιι,
343 2595 395 2629 72Δ

306 2653 494 2684 cxxxvi.
1244 2644 1288 2680 17
