1803 3250
399 212 563 243 CONTRA
596 211 813 251 FAUSTUM,
848 213 931 240 Lm.
967 214 1126 242 xxxm.
1382 204 1459 242 191

82 294 173 324 esse
203 280 380 326 effectos
403 283 478 342 qui
512 283 604 342 ejus
636 295 765 326 carne
797 282 1022 340 propagati
1052 295 1141 326 non
1168 295 1316 326 sumus
1334 316 1344 335 ,
1381 281 1465 326 nisi

74 349 195 409 quod
216 352 311 411 ejus
332 351 436 397 fidei
457 352 635 410 vestigia
657 351 921 410 sequamur?

135 424 209 466 VI.
249 423 333 468 Sed
367 422 474 485 quid
504 423 630 467 vobis
664 420 847 477 faciam,
886 436 996 481 quos
1033 431 1186 467 contra
1218 423 1466 468 testimonia

76 493 397 553 Scripturarum
415 495 474 538 ita
492 492 789 539 obsurdefecit
810 492 1041 553 iniquitas,
1066 502 1116 537 ut
1142 493 1358 553 quidquid
1382 494 1462 539 ad-

74 579 245 608 versum
275 579 350 609 vos
380 563 484 608 inde
512 563 732 624 prolatum
769 562 928 618 fuerit,
970 579 1059 608 non
1096 578 1186 608 csse
1217 563 1381 608 dictum
1411 565 1465 609 ab

76 633 284 693 Apostolo
303 669 315 690 ,
361 635 438 680 sed
468 651 491 679 a
530 634 676 679 nescio
715 648 803 695 quo
836 632 1010 678 falsario
1048 634 1129 678 sub
1161 634 1252 693 ejus
1289 636 1466 679 nomine

79 706 287 765 scriptum
315 721 409 751 esse
429 705 574 752 dicere
595 706 828 751 audeatis?
861 707 1005 765 Usque
1034 705 1144 749 adeo
1178 721 1201 748 a
1234 705 1465 750 christiana

78 773 278 821 doctrina
298 786 446 837 aperte
469 777 608 822 aliena
639 786 702 822 est
727 792 860 837 quam
890 775 1133 836 praedicatis
1155 774 1352 820 doctrina
1373 775 1466 819 dae-

74 847 341 904 moniorum,
359 857 409 893 ut
423 864 517 894 eam
531 850 613 894 sub
632 849 878 894 christianae
894 848 1108 894 doctrinae
1124 849 1302 893 nomine
1320 847 1466 892 defen-

71 917 176 962 dere
188 918 309 963 nulla
323 928 504 980 exparte
517 920 703 980 possitis,
721 919 801 964 nisi
814 918 965 964 dicatis
977 918 1104 964 falsas
1118 934 1207 964 esse
1224 919 1466 978 Scripturas

72 989 398 1049 Apostolorum.
412 990 614 1035 Infelices
627 991 792 1036 inimici
808 991 964 1035 animae
973 999 1144 1045 vestrae,
1155 1005 1255 1050 quae
1268 1004 1463 1049 unquam

70 1059 227 1105 litterae
250 1061 390 1106 ullum
409 1063 638 1107 habebunt
659 1063 833 1122 pondus
856 1062 1145 1117 auctoritatis,
1172 1060 1206 1105 si
1228 1060 1464 1118 Evangeli-

71 1147 160 1188 cae,
186 1132 220 1177 si
247 1134 507 1193 Apostolicae
535 1149 627 1178 non
661 1134 924 1178 habebunt?
949 1136 1011 1177 De
1048 1148 1137 1192 quo
1159 1132 1274 1176 libro
1296 1141 1464 1176 certum

72 1203 154 1247 erit
180 1204 302 1264 cujus
329 1203 404 1259 sit,
433 1204 465 1248 si
500 1203 656 1248 litterae
689 1218 796 1264 quas
816 1202 1129 1262 Apostolorum
1152 1202 1259 1247 dicit
1280 1211 1322 1247 et
1344 1211 1464 1247 tenet

70 1273 262 1320 Ecclesia
283 1274 338 1319 ab
361 1274 462 1333 ipsis
483 1273 701 1334 Apostolis
723 1282 960 1334 propagata
987 1283 1031 1319 et
1047 1289 1125 1334 per
1145 1288 1296 1318 omnes
1314 1282 1463 1332 gentes

73 1350 192 1389 tanta
213 1345 448 1389 eminentia
470 1344 689 1390 declarata
707 1379 718 1400 ,
754 1353 904 1389 utrum
934 1343 1247 1404 Apostolorum
1277 1344 1363 1388 sint
1393 1344 1463 1387 in-

70 1424 239 1460 certum
262 1424 348 1474 est,
373 1424 417 1460 et
432 1416 517 1460 hoc
536 1416 617 1460 erit
639 1424 809 1460 certum
831 1414 1047 1474 scripsisse
1070 1413 1316 1475 Apostolos,
1343 1413 1463 1475 quod

71 1486 174 1532 huic
193 1486 399 1532 Ecclesiae
420 1486 625 1532 contrarii
649 1486 843 1531 haeretici
866 1486 1100 1546 proferunt
1120 1495 1349 1531 auctorum
1367 1501 1464 1531 suo-

72 1573 168 1601 rum
200 1559 452 1603 nominibus
478 1557 710 1619 appellati,
743 1558 872 1617 longe
896 1567 996 1617 post
1019 1556 1251 1617 Apostolos
1274 1557 1462 1602 existen-

70 1628 181 1671 tium
198 1629 217 1672 P
237 1629 366 1682 Quasi
386 1644 490 1674 vero
511 1640 555 1674 et
581 1628 626 1671 in
660 1627 813 1672 litteris
844 1628 1123 1672 saecularibus
1158 1643 1248 1672 non
1278 1626 1463 1672 fuerunt

71 1700 294 1745 certissimi
324 1709 521 1746 auctores
537 1735 548 1756 ,
573 1699 654 1744 sub
677 1715 865 1760 quorum
882 1700 1134 1744 nominibus
1156 1708 1305 1759 postea
1323 1698 1461 1743 multa

72 1769 240 1830 prolata
261 1779 455 1827 suntnet
476 1772 576 1816 ideo
594 1770 837 1829 repudiata,
855 1771 958 1831 quia
976 1769 1044 1814 vel
1058 1771 1125 1815 his
1146 1787 1250 1832 quae·
1268 1771 1459 1830 ipsorum

72 1857 163 1886 esse
195 1850 413 1887 constaret
437 1842 615 1886 minime
636 1850 962 1901 congruerunt,
988 1841 1058 1886 vel
1080 1857 1133 1886 eo
1154 1851 1351 1901 tempore
1373 1856 1462 1900 quo

70 1911 132 1956 illi
154 1912 429 1972 scripserint,
461 1928 743 1974 nequaquam
764 1913 1051 1968 innotescere,
1083 1921 1126 1956 et
1148 1927 1227 1971 per
1257 1913 1371 1971 ipsos
1394 1910 1461 1955 vel

73 1983 423 2030 familiarissimos
455 2000 608 2030 eorum
635 1985 682 2029 in
702 1993 896 2044 posteros
927 1984 1055 2045 prodi
1076 1984 1463 2043 commendarique

71 2064 341 2100 meruerunt.
366 2057 553 2111 Nonne,
586 2065 635 2100 ut
666 2054 772 2100 alios
808 2055 1007 2100 omittam
1028 2091 1040 2110 ,
1071 2055 1153 2100 sub
1188 2054 1464 2115 Hippocratis

70 2124 226 2170 medici
242 2125 496 2171 nobilissimi
516 2126 696 2171 nomine
709 2127 892 2186 quidam
903 2125 1005 2170 libri
1021 2125 1195 2186 prolati,
1212 2126 1258 2169 in
1271 2125 1462 2170 auctori-

71 2205 202 2241 tatem
212 2213 235 2242 a
246 2197 424 2242 medicis
441 2213 532 2243 non
547 2198 709 2258 recepti
726 2199 859 2242 sunt?
876 2198 965 2243 Nec
977 2212 1049 2241 eos
1064 2196 1234 2257 adjuvit
1251 2195 1463 2241 nonnulla

70 2266 311 2312 similitudo
333 2283 480 2312 rerum
504 2277 636 2328 atque
654 2268 918 2325 verborum,
943 2266 1121 2328 quando
1144 2267 1384 2326 comparati
1406 2265 1465 2309 eis

71 2351 180 2396 quos
213 2352 315 2382 vere
347 2338 622 2397 Hippocratis
656 2353 745 2382 esse
782 2347 1027 2393 constaret,
1067 2337 1253 2396 impares
1281 2335 1461 2397 judicati

74 2415 198 2465 sunt,
220 2415 264 2451 et
283 2405 404 2466 quod
425 2406 479 2451 ab
502 2422 553 2451 eo
569 2415 783 2466 tempore,
810 2423 899 2466 quo
917 2417 960 2451 et
980 2416 1134 2451 caetera
1156 2407 1314 2466 scripta
1343 2407 1435 2466 ejus
1449 2440 1459 2460 ,

73 2491 162 2523 non
182 2476 473 2522 innotuerunt
494 2477 616 2538 quod
636 2492 736 2522 vere
758 2477 850 2538 ejus
870 2485 1026 2521 essent.
1047 2479 1136 2521 Hos
1150 2485 1297 2521 autem
1314 2476 1463 2531 libros,

74 2547 236 2608 quibus
263 2546 328 2593 illi
356 2546 432 2609 qui
461 2545 517 2592 de
545 2555 789 2595 transverso
811 2546 1096 2608 proferuntur
1116 2546 1355 2607 comparati
1376 2561 1464 2592 res-
