1803 3250
464 206 628 237 coN'rnA
663 204 879 245 ἙΑυεΤυΜ,
916 208 998 234 Lm.
1034 208 1145 235 xx11.
1417 198 1499 237 105

114 277 285 335 busque
307 274 416 330 aliis,
432 274 570 318 debis
584 272 732 331 figuris
750 286 893 315 rerum
913 281 1129 330 gestarum
1141 282 1284 318 noster
1301 273 1502 334 displicet

115 345 363 391 intellectus
377 344 447 390 vel
463 344 572 388 ratio
587 341 658 387 vel
674 343 838 401 opinio,
856 341 967 386 illud
989 344 1176 388 sufficiat
1191 379 1202 400 ,
1222 345 1342 404 quod
1359 355 1502 404 patres

113 417 277 472 nostri,
319 415 481 476 quibus
503 417 617 458 Deus
645 412 848 472 perhibet
880 413 1009 457 bonae
1039 414 1140 458 vitae
1173 423 1304 474 atque
1337 416 1383 460 in
1417 417 1503 460 suis

113 487 339 547 praeceptis
376 484 638 530 obedientiae
671 484 968 528 testimonium
985 519 996 539 ,
1039 499 1089 528 ea
1125 485 1315 530 veritatis
1353 488 1502 546 regula

111 556 435 611 defenduntur,
460 570 561 615 quae
581 554 663 599 nisi
685 554 828 614 pravis
845 563 889 598 et
910 553 1102 599 distortis
1124 553 1329 599 cordibus
1351 556 1503 616 displi-

110 642 208 672 cere
229 642 319 672 non
353 626 516 686 possit3
552 635 596 670 et
627 624 748 686 quod
790 640 840 669 ea
867 624 1112 684 Scriptura,
1150 625 1221 669 cui
1248 628 1503 685 perversitas

111 698 267 743 erroris
284 697 400 741 illius
419 697 594 742 inimica
610 705 676 741 est
691 731 703 752 ,
725 696 772 740 in
793 694 1066 756 quibuslibet
1094 695 1323 740 hominum
1347 695 1472 742 factis
1489 733 1500 752 ‚

110 783 210 829 quae
232 768 303 814 vel
334 766 530 813 laudavit
550 767 620 812 vel
647 767 868 826 redarguit
897 766 967 812 vel
988 775 1161 811 tantum
1183 776 1356 812 narrata
1378 768 1505 813 nobis

105 837 346 899 judicanda
362 839 610 899 proposuit,
626 839 718 900 ipsa
739 837 1017 898 inculpabilis
1032 837 1381 900 venerabilisque
1401 853 1503 899 per-

110 910 236 955 sistit.

167 982 242 1026 XC
253 982 329 1025 VI.
356 979 470 1034 Quid
487 994 590 1025 vero
604 979 754 1024 utilius
776 988 909 1039 atque
927 978 1144 1024 salubrius
1165 979 1236 1039 pie
1257 979 1504 1039 legentibus

109 1052 178 1097 vel
196 1051 477 1096 audientibus
496 1051 591 1094 illas
612 1065 751 1094 sacras
763 1051 949 1095 Litteras
967 1049 1137 1094 consuli
1157 1065 1206 1094 ac
1222 1051 1406 1110 prospici
1420 1067 1504 1111 po-

109 1124 193 1167 tuit
209 1156 220 1177 ‚
241 1136 374 1182 quam
390 1129 440 1165 ut
460 1136 549 1165 non
568 1120 710 1165 solum
726 1122 771 1164 in
789 1122 848 1165 eis
862 1121 1103 1165 laudabiles
1120 1121 1320 1166 homines
1342 1122 1397 1166 ad
1414 1123 1504 1167 imi-

109 1192 319 1249 tandum,
343 1202 386 1237 et
409 1192 771 1252 reprehensibiles
790 1193 846 1237 ad
863 1192 1107 1237 cavendum
1133 1204 1500 1252 proponerentur,

107 1263 392 1310 verumetiam
431 1263 634 1324 quaedam
659 1263 878 1308 bonorum
901 1263 1212 1308 declinationes
1229 1272 1272 1308 et
1292 1264 1435 1324 lapsus
1458 1266 1502 1309 in

108 1335 272 1379 malum
286 1369 297 1390 ,
318 1335 407 1379 sive
425 1333 575 1378 itidem
601 1333 748 1378 denuo
769 1334 952 1378 correcti
975 1334 1021 1377 in
1043 1334 1158 1378 viam
1181 1333 1363 1379 redeant
1377 1370 1388 1390 ,
1414 1337 1503 1381 sive

108 1405 412 1451 irrevocabiles
447 1414 678 1463 maneant,
704 1413 748 1449 et
768 1420 916 1449 rursus
939 1403 1142 1465 quaedam
1165 1404 1382 1450 malorum
1402 1422 1504 1451 mu-

108 1477 292 1521 tationes
312 1485 355 1520 et
380 1484 612 1535 provectus
635 1476 682 1519 in
702 1476 892 1532 bonum,
927 1476 1015 1520 sive
1037 1477 1352 1535 perseveraturi
1371 1513 1382 1533 ,
1414 1479 1502 1523 sive

108 1548 152 1591 in
171 1546 348 1604 pristina
370 1546 530 1590 iterum
563 1546 774 1606 relapsuri
792 1582 802 1600 ‚
827 1555 876 1591 ut
898 1561 1043 1606 neque
1060 1548 1167 1606 justi
1189 1547 1232 1591 in
1254 1549 1501 1608 superbiam

107 1617 340 1662 securitate
359 1615 646 1671 extollantur,
667 1631 748 1660 nec
770 1617 912 1677 iniqui
946 1626 1096 1661 contra
1118 1617 1381 1663 medicinam
1399 1618 1501 1662 des-

107 1687 330 1748 peratione
351 1685 642 1731 obdurentur.
668 1689 725 1732 At
747 1686 821 1731 illa
855 1702 955 1747 quae
977 1702 1121 1748 neque
1152 1686 1208 1732 ad
1238 1688 1500 1733 imitandum

107 1773 251 1818 neque
269 1756 326 1802 ad
355 1756 602 1802 cavendum
625 1755 740 1802 facta
763 1757 993 1801 hominum
1011 1758 1259 1817 pertinent,
1285 1767 1327 1803 et
1353 1768 1500 1803 tamen

106 1830 151 1874 in
179 1837 327 1875 sancta
361 1828 586 1888 Scriptura
607 1828 916 1888 reperiuntur;
942 1837 1018 1873 aut
1040 1829 1095 1873 ad
1118 1828 1237 1874 illam
1263 1831 1501 1874 connexio-

106 1915 207 1945 nem
228 1901 370 1959 posita
395 1909 524 1956 sunt,
551 1900 712 1960 quibus
734 1899 1036 1945 occasionibus
1059 1900 1115 1944 ad
1145 1915 1211 1944 res
1240 1902 1498 1946 necessarias

104 1971 307 2016 veniatur
323 2006 334 2026 ,
364 1979 440 2016 aut
461 1985 512 2015 eo
542 1971 636 2031 ipso
670 1986 759 2030 quo
789 1971 995 2016 videntur
1026 1970 1247 2030 superflua
1263 2006 1274 2027 ,
1299 1971 1400 2016 satis
1421 1972 1499 2017 ad-

106 2050 290 2086 monent
305 2076 316 2097 ,
336 2041 383 2085 in
405 2042 463 2086 eis
479 2041 618 2102 quaeri
640 2052 841 2102 oportere
862 2043 1057 2100 mysticae
1080 2042 1262 2103 alicujus
1283 2044 1499 2101 signifiea-

108 2111 234 2157 tionis
263 2112 506 2157 oraculum.
530 2115 683 2173 Neque
707 2115 822 2157 enim
845 2114 899 2157 de
927 2113 994 2157 his
1012 2113 1134 2157 libris
1169 2113 1416 2174 loquimur,
1453 2117 1498 2159 in

105 2183 268 2243 quibus
283 2183 404 2228 nulla
420 2218 431 2238 ‚
452 2183 521 2228 vel
539 2200 677 2243 pauca
694 2200 743 2229 ac
758 2201 848 2229 non
867 2184 1004 2229 multa
1022 2185 1288 2244 apertissima
1310 2187 1499 2246 prophe-

104 2253 191 2298 tico
210 2253 364 2313 spiritu
384 2255 675 2312 praenuntiata
688 2290 698 2309 ,
718 2256 809 2315 jam
825 2271 1003 2316 quoque
1025 2256 1125 2315 ipsis
1140 2256 1267 2300 rebus
1289 2256 1492 2316 impletis,

105 2324 410 2368 auctoritatem
428 2324 619 2368 divinam
642 2324 889 2370 fidelissima
907 2335 949 2370 et
964 2326 1288 2386 praeclarissima
1306 2328 1496 2373 veritatis

103 2395 202 2439 luce
225 2404 438 2439 testantur
464 2414 473 2440 ι
504 2405 554 2439 ut
585 2396 764 2441 omnino
797 2396 1009 2457 desipiat,
1034 2398 1228 2459 quisquis
1250 2413 1322 2443 eos
1345 2414 1495 2459 super-

104 2465 194 2509 ssue
228 2464 297 2510 vel
329 2466 450 2526 quasi
476 2464 595 2511 fatue
620 2465 791 2512 locutos
829 2466 995 2528 aliquid
1033 2477 1180 2528 putat,
1217 2468 1376 2529 quibus
1406 2485 1493 2514 non

104 2534 246 2581 solum
268 2537 412 2582 omnia
430 2538 658 2583 hominum
680 2539 1046 2599 ingeniorumque
1063 2554 1216 2599 genera
1240 2540 1413 2586 subdita
1430 2542 1492 2585 vi-
