1803 3250
317 261 399 300 470
743 275 774 296 s.
815 271 1039 297 AUGUSTIM
1077 271 1253 296 eviscovi

307 339 391 395 pria
403 351 439 378 m
459 339 487 388 ¹,
505 350 604 394 quse
618 337 706 378 Deo
722 334 898 377 adversa
914 344 991 388 est,
1010 333 1302 387 voluntatem,
1320 349 1409 377 non
1424 342 1517 377 erat
1529 341 1702 376 tantum

308 408 453 457 homo,
486 403 561 448 sed
590 408 701 447 Deus
723 413 765 447 et
791 405 924 448 horno
947 424 954 449 :
983 419 1059 463 per
1082 419 1212 462 quam
1249 402 1490 447 mirabilem
1515 401 1704 460 singula-

307 491 490 535 remque
521 476 704 534 gratiam
735 476 925 519 humana
960 476 1004 519 in
1028 475 1101 519 illo
1125 477 1216 518 sine
1238 483 1417 533 peccato
1438 473 1531 518 ullo
1565 482 1706 532 posset

301 561 390 591 esse
414 555 584 590 natura.
622 550 803 605 Propter
828 546 910 590 hoc
930 561 1033 604 ergo
1067 546 1126 590 ait
1151 565 1158 589 z
1201 564 1220 586 «
1243 543 1452 589 Descendi
1481 543 1536 588 de
1557 543 1697 599 coelo,

304 636 323 659 »
350 633 438 661 non
464 627 512 661 ut
536 616 691 661 faciam
720 616 996 661 voluntatem
1022 632 1162 660 meam
1180 651 1190 671 ,
1216 614 1292 660 sed
1320 614 1590 659 voluntatem
1613 615 1705 674 ejus

304 708 321 729 »
349 689 425 748 qui
452 703 518 731 ine
553 688 693 731 misit²
713 707 721 731 ;
745 706 766 729 »
800 697 850 731 ut
883 703 932 731 ea
955 702 1082 730 causa
1108 696 1218 731 esset
1253 694 1382 729 tantae
1410 685 1673 730 obedientiae
1690 720 1701 740 ,

303 774 403 818 quae
425 759 605 802 omnino
629 758 722 801 sine
745 756 838 801 ullo
867 766 1048 815 peccato
1078 765 1187 800 esset
1211 755 1399 799 hominis
1426 770 1557 815 quem
1586 770 1708 813 gere-

302 830 392 884 bat,
409 831 510 888 quia
521 829 576 871 de
591 827 707 871 coelo
722 826 1006 870 descenderat
1023 848 1035 884 3
1060 827 1143 871 hoc
1159 835 1240 881 est,
1259 841 1347 870 non
1363 835 1538 869 tantum
1553 826 1702 879 homo,

303 914 455 942 verum
479 898 609 942 etiam
629 900 744 941 Deus
761 905 869 940 erat.
898 899 1037 940 Unam
1057 896 1222 956 quippe
1244 896 1436 940 ostendit
1452 911 1542 939 esse
1561 911 1706 954 perso-

301 984 401 1012 nam
424 969 470 1012 in
493 978 681 1026 utraque
702 976 874 1018 natura,
902 967 986 1010 hoc
1009 976 1089 1021 est,
1113 967 1187 1010 Dei
1203 976 1246 1011 et
1262 967 1465 1020 hominis,
1486 981 1540 1009 ne
1553 966 1586 1010 si
1599 965 1707 1011 duas

300 1038 457 1092 faciat,
493 1038 762 1098 quaternitas
791 1037 972 1096 incipiat
999 1053 1116 1092 esse,
1151 1053 1240 1081 non
1270 1036 1451 1081 trinitas.
1489 1038 1706 1089 Quoniam

303 1110 452 1168 itaque
483 1109 652 1167 gemina
682 1107 861 1167 quidem
890 1108 1157 1162 substantia,
1195 1107 1271 1151 sed
1295 1122 1383 1151 una
1413 1122 1594 1166 persona
1617 1117 1707 1162 est,

308 1189 541 1239 propterea
557 1178 677 1239 quod
695 1178 862 1222 dictum
881 1188 943 1223 est
965 1198 972 1222 :
996 1197 1015 1218 (ι
1035 1179 1246 1222 Descendi
1261 1178 1316 1222 de
1334 1177 1464 1232 coelo,
1480 1198 1496 1219 »
1522 1176 1709 1222 refertur

309 1250 366 1294 ad
392 1252 467 1294 Dei
492 1249 792 1296 excellentiam
822 1268 831 1293 2
855 1249 975 1308 quod
995 1264 1097 1293 vero
1123 1249 1377 1309 adjunctum
1394 1258 1474 1303 est,
1504 1251 1638 1294 «Non
1659 1258 1709 1293 ut

312 1338 332 1362 »
351 1319 506 1364 faciam
517 1320 792 1365 voluntatem
807 1334 964 1374 meam,
983 1337 1003 1360 »
1023 1328 1198 1379 propter
1213 1318 1350 1364 Adam
1367 1320 1442 1379 qui
1451 1317 1555 1364 fecit
1566 1335 1706 1374 suam,

308 1390 495 1434 refertur
513 1390 568 1434 ad
586 1389 776 1434 hominis
798 1389 1090 1433 obedientiam
1113 1409 1122 1434 ;
1142 1397 1381 1449 utrumque
1399 1397 1545 1432 autem
1561 1389 1709 1434 Chris-

309 1471 395 1515 tus,
424 1461 468 1505 id
490 1470 568 1515 est,
597 1464 710 1504 Deus
733 1470 776 1504 et
798 1461 957 1517 homo,
989 1470 1138 1504 tamen
1162 1460 1413 1504 obedientia
1440 1459 1486 1503 in
1508 1459 1584 1504 illo
1608 1476 1708 1521 quae

311 1530 526 1574 contraria
562 1539 625 1573 est
656 1528 968 1573 inobedientiae
995 1530 1123 1589 primi
1146 1531 1332 1574 hominis
1352 1566 1363 1585 ,
1400 1530 1643 1575 secundum
1664 1531 1709 1576 id

314 1599 435 1661 quod
450 1601 583 1645 homo
598 1610 661 1645 est
678 1599 1025 1644 commendatur.
1048 1600 1174 1645 Unde
1190 1602 1249 1645 ait
1263 1600 1497 1661 Apostolus
1516 1621 1524 1646 :
1551 1621 1567 1641 «
1591 1603 1710 1647 Sicut

314 1689 335 1711 υ
361 1671 477 1714 enim
523 1686 597 1730 per
638 1670 979 1714 inobedientiam
1024 1671 1152 1715 uniu's
1191 1672 1380 1716 hominis
1406 1707 1417 1730 ,
1460 1681 1709 1731 peccatores

316 1761 335 1783 »
362 1742 588 1786 constituti
613 1751 714 1785 sunt
736 1741 892 1798 multi,
915 1741 974 1786 ita
996 1750 1039 1785 et
1062 1757 1138 1801 per
1160 1742 1455 1787 obedientiam
1474 1744 1604 1788 unius
1624 1744 1708 1789 ho-

320 1831 339 1853 »
368 1813 494 1857 minis
512 1814 615 1872 justi
638 1812 960 1857 constituentur
982 1812 1150 1857 multi³.
1172 1832 1191 1855 »

373 1886 467 1928 Nec
476 1884 578 1944 quia
594 1884 726 1938 dixit,
749 1885 960 1939 hominis,
980 1885 1192 1944 separavit
1212 1887 1367 1939 Deum,
1391 1885 1469 1945 qui
1486 1886 1707 1930 hominem

314 1955 545 2013 assumpsit
569 1974 576 1998 ε
602 1955 722 2014 quia,
741 1955 853 1999 sieut
873 1954 983 2010 dixi,
998 1964 1041 1999 et
1057 1953 1184 1999 valde
1201 1956 1603 2000 commendandum
1626 1967 1706 2013 est,

314 2039 401 2067 una
419 2040 601 2082 persona
620 2034 697 2068 est.
726 2028 822 2083 Ipse
840 2040 1030 2084 namque
1052 2041 1166 2069 unus
1187 2026 1385 2070 Christus
1407 2036 1450 2070 et
1474 2028 1546 2071 Dei
1571 2028 1707 2073 Filius

313 2109 482 2153 semper
506 2104 675 2149 natura,
701 2104 743 2138 et
768 2095 953 2138 hominis
977 2094 1113 2139 Filius
1131 2096 1207 2155 qui
1223 2111 1273 2139 ex
1291 2105 1489 2156 tempore
1507 2113 1707 2158 assump-

316 2174 382 2208 tus
404 2174 467 2209 est
487 2166 621 2222 gratia
641 2185 649 2210 :
675 2181 755 2210 nec
778 2166 837 2209 sic
860 2176 1107 2225 assumptus
1124 2176 1187 2210 est
1205 2176 1252 2211 ut
1272 2168 1392 2227 prius
1416 2178 1586 2213 creatus
1611 2180 1708 2229 post

313 2244 624 2289 assumeretur,
660 2235 734 2279 sed
759 2245 808 2280 ut
830 2236 920 2295 ipsa
942 2237 1236 2296 assumptione
1267 2248 1502 2283 crearetur.
1539 2243 1601 2284 Ac
1628 2256 1707 2300 per

315 2305 394 2349 hoc
415 2315 590 2364 propter
612 2306 734 2350 istam
760 2306 971 2350 unitatem
991 2322 1186 2366 personae
1201 2308 1246 2351 in
1263 2317 1450 2368 utraque
1467 2319 1618 2355 natura
1635 2312 1704 2356 in-

314 2376 608 2433 telligendam,
624 2386 666 2420 et
679 2377 813 2421 Filius
831 2378 1017 2422 hominis
1039 2377 1199 2422 dicitur
1215 2378 1484 2424 descendisse
1498 2382 1553 2425 de
1563 2382 1701 2439 coelis,

309 2448 505 2505 quamvis
523 2449 575 2492 sit
597 2464 647 2491 ex
665 2464 713 2492 ea
731 2464 830 2508 quae
853 2449 896 2492 in
914 2458 1025 2492 terra
1045 2447 1186 2494 fuerat
1198 2451 1364 2509 virgine
1377 2463 1646 2511 assumptus3
1662 2464 1704 2499 et

314 2515 446 2559 Filius
464 2518 539 2560 Dei
558 2516 718 2561 dicitur
740 2519 967 2562 crucifixus
990 2529 1032 2563 et
1056 2519 1267 2578 sepultus,
1293 2523 1492 2581 quamvis
1509 2524 1601 2568 haee
1614 2541 1701 2569 non

357 2610 359 2615 ·
391 2613 397 2630 ι
422 2602 498 2632 Tim.
524 2615 556 2633 n.
581 2603 608 2631 Γ».
629 2620 667 2624 —
686 2612 695 2621 ⁷
716 2606 807 2634 Joan.
834 2616 880 2641 vr,
904 2605 942 2635 ‘⁴¹18
972 2621 1011 2626 —
1029 2603 1040 2624 '⁴
1063 2608 1150 2636 Rom.
1174 2617 1205 2638 v.
1231 2618 1277 2646 ¹9·
