1803 3250
298 254 378 290 498
730 258 761 282 5.
804 258 1027 283 sconsum
1068 256 1246 281 Episcopi

350 327 489 369 XXX.
529 341 549 363 «
575 321 759 379 Spiritus
781 320 917 363 sancti
930 334 1039 378 opus
1053 327 1094 362 et
1110 317 1335 375 diligentia
1352 325 1431 371 cst,
1453 317 1677 376 inquiunt,

293 394 574 446 sanctificare,
599 400 641 435 et
660 400 830 435 sanctos
852 389 1088 444 custodire,
1112 397 1156 432 et
1175 403 1265 433 non
1287 387 1429 432 solum
1449 385 1684 431 rationabi-

290 466 363 519 lia,
388 473 436 508 ut
458 463 637 524 quidam
660 470 831 521 putant,
857 461 932 505 sed
951 470 994 505 et
1015 458 1326 504 irrationabilia
1344 457 1473 518 plura
1491 456 1685 502 sanctifi-

291 550 414 579 care:
436 543 480 578 et
497 548 568 577 cos
585 533 662 592 qui
685 531 935 576 ceciderunt
948 539 1126 592 propter
1140 543 1262 574 suam
1275 527 1610 588 negligentiam,
1629 525 1685 570 ad

290 605 524 664 pristinum
556 611 718 647 statum
746 617 946 646 revocare
975 621 984 647 ι
1010 602 1259 660 ignorantes
1283 598 1443 643 docere
1463 633 1474 654 ,
1506 596 1688 642 oblivis-

291 685 437 719 centes
460 674 710 728 admonere,
736 682 964 732 peccantes
987 686 1185 730 arguere,
1206 671 1351 729 pigros
1368 668 1535 714 hortari
1551 667 1608 712 de
1623 682 1688 712 sa-

293 745 385 790 lute
407 762 482 789 sua
504 745 693 803 cogitare
710 754 753 788 et
769 743 952 788 sollicite
975 756 1118 800 agere,
1144 749 1336 785 errantes
1354 739 1408 784 ad
1430 740 1549 785 viam
1573 738 1689 784 veri-

296 816 392 859 tatis
413 815 630 859 deducere
646 849 656 869 ,
683 815 878 857 infirmos
910 827 1061 856 curare
1077 846 1088 866 ,
1123 819 1166 855 et
1189 809 1470 869 fragilitatem
1497 809 1690 869 corporis

295 901 372 944 per
394 885 659 929 alacritatem
677 885 832 928 animae
851 883 1092 937 continere,
1118 891 1161 926 et
1177 881 1233 926 ad
1247 896 1439 927 amorem
1461 881 1633 940 pietatis
1647 889 1692 925 et

296 955 502 999 castitatis
523 955 803 1009 confirmare,
835 962 879 997 et
902 968 1052 998 omnes
1083 952 1334 997 illuminare
1355 971 1364 997 ε
1391 967 1522 1012 super
1546 951 1694 996 omnia

296 1025 430 1070 fidem
452 1034 495 1069 et
514 1025 770 1070 charitatem
794 1024 990 1084 praebere
1010 1023 1190 1083 singulis
1215 1042 1223 1069 ε
1246 1039 1326 1083 pro
1348 1023 1491 1069 studio
1513 1036 1695 1083 quoque

299 1105 342 1140 et
361 1094 601 1154 diligentia,
629 1111 708 1156 pro
743 1095 1017 1155 simplicitate
1045 1104 1087 1139 et
1122 1095 1369 1139 sinceritate
1402 1093 1587 1148 mentis,
1612 1107 1696 1152 pro

297 1182 500 1211 mensura
523 1165 625 1210 fidei
649 1176 692 1210 et
721 1167 876 1211 merito
898 1166 1237 1211 conversationis
1251 1201 1263 1222 ,
1289 1165 1471 1224 gratiam
1493 1164 1549 1209 ad
1569 1162 1695 1208 utili-

301 1247 434 1282 tatem
456 1236 665 1293 dividere,
696 1246 740 1282 et
766 1238 1065 1298 unusquisque
1084 1238 1130 1282 in
1149 1251 1238 1297 quo
1258 1251 1390 1296 opere
1407 1244 1450 1280 et
1470 1235 1694 1296 proposito

300 1308 430 1353 luerit
452 1308 624 1363 habilis,
649 1309 694 1352 in
721 1309 815 1368 ipso
838 1308 1054 1353 ordinare.
1081 1327 1101 1349 »
1132 1308 1254 1352 Facit
1278 1309 1374 1352 haec
1395 1306 1574 1368 quidem
1596 1306 1696 1366 Spi-

301 1381 408 1424 ritus
431 1389 604 1424 sanctus
625 1399 633 1424 :
660 1381 736 1424 sed
759 1380 869 1425 absit
887 1389 937 1424 ut
958 1380 1050 1423 sine
1073 1379 1183 1423 Filio
1201 1378 1347 1423 faciat.
1373 1378 1478 1431 Quis
1500 1377 1618 1422 enim
1637 1377 1699 1422 sic

302 1450 446 1495 deviet
466 1468 489 1495 a
509 1452 578 1495 via
600 1451 808 1504 veritatis,
834 1459 884 1494 ut
906 1458 1035 1508 neget
1052 1465 1075 1493 a
1092 1450 1266 1495 Christo
1281 1448 1492 1494 custodiri
1506 1457 1695 1505 sanctos,

301 1521 440 1579 lapsos
473 1530 620 1564 autem
658 1521 703 1563 in
741 1529 903 1564 statum
933 1520 1166 1579 pristinum
1199 1519 1417 1579 reparari,
1443 1519 1698 1579 ignorantes

301 1589 473 1645 doceri,
499 1590 803 1635 obliviscentes
823 1590 1075 1645 admoneri,
1106 1599 1338 1650 peccantes
1362 1589 1516 1650 argui,
1550 1590 1698 1650 pigros

301 1661 494 1717 hortari,
519 1670 709 1706 errantes
734 1660 790 1706 ad
811 1662 924 1706 viam
955 1661 1149 1706 veritatis
1183 1661 1344 1706 adduci
1365 1696 1376 1717 ,
1409 1661 1607 1706 infirmos
1628 1676 1701 1706 sa-

304 1732 418 1787 nari,
444 1747 578 1777 caecos
600 1732 856 1788 illuminari,
877 1742 920 1777 et
942 1742 1099 1778 caetera
1119 1749 1219 1794 quae
1239 1733 1312 1778 isti
1335 1732 1514 1793 Spiritui
1528 1741 1697 1789 sancto,

304 1811 514 1864 tanquam
536 1803 653 1849 solus
676 1819 725 1848 ea
746 1803 875 1849 faciat
891 1840 902 1860 ,
928 1804 1161 1849 tribuenda
1184 1805 1483 1864 putaverunt?
1505 1807 1563 1849 Ut
1582 1804 1700 1848 enim

305 1874 360 1918 de
381 1876 562 1930 caeteris,
587 1890 642 1919 ne
663 1876 846 1935 longum
868 1876 936 1931 sit,
959 1884 1126 1920 taceam
1147 1895 1157 1921 ι
1177 1875 1405 1936 quomodo
1428 1875 1660 1934 negabunt
1676 1891 1701 1920 a

305 1945 478 1990 Christo
500 1946 647 1991 doceri
664 1956 851 2002 sanctos,
871 1947 1031 2006 quibus
1048 1946 1165 1991 idem
1189 1946 1295 1991 dicit
1315 1962 1324 1988 ε
1353 1946 1535 1991 «Nolite
1555 1946 1702 1992 vocari

309 2033 326 2054 »
349 2015 404 2059 ad
427 2016 677 2060 hominibus
705 2018 848 2061 Rabbi
869 2052 878 2072 ,
913 2032 1026 2061 unus
1064 2026 1128 2061 est
1169 2017 1285 2060 enim
1318 2016 1525 2076 magister
1561 2027 1701 2061 vester

308 2102 327 2125 »
348 2086 595 2131 Christus1?
609 2087 873 2140 »Quomodo
891 2088 1118 2147 negabunt
1133 2103 1155 2131 a
1173 2088 1346 2132 Christo
1363 2086 1602 2132 illuminari
1616 2103 1702 2132 cae-

303 2169 390 2211 cos,
414 2155 469 2199 de
491 2171 580 2216 quo
602 2157 811 2216 seriptum
833 2157 987 2216 legunt
1007 2173 1016 2198 :
1048 2177 1068 2200 «
1096 2160 1198 2202 Erat
1215 2156 1370 2201 lumen
1388 2172 1543 2202 verum
1577 2157 1700 2218 quod

305 2244 324 2266 »
349 2225 571 2271 illuminat
598 2243 774 2272 omnem
813 2229 1096 2273 hominem2?
1124 2247 1144 2270 »
1174 2229 1358 2289 Spiritus
1378 2244 1482 2289 ergo
1504 2238 1698 2285 sanctus,

301 2296 410 2341 sicut
429 2298 519 2342 sine
541 2299 715 2344 Christo
730 2315 819 2344 non
833 2299 961 2344 docet
983 2309 1058 2344 aut
1079 2299 1300 2345 illuminat
1325 2315 1616 2361 quemquam,
1636 2300 1697 2345 ita

298 2368 389 2411 sine
409 2369 581 2414 Christo
599 2385 688 2414 non
705 2371 946 2415 sanctificat
968 2370 1233 2431 quidquam.
1259 2369 1378 2415 Illud
1400 2379 1549 2415 autem
1573 2370 1699 2431 quod'

299 2453 375 2496 per
400 2440 661 2498 Prophetam
687 2443 799 2484 Deus
821 2441 927 2486 dicit
959 2460 968 2485 :
999 2460 1018 2482 α
1038 2443 1095 2485 Ut
1116 2442 1252 2486 sciant
1275 2441 1378 2503 quia
1400 2457 1481 2501 ego
1499 2456 1595 2486 sum
1613 2442 1688 2502 qui

301 2510 522 2554 sanctifico
548 2511 647 2554 eos³
672 2531 681 2555 :
707 2510 866 2569 eligant
885 2528 907 2556 a
926 2528 1015 2571 quo
1036 2511 1203 2557 dictum
1227 2511 1365 2558 velint
1383 2511 1575 2558 credere.
1603 2512 1646 2558 Si
1669 2528 1693 2557 a

355 2601 363 2614 ¹
384 2595 481 2625 Mattli
517 2606 606 2636 xxm,
627 2599 656 2627 S.
673 2614 703 2617 --
725 2603 736 2618 2
756 2598 848 2628 Joan.
871 2608 894 2635 ι,
916 2600 947 2628 6.
968 2594 1030 2619 —3
1051 2598 1147 2630 Exod.
1170 2608 1260 2639 xxxi,
1287 2597 1336 2630 13.
