1803 3250
405 225 570 257 comm
601 225 878 257 sncunmnmvt
910 222 1205 254 MAMCEAEUM.
1417 213 1500 254 313

112 295 273 348 Quaero
289 294 422 351 enim,
441 294 550 355 quid
571 292 732 339 alliciat
753 291 909 336 animae
926 291 1274 346 consensionem,
1296 303 1354 334 an
1367 289 1501 338 irruat

111 365 185 410 illa
212 367 425 422 cassatim,
450 375 493 410 et
514 375 742 425 propterea
774 364 1018 408 consentire
1056 361 1243 418 dicatur,
1278 362 1381 422 quia
1413 364 1502 422 ejus

111 436 256 497 aliqua
274 435 564 481 delectatione
579 443 781 480 movetur
798 433 853 478 ad
871 432 1123 477 fruendum.
1145 432 1277 487 Quod
1298 433 1334 477 si
1348 433 1406 478 ita
1424 443 1503 490 est,

110 521 200 552 non
217 516 281 552 est
298 522 569 567 consequens
586 516 636 551 ut
654 514 883 566 propterea
899 503 1067 548 malum
1083 503 1274 559 dicatur,
1294 505 1399 565 quia
1417 521 1505 551 nou

110 587 226 623 recte
246 577 453 639 diligitur.
475 579 517 625 Si
534 579 649 623 enim
671 577 902 622 ostendero
921 576 1056 621 amari
1079 575 1246 636 aliquid
1269 576 1401 631 male,
1428 578 1504 623 ubi

113 664 202 694 non
219 650 373 705 amati,
391 649 466 694 sed
484 649 667 695 amantis
687 648 817 709 culpa
840 657 1065 706 teneatur,
1089 646 1287 707 profecto
1304 646 1505 694 fateberis

107 721 322 781 cujusque
344 722 405 765 rei
428 721 616 781 speciem
633 735 724 765 non
740 735 831 765 esse
852 719 1064 765 continuo
1085 719 1301 775 vitiosam,
1322 720 1425 779 quia
1445 722 1505 765 vi·

108 792 216 836 tiose
232 792 279 835 in
299 806 394 836 eam
411 791 638 837 consensio
660 792 874 852 cupientis
897 790 1107 836 illabitur.
1133 791 1264 844 Quod
1285 799 1503 851 quantum

108 877 178 907 me
197 861 390 923 adjuvet,
416 872 515 923 post
537 863 779 923 apparebit.
803 863 888 908 Sed
911 872 959 907 ut
982 860 1208 908 ostendam
1231 863 1353 923 quod
1372 862 1504 922 polli-

106 933 216 977 citus
237 948 350 990 sum,
382 933 492 994 quid
520 934 665 994 potius
687 934 862 994 eligam,
888 948 990 978 cum
1012 948 1081 978 me
1103 948 1248 978 rerum
1271 934 1397 993 copia
1417 933 1504 978 cir-

105 1004 349 1050 cumfluat?
371 1005 489 1059 Quid
504 1041 515 1061 ,
553 1006 734 1065 inquam
748 1040 759 1061 ,
785 1006 930 1065 potius
952 1005 1109 1065 eligam
1123 1040 1134 1061 ,
1162 1019 1296 1066 quam
1319 1004 1363 1049 id
1385 1004 1505 1065 quod

106 1091 185 1120 nos
208 1085 256 1120 ut
276 1087 519 1121 creaturam
542 1076 773 1121 laudamus
793 1076 1015 1121 coelestem
1029 1111 1040 1132 ‚
1064 1092 1142 1121 vos
1163 1085 1311 1121 autem
1333 1085 1382 1121 ut
1403 1091 1505 1136 por-

106 1147 271 1194 tionem
292 1147 425 1208 ipsius
446 1148 663 1193 Creatoris
685 1147 898 1193 adoratis?
921 1148 1038 1202 Quid
1073 1149 1185 1192 enim
1207 1148 1321 1193 inter
1346 1156 1504 1193 cuncta

104 1219 288 1265 visibilia
319 1219 402 1265 isto
431 1218 521 1265 sole
544 1219 819 1279 praeclarius?
849 1223 908 1265 At
938 1220 974 1265 si
995 1220 1225 1280 quisquam
1247 1222 1344 1281 ejus
1360 1220 1504 1266 lucem

104 1289 431 1336 immoderatius
463 1290 765 1351 concupiscat,
801 1290 959 1336 infert¹
991 1291 1078 1335 suis
1107 1289 1242 1335 oculis
1269 1290 1384 1335 bella
1406 1292 1504 1350 jur-

104 1360 294 1420 giorum,
318 1361 353 1406 si
375 1360 567 1422 aliquam
583 1371 843 1421 potestatem
860 1370 1046 1406 nanctus
1064 1376 1151 1422 qua
1168 1361 1303 1420 possit
1319 1360 1504 1421 implere

103 1433 226 1492 quod
243 1433 426 1493 appetit,
446 1432 599 1477 domos
616 1447 769 1477 eorum
786 1433 1006 1493 oppositas
1022 1432 1110 1477 suis
1127 1430 1328 1477 fenestris
1346 1433 1506 1491 apertis

105 1504 322 1558 intuetur,
359 1504 597 1565 quominus
631 1503 696 1548 sol
725 1502 963 1564 penetralia
997 1505 1088 1564 ejus
1128 1502 1243 1549 coelo
1287 1504 1506 1563 apertiore

102 1573 355 1635 perfundat.
376 1575 602 1636 Numquid
620 1590 722 1634 ergo
743 1575 843 1620 solis
864 1585 927 1620 est
945 1575 1118 1631 vitium,
1142 1575 1244 1636 quia
1265 1573 1339 1619 ille
1356 1575 1504 1620 lucem

95 1651 227 1692 ,istam
249 1647 309 1692 sic
331 1646 502 1703 dilexit,
529 1656 579 1692 ut
601 1663 697 1692 eam
721 1647 808 1692 luci
824 1647 1007 1708 justitiae
1024 1662 1280 1708 praeponere
1303 1645 1501 1704 auderet,

100 1727 144 1763 et
168 1717 318 1763 volens
338 1717 490 1762 lumen
512 1718 743 1764 oculorum
777 1718 1019 1764 carnalium
1052 1716 1352 1763 abundantius
1386 1719 1504 1763 exci-

101 1804 204 1850 pere
232 1790 279 1834 in
310 1789 615 1835 habitaculum
648 1791 858 1850 corporis,
891 1791 1073 1851 januam
1108 1788 1250 1834 cordis
1288 1799 1333 1835 et
1365 1791 1502 1835 aciem

101 1862 260 1907 mentis
273 1871 426 1907 contra
439 1862 593 1907 lumen
609 1861 814 1907 claudere
831 1862 1072 1923 aequitatis?
1092 1861 1224 1906 Vides
1246 1876 1348 1920 ergo
1368 1863 1501 1906 amari

70 1954 72 1956 ’
100 1948 224 1994 posse
245 1949 339 1978 rem
360 1933 546 1989 bonam,
574 1949 720 1979 amore
742 1950 831 1980 non
849 1934 982 1979 bono.
1011 1936 1306 1994 Quapropter,
1328 1947 1430 1978 cum
1447 1941 1498 1977 tu

99 2002 265 2049 malum
287 2003 405 2049 dicas
426 2005 500 2050 cui
520 2006 837 2051 consentiendo
861 2005 1002 2049 anima
1031 2014 1207 2065 peccat,
1231 2019 1311 2064 ego
1331 2003 1502 2049 bonum

98 2073 198 2120 dico
224 2075 271 2119 in
303 2091 461 2135 genere
481 2091 585 2132 suo,
609 2076 686 2122 sed
708 2075 795 2121 tale
827 2077 994 2121 bonum
1017 2076 1088 2121 cui
1110 2076 1300 2120 animam
1322 2090 1413 2136 quo
1437 2083 1503 2119 est

97 2145 250 2192 melior
271 2148 516 2192 consentire
543 2164 634 2193 non
656 2149 823 2193 deceat.
851 2150 963 2193 Cum
993 2147 1107 2192 enim
1131 2147 1186 2192 sit
1207 2148 1299 2206 ipsa
1321 2160 1504 2206 corpore

96 2216 309 2276 superior,
336 2221 566 2281 Deumque
587 2219 748 2264 habeat
770 2235 814 2264 se
836 2219 1121 2280 superiorem,
1142 2219 1343 2278 quamvis
1362 2217 1407 2261 in
1427 2231 1505 2261 or-

96 2285 200 2330 dine
221 2304 300 2334 suo
322 2299 479 2335 natura
496 2291 689 2351 corporis
712 2290 828 2336 bona
850 2291 920 2346 sit,
941 2299 1094 2351 peccat
1110 2298 1260 2334 tamen
1275 2288 1438 2342 anima,
1458 2296 1503 2331 et

96 2356 316 2417 peccando
335 2357 386 2402 fit
407 2360 538 2412 mala,
556 2362 591 2401 si
604 2363 934 2406 consensionem
953 2361 1200 2406 dilectionis
1217 2373 1350 2421 quam
1366 2371 1500 2417 supe-

97 2427 200 2472 riori
218 2430 308 2472 Deo
325 2428 473 2482 debet,
494 2427 690 2473 inferiori
711 2429 884 2489 corpori
901 2429 1125 2489 adjungat.

156 2500 301 2543 XVII.
337 2498 466 2552 Quod
494 2498 528 2542 si
549 2498 672 2556 dicis,
701 2515 790 2547 non
815 2515 910 2546 eam
928 2514 1083 2545 vocare
1105 2508 1149 2544 te
1168 2499 1505 2545 consensionem

141 2585 153 2606 ¹
173 2584 281 2617 Forte
298 2583 401 2618 infert
418 2584 551 2618 vicinus.
