1803 3250
352 231 434 271 378
786 241 818 267 ε.
856 239 1084 268 *nonaum
1119 240 1298 268 zmscom

353 324 373 347 n
401 305 560 349 Dei1.»
587 304 691 348 Haec
725 312 870 348 autern
900 304 1101 348 severitas
1136 305 1228 364 ejus
1266 303 1591 350 damnabilibus
1622 306 1735 352 mala

349 384 434 430 est,
465 374 566 434 quia
602 373 765 418 malum
796 373 878 418 illis
912 374 1204 420 damnationis
1233 376 1455 435 importat.
1492 378 1601 420 Nam
1635 378 1736 435 quia

342 449 457 507 justa
479 454 569 499 est,
596 445 681 490 alio
709 446 841 490 modo
870 448 1081 506 reperitur
1104 448 1218 491 bona
1241 466 1249 491 ε
1275 461 1406 491 omne
1434 446 1549 490 enim
1568 447 1737 506 justum

351 518 530 562 bonum.
558 519 697 569 Quam
720 531 823 561 vero
847 516 1067 576 eleganter
1089 518 1168 561 sibi
1193 517 1366 562 videtur
1398 517 1477 560 iste
1501 517 1630 561 verba
1651 517 1739 561 dis·-

346 598 496 634 cutere
518 597 649 649 atque
671 587 936 642 discernere,
968 589 1162 633 nesciens
1190 589 1298 649 quid
1331 588 1566 648 loquatur?
1589 591 1739 641 Quan—

345 658 583 720 doquidem
606 659 689 703 hoc
709 659 849 718 ipsum
869 659 989 720 quod
1009 661 1066 703 ita
1080 660 1225 719 posuit
1244 661 1325 703 hoc
1350 658 1666 713 testimonium,
1688 668 1739 703 ut

346 746 435 775 non
457 730 689 784 diceretur,
715 729 876 774 faciens
900 731 1013 773 bona
1036 739 1078 773 et
1102 730 1236 787 mala;
1260 739 1358 783 aut,
1385 744 1534 773 creans
1559 734 1672 773 bona
1695 738 1738 774 et

345 801 486 860 mala3
511 810 612 855 aut,
647 816 796 845 creans
830 801 943 845 bona
966 809 1009 844 et
1038 799 1199 844 faciens
1230 799 1370 858 mala3
1394 799 1485 854 sed,
1520 819 1541 842 «
1559 800 1738 845 Faciens

349 893 368 915 »
396 874 511 918 bona
526 882 569 917 et
591 888 740 917 creans
760 862 870 916 mala
895 891 903 916 :
928 890 948 913 »
974 871 1069 916 vult
1087 881 1256 916 vertere
1272 873 1316 915 in
1335 872 1499 917 crimen
1519 893 1530 930 3
1553 882 1596 916 et
1612 888 1740 917 cona-

347 953 417 989 tur
439 942 683 996 ostendere,
701 942 822 1002 quod
837 943 901 994 fit,
923 941 1166 987 forinsecus
1183 943 1299 1001 fieri3
1323 943 1444 1003 quod
1464 952 1608 986 autem
1625 958 1740 987 crea-

346 1024 432 1069 tur,
460 1014 576 1074 apud
599 1014 741 1073 ipsum
765 1028 853 1057 esse
877 1023 1115 1058 creatorem
1132 1048 1143 1068 ,
1169 1022 1301 1073 atque
1333 1014 1436 1057 inde
1467 1012 1704 1071 procedere
1727 1033 1735 1057 :

344 1096 392 1131 ut
405 1085 606 1131 videlieet
628 1087 740 1129 Deus
756 1085 1071 1144 Prophetarum
1089 1094 1298 1144 tanquam
1317 1085 1510 1128 extranei
1526 1100 1549 1128 a
1567 1099 1610 1127 se
1631 1084 1732 1128 boni

344 1158 483 1202 factor
505 1156 740 1217 aliquando
757 1154 889 1200 fuisse
912 1154 1133 1213 videatur3
1158 1164 1326 1199 creator
1350 1163 1496 1198 autem
1519 1154 1623 1198 mali
1642 1163 1740 1198 tan-

344 1245 475 1291 quam
499 1239 653 1273 natura
684 1228 822 1273 malus
850 1227 905 1271 de
942 1242 985 1271 se
1013 1227 1106 1287 ipso
1143 1225 1367 1287 proferens
1398 1226 1520 1286 quod
1553 1227 1736 1271 creavit.

346 1304 454 1355 Quae
492 1301 624 1344 verba
658 1300 692 1344 si
714 1315 764 1343 ex
796 1297 1113 1343 consuetudine
1149 1296 1474 1342 consideremus
1507 1296 1741 1342 locutionis

347 1374 566 1426 humanae,
593 1382 634 1416 et
659 1372 750 1415 fieri
774 1380 817 1415 et
838 1370 988 1425 creari,
1008 1386 1096 1414 non
1119 1369 1260 1414 solum
1282 1369 1361 1412 filii
1382 1384 1491 1427 quos
1514 1368 1569 1412 de
1588 1378 1739 1413 semet-

346 1445 438 1504 ipso
466 1445 650 1504 quisque
686 1452 887 1502 generat,
914 1442 1199 1485 verumetiam
1226 1441 1502 1499 magistratus
1531 1439 1741 1484 dicuntur

346 1525 476 1576 atque
494 1515 638 1572 urbes,
664 1523 707 1558 et
728 1528 1022 1574 quaecumque
1045 1512 1127 1556 alia
1148 1527 1249 1572 quae
1274 1527 1362 1555 non
1385 1521 1548 1555 exeunt
1570 1510 1626 1555 de
1643 1511 1740 1570 gig-

344 1597 490 1641 nente,
517 1586 591 1630 sed
610 1585 848 1630 forinsecus
869 1586 995 1629 fiunt.
1024 1585 1067 1629 Si
1089 1593 1235 1628 autem
1259 1582 1483 1643 quomodo
1504 1582 1740 1642 Scripturas

345 1668 520 1713 sanetae,
548 1658 708 1718 quibus
729 1658 809 1702 iste
829 1656 1081 1710 insidiatur,
1112 1654 1235 1716 loqui
1262 1653 1455 1709 soleant,
1492 1663 1740 1714 perscrute-

347 1745 460 1785 mur,
482 1738 557 1773 aut
575 1729 660 1774 hoc
681 1738 743 1773 est
764 1727 904 1773 facere
920 1727 1041 1788 quod
1059 1742 1221 1781 creare,
1249 1742 1272 1770 a
1294 1741 1383 1787 quo
1412 1735 1560 1769 tamen
1585 1725 1740 1769 distin-

346 1801 491 1860 guitur
513 1801 712 1860 gignere3
737 1808 779 1843 et
800 1799 997 1844 variandi
1015 1798 1138 1842 verbi
1160 1813 1312 1851 eausa,
1342 1812 1431 1841 non
1461 1795 1516 1840 ad
1547 1795 1740 1856 aliquam

347 1888 488 1917 rerum
510 1871 803 1916 differentiam
823 1871 909 1915 dici
938 1871 1097 1930 potuit,
1129 1892 1144 1911 «-
1166 1870 1348 1913 Faciens
1379 1869 1494 1913 bona
1516 1877 1559 1912 et
1589 1883 1740 1912 creans

349 1963 369 1987 »
394 1944 532 2001 mala3
560 1962 579 1984 n
606 1959 707 1987 cum
730 1942 817 1987 dici
838 1942 967 1986 etiam
992 1950 1161 2000 posset,
1199 1955 1349 1984 creans
1379 1940 1494 1983 bona
1517 1948 1559 1982 et
1580 1937 1740 1983 faciens

346 2016 458 2060 mala
487 2035 496 2060 :
522 2024 598 2060 aut
617 2015 650 2059 si
673 2013 806 2059 ullam
827 2012 1033 2058 voluisset
1053 2013 1334 2072 propheticus
1355 2011 1538 2069 Spiritus
1556 2010 1626 2054 hic
1648 2025 1740 2054 esse

346 2086 595 2131 distantiam
617 2121 628 2139 ,
665 2085 805 2130 multo
831 2083 1200 2129 accommodatius
1232 2082 1292 2127 sie
1320 2082 1619 2141 acciperentur
1646 2081 1739 2126 haec

345 2159 494 2215 verba,
521 2167 570 2202 ut
592 2156 932 2216 intelligeremus
953 2155 996 2200 id
1019 2155 1113 2200 fieri
1129 2190 1139 2209 ,
1160 2153 1280 2215 quod
1300 2154 1334 2198 si
1358 2169 1445 2198 non
1472 2153 1616 2208 fieret,
1642 2168 1739 2197 om-

349 2231 454 2275 nino
479 2246 566 2274 non
589 2239 722 2287 esset3
746 2229 881 2273 creari
903 2237 1066 2282 autem,
1092 2242 1142 2270 ex
1164 2242 1215 2270 eo
1243 2225 1365 2286 quod
1389 2234 1482 2268 erat
1509 2225 1640 2269 condi
1660 2223 1740 2269 ali-

347 2301 456 2362 quid
477 2300 547 2345 vel
564 2301 792 2355 constitui,
828 2299 939 2343 sicut
957 2297 1142 2342 diximus
1158 2298 1294 2342 creari
1313 2296 1589 2355 magistratus
1607 2304 1739 2356 atque

348 2374 477 2417 urbes
499 2391 508 2418 ε
535 2388 635 2417 nam
665 2381 708 2416 et
740 2371 801 2416 illi
828 2386 879 2415 ex
909 2371 958 2414 iis
985 2370 1062 2430 qui
1089 2371 1178 2430 jam
1207 2369 1405 2413 homines
1427 2376 1551 2411 erant
1572 2367 1740 2412 consti-

347 2444 533 2489 tuuritur
573 2444 619 2488 in
658 2442 898 2488 honoribus
913 2477 924 2497 ,
968 2456 1070 2485 eum
1107 2441 1380 2499 magistratus
1422 2448 1657 2497 creantur3
1696 2448 1739 2483 et

347 2515 462 2575 ligna
485 2523 528 2559 et
547 2513 713 2575 lapides
738 2513 899 2575 quibus
920 2520 1237 2557 construuntur
1271 2511 1401 2555 urbes
1421 2545 1433 2566 ,
1466 2510 1621 2571 utique
1647 2510 1735 2570 jam

397 2608 404 2625 ¹
431 2602 523 2634 Rom.
543 2610 589 2641 xi,
607 2608 661 2632 22.
