1803 3250
320 194 402 231 260
760 203 792 227 s.
830 200 1059 229 AUGUSTINI
1093 201 1271 229 museom

318 284 407 312 ωδε
433 267 608 326 possint.
648 269 733 310 Nec
762 282 906 311 rursus
930 267 1199 312 moderatum
1231 274 1403 325 oportet
1424 265 1507 310 dici
1534 270 1669 312 Deum
1687 302 1696 311 .

319 350 523 396 tanquam
547 337 600 380 ab
623 336 768 396 aliquo
792 339 970 382 modum
1002 338 1229 397 acceperit.
1265 337 1307 381 Si
1339 346 1483 381 autem
1506 337 1701 383 dicamus

316 424 414 454 eum
437 423 659 453 summum
680 409 858 453 modurn
876 446 886 464 ‚
915 409 1025 455 sorte
1054 408 1221 469 aliquid
1250 408 1464 467 dicimus3
1499 408 1533 453 si
1556 419 1701 454 tamen

316 481 359 524 iu
384 495 434 524 eo
455 479 574 539 quod
598 478 780 523 dicimus
804 496 1022 526 summum
1047 481 1225 525 modum
1241 515 1251 534 ‚
1277 479 1570 538 intelligamus
1584 495 1703 524 sum-

315 566 437 596 mum
460 551 639 595 bonum.
661 552 811 595 Omnis
834 552 947 596 enim
972 552 1126 596 modus
1146 551 1190 595 in
1208 559 1423 610 quantum
1447 549 1602 594 modus
1619 560 1701 607 est,

314 623 455 667 bonus
483 631 545 666 cst
572 638 580 662 :
607 621 722 665 unde
744 622 889 666 omnia
920 623 1165 677 moderata,
1187 622 1404 676 modesta,
1432 620 1700 678 modificata,

314 693 399 738 dici
420 694 511 737 sine
532 693 660 737 laude
692 708 777 738 non
809 703 1017 753 possunt3
1057 709 1313 753 quanquam
1349 693 1430 737 sub
1461 693 1544 738 alio
1573 694 1705 739 inlel—

311 765 429 810 lectu
451 765 630 809 modum
655 781 731 822 pro
756 766 839 808 [inc
863 780 1090 823 ponamus,
1111 773 1155 808 et
1177 763 1348 808 nullum
1374 764 1554 810 modum
1579 765 1704 811 dica-

315 853 434 889 mus,
464 837 536 879 ubi
567 835 712 878 nullus
742 845 804 879 est
830 836 924 879 linis
959 855 968 880 :
1005 834 1125 895 quod
1159 834 1394 896 aliquando
1432 852 1533 881 curn
1574 836 1704 883 laude

315 907 490 960 dicitur,
517 907 628 949 sicut
650 906 814 949 (lictum
840 915 903 950 cst
929 925 937 950 :
965 925 984 947 «
1006 908 1062 950 Et
1085 906 1206 965 regni
1224 907 1315 966 ejus
1331 922 1420 951 non
1435 908 1516 951 erit
1533 908 1701 953 finis².»

318 981 462 1021 Posset
484 977 598 1020 enim
623 976 707 1019 dici
730 977 858 1020 etiam
881 997 889 1021 :
915 979 1012 1023 Non
1033 977 1115 1022 erit
1144 978 1321 1033 modus,
1362 986 1412 1022 ut
1441 977 1597 1023 modus
1626 995 1706 1039 pro

314 1048 398 1092 line
423 1047 563 1091 dictus
588 1047 900 1105 intelligeretur
921 1067 930 1093 :
956 1063 1058 1093 nam
1085 1048 1163 1108 qui
1189 1047 1315 1093 nullo
1353 1048 1484 1093 modo
1521 1059 1701 1108 regnat,

312 1134 402 1163 non
426 1118 578 1178 utique
601 1127 768 1176 regnat.

374 1193 540 1235 xxm.
577 1190 717 1234 Malus
740 1205 842 1249 ergo
867 1190 1037 1246 modus,
1054 1189 1126 1236 vel
1145 1189 1257 1235 mala
1280 1191 1458 1250 species,
1480 1190 1548 1235 vel
1566 1190 1705 1238 malus

312 1262 436 1315 ordo,
463 1270 538 1305 aut
557 1262 655 1305 ideo
677 1261 900 1316 dicuntur,
927 1261 1029 1321 quia
1046 1261 1214 1306 minora
1235 1271 1338 1305 sunt
1359 1277 1490 1322 quam
1514 1277 1603 1306 esse
1626 1263 1704 1306 de-

315 1335 521 1388 buerunt,
549 1342 624 1377 aut
651 1333 753 1392 quia
777 1349 864 1377 non
888 1333 953 1377 his
978 1333 1106 1378 rebus
1129 1332 1518 1377 accommodantur
1542 1334 1704 1394 quibu5

311 1404 681 1448 accommodanda
715 1414 841 1461 sunt3
878 1414 925 1447 ut
947 1403 1047 1448 ideo
1073 1403 1278 1448 dicantur
1308 1402 1447 1458 mala,
1474 1405 1577 1463 quia
1602 1414 1706 1450 sunt

312 1476 451 1519 aliena
473 1485 516 1518 et
537 1476 777 1533 incongrua
799 1490 806 1515 :
835 1485 1044 1534 tanquam
1066 1473 1101 1517 si
1118 1473 1288 1518 dicatur
1306 1473 1459 1534 aliquis
1482 1490 1572 1519 non
1588 1476 1705 1520 bono

314 1548 444 1591 modo
467 1547 624 1604 cgisse‚
652 1546 753 1606 quia
777 1545 919 1589 minus
942 1545 1030 1604 egit
1051 1559 1185 1605 quam
1217 1544 1393 1600 debuit,
1425 1555 1502 1590 aut
1522 1547 1624 1607 quia
1645 1547 1706 1592 ita

312 1618 401 1676 egit
423 1617 534 1663 sicut
558 1618 601 1660 in
625 1632 668 1660 re
693 1615 766 1661 tali
794 1632 881 1660 non
905 1615 1084 1671 debuit,
1114 1615 1184 1660 vel
1204 1615 1389 1675 amplius
1412 1632 1545 1677 quam
1572 1633 1705 1677 opor-

317 1690 456 1744 lebat,
488 1688 552 1733 vel
579 1704 667 1733 non
691 1689 1028 1733 convenienter:
1056 1697 1106 1731 ut
1137 1687 1219 1732 hoc
1247 1688 1386 1747 ipsum
1412 1688 1533 1748 quod
1556 1704 1704 1749 repre-

317 1761 540 1815 lienditur,
564 1760 679 1804 malo
705 1759 834 1804 modo
857 1768 1030 1814 actum,
1063 1773 1152 1803 non
1182 1759 1240 1803 ol)
1269 1758 1389 1803 aliud
1416 1760 1533 1819 juste
1556 1775 1706 1820 repre-

317 1831 561 1886 hendatur,
601 1832 680 1875 nisi
708 1830 809 1891 quia
843 1846 931 1873 nou
969 1839 1033 1873 est
1064 1829 1124 1872 ibi
1157 1840 1349 1874 servatus
1387 1829 1559 1876 modus.
1596 1834 1707 1876 Item

317 1904 479 1963 species
497 1902 609 1946 mala
626 1902 692 1947 vel
710 1903 755 1945 in
769 1900 1094 1959 comparatione
1115 1900 1275 1944 dicitur
1295 1899 1562 1946 formosioris
1577 1912 1710 1962 atque

318 1974 594 2035 pilclnioris,
620 1973 740 2034 quod
763 1973 840 2016 ista
862 1972 915 2014 sit
939 1971 1079 2016 minor
1107 1971 1292 2030 species,
1327 1970 1400 2016 illa
1433 1974 1586 2032 major,
1619 1989 1711 2018 non

319 2046 434 2090 mole
449 2080 460 2100 ‚
485 2044 558 2088 sed
583 2044 762 2101 decore3
784 2052 858 2086 aut
877 2042 976 2101 quid
1002 2057 1089 2085 non
1111 2043 1314 2100 congruit
1335 2043 1437 2087 huic
1461 2043 1522 2086 rei
1545 2044 1616 2088 cui
1633 2043 1712 2089 ad—

319 2117 458 2161 lubita
480 2126 543 2160 est
557 2151 568 2171 ,
595 2126 642 2159 ut
658 2115 795 2159 aliena
815 2125 857 2157 et
876 2113 1184 2157 inconveniens
1201 2112 1399 2158 videatur
1421 2133 1429 2158 2
1453 2124 1661 2175 tanquam
1675 2116 1710 2161 si

318 2188 466 2233 nudus
488 2188 621 2231 homo
648 2187 693 2230 in
725 2185 822 2230 foro
844 2183 1124 2239 deambulet,
1149 2183 1270 2244 quod
1291 2200 1381 2229 non
1403 2185 1590 2231 offendit
1611 2187 1645 2230 si
1665 2187 1712 2231 in

322 2259 480 2303 balneo
513 2258 728 2302 videatur.
768 2256 972 2301 Similiter
1005 2264 1048 2299 et
1080 2256 1188 2300 ordo
1217 2265 1321 2300 tunc
1349 2256 1488 2300 malus
1520 2257 1679 2302 dicitur
1698 2293 1710 2314 ‚

323 2347 423 2374 cum
454 2330 596 2373 minus
625 2330 714 2388 ipse
744 2327 851 2372 ordo
882 2337 1075 2370 servatur
1102 2345 1110 2370 :
1143 2326 1260 2371 unde
1291 2343 1379 2371 non
1401 2328 1461 2371 ibi
1480 2328 1612 2384 ordo,
1637 2329 1713 2374 sed

325 2403 467 2461 polius
490 2400 751 2445 inordinatio
776 2399 886 2442 mala
908 2407 992 2451 est,
1018 2413 1118 2442 cum
1137 2398 1368 2443 autminus
1384 2399 1635 2444 ordinatum
1649 2411 1713 2445 est

283 2490 456 2545 ’quam
492 2472 668 2526 debuit,
711 2479 785 2514 aut
814 2485 900 2514 nou
923 2471 1034 2514 sicut
1056 2469 1222 2514 debuit.
1257 2472 1420 2514 Tamen
1451 2472 1526 2515 ubi
1559 2472 1714 2531 aliquis

332 2552 336 2554 ’
376 2567 380 2581 ¹
402 2561 479 2590 Luc.
502 2570 523 2598 ι,
544 2558 595 2589 33.
