1803 3250
321 283 484 312 CONTRA
516 281 820 312 AnvEnsAan
854 284 989 321 LEGIS,
1026 286 1107 311 Lm.
1145 285 1192 310 11.
1374 271 1458 311 405

75 351 255 396 Istis-ne
284 349 472 395 molibus
494 350 843 394 testimoniorum
881 365 967 394 non
1004 350 1203 394 atteritur
1233 348 1460 409 impudens

73 422 269 466 vanitas?
291 423 394 475 Quis
418 422 537 466 hunc
559 420 703 476 audit,
729 419 809 464 nisi
831 420 905 479 qui
926 421 1167 480 Scripturas
1182 429 1348 465 sanctas
1366 436 1458 466 non

73 493 220 549 audit,
253 503 329 538 aut
350 502 437 538 tam
469 491 581 537 male
613 491 736 537 audit
764 506 896 551 quam
927 492 972 536 in
1004 507 1073 537 eas
1107 493 1185 537 iste
1221 507 1360 537 caecus
1388 494 1459 537 in-

73 564 208 611 currit
225 566 243 609 Ρ

133 637 274 680 XVII.
303 636 388 680 Sed
410 634 469 678 ait
490 633 545 678 de
567 634 626 678 eis
649 634 858 679 Dominus
874 669 884 689 ,
909 635 1055 694 inquit
1077 654 1085 679 ι
1111 653 1130 677 α
1150 638 1352 679 Parentes
1365 650 1462 679 ves-

74 725 94 749 »
122 707 176 751 tri
196 721 355 750 manna
374 704 771 758 manducaverunt,
806 713 849 748 et
876 704 1038 749 mortui
1069 707 1192 749 sunt1
1218 724 1225 749 ε
1251 723 1270 746 »
1298 705 1457 751 decens

72 778 290 823 neminem
312 778 505 837 ipsorum
527 777 582 822 ad
602 777 838 822 Dominum
859 777 1131 837 pertinuisse,
1158 777 1317 836 quibus
1342 793 1457 822 mors

72 849 296 894 dominata
318 858 396 893 est.
420 849 645 893 Neminem
667 847 812 908 plane,
835 848 909 892 sed
928 857 1158 908 parentum
1177 847 1349 892 illorum
1367 850 1463 909 qui-

71 921 153 964 bus
184 919 286 964 talia
317 919 581 980 loquebatur
606 938 614 963 :
640 928 838 978 parentes
869 920 1031 979 quippe
1060 919 1329 975 infidelium,
1355 936 1464 979 quos

74 990 155 1035 nisi
173 989 370 1034 infideles
392 989 568 1034 volebat
585 989 795 1048 intelligi?
821 990 945 1035 Unde
970 990 1053 1035 alio
1074 990 1169 1034 loco
1192 990 1325 1035 dicit:
1350 1009 1369 1031 «
1390 993 1465 1034 Vae

76 1080 95 1103 »
122 1062 262 1117 vobis,
279 1061 439 1106 Scribae
455 1070 496 1105 et
514 1061 982 1120 Pharisaeihypocritae,
994 1061 1068 1122 qui
1081 1061 1302 1105 aedificatis
1320 1061 1463 1120 sepul-

79 1151 100 1175 »
127 1149 197 1177 cra
222 1133 554 1192 Prophetarum,
580 1142 622 1176 et
650 1133 812 1177 ornatis
834 1142 1116 1177 monumenta
1137 1134 1356 1194 justorum
1378 1168 1388 1187 ,
1422 1142 1464 1176 et

74 1222 94 1246 »
119 1202 260 1248 dicitis
283 1222 291 1248 ε
319 1203 361 1247 Si
382 1201 612 1246 fuissemus
635 1203 680 1246 in
700 1202 853 1247 diebus
875 1212 1050 1262 patrum
1072 1212 1342 1257 nostrorum,
1369 1218 1456 1247 non

76 1295 94 1317 »
120 1289 309 1319 essemus
331 1274 434 1318 socii
462 1288 614 1318 eorum
636 1273 680 1317 in
703 1274 911 1332 sanguine
945 1275 1277 1333 Prophetarum.
1312 1277 1464 1334 Itaque

74 1365 94 1388 »
115 1346 214 1390 estis
235 1345 484 1390 testimonio
507 1344 822 1404 vobismetipsis
841 1380 851 1400 ,
877 1345 984 1405 quid
1002 1345 1076 1389 filii
1093 1345 1192 1389 estis
1215 1360 1365 1389 eorum
1389 1346 1463 1405 qui

73 1436 94 1460 »
116 1418 355 1477 Prophetas
368 1415 685 1461 occiderunt‘ss.»
700 1415 831 1461 Filios
847 1417 996 1477 utique
1007 1416 1361 1460 dixitimitatione
1370 1432 1464 1460 sce-

72 1488 197 1543 leris,
223 1503 312 1533 non
335 1488 573 1547 propagine
597 1487 778 1546 generis.
807 1489 904 1532 Non
929 1488 1044 1531 enim
1069 1487 1190 1548 quod
1217 1502 1267 1530 ex
1291 1485 1373 1531 illis
1391 1502 1460 1531 se-

69 1557 265 1604 cundum
286 1572 461 1602 carnem
484 1557 575 1602 nati
601 1566 746 1612 erant,
780 1559 863 1604 hoc
881 1560 940 1602 eis
958 1573 1048 1602 esse
1066 1566 1236 1618 poterat
1253 1558 1423 1602 crimini
1444 1579 1455 1615 3

69 1631 144 1676 sed
176 1629 297 1691 quod
327 1630 385 1674 eis
407 1646 449 1674 se
471 1629 628 1674 similes
658 1629 825 1674 infideli
847 1630 1103 1676 crudelitate
1136 1630 1452 1675 monstrabant.

69 1702 263 1762 Ideoque
286 1702 527 1757 connectit,
554 1718 602 1746 ac
631 1701 764 1746 dicit:
793 1721 813 1744 α
829 1705 885 1747 Et
912 1718 987 1747 vos
1013 1702 1190 1762 implete
1209 1717 1455 1746 mensuram

71 1792 93 1816 »
117 1783 291 1834 patrum
330 1782 587 1819 vestrorum.
632 1776 860 1834 Serpentes
874 1809 885 1829 ,
927 1774 1144 1833 genimina
1179 1774 1424 1832 viperarum
1447 1808 1458 1828 ,

71 1865 92 1888 η
119 1844 343 1906 quomodo
382 1843 554 1903 fugietis
589 1860 611 1888 a
636 1844 804 1904 judicio
841 1846 1083 1904 gehennae?
1114 1844 1218 1889 Ideo
1249 1860 1349 1889 ecce
1379 1859 1458 1902 ego

73 1936 93 1959 n
119 1917 245 1960 mitto
263 1914 317 1960 ad
334 1931 410 1960 vos
433 1915 671 1974 Prophetas
695 1925 738 1960 et
761 1916 974 1975 sapientes
997 1924 1039 1959 et
1057 1916 1233 1970 scribas,
1255 1924 1297 1959 et
1312 1931 1362 1959 ex
1375 1915 1458 1960 illis

73 2005 93 2030 »
119 1986 322 2032 occidetis
344 1995 388 2031 et
404 1986 686 2045 crucifigetis,
708 1996 751 2030 et
779 2003 830 2030 ex
856 1985 939 2030 illis
962 1986 1234 2045 flagellabitis
1252 1988 1297 2030 in
1320 1988 1458 2043 Syna-

72 2076 92 2101 »
119 2058 238 2118 gogis
260 2058 411 2103 vestris
426 2092 437 2113 ,
458 2066 501 2102 et
528 2057 838 2118 persequimini
860 2057 915 2102 de
938 2057 1111 2103 civitate
1139 2059 1181 2102 in
1210 2058 1428 2102 civitatem
1448 2076 1457 2103 ε

71 2147 92 2171 ν)
112 2139 164 2174 ut
180 2129 324 2174 veniat
345 2144 474 2189 super
491 2144 566 2173 vos
588 2130 728 2174 omnis
745 2129 918 2188 sanguis
931 2130 1088 2189 justus,
1109 2130 1185 2189 qui
1207 2129 1371 2173 effusus
1393 2139 1458 2174 est

72 2218 93 2242 »
118 2215 248 2260 super
262 2209 443 2255 terram,
470 2215 493 2244 a
511 2201 720 2259 sanguine
736 2199 847 2245 Abel
858 2201 963 2259 justi
976 2215 1115 2260 usque
1129 2199 1184 2244 ad
1202 2200 1456 2258 sanguinem

72 2290 92 2313 »
121 2271 339 2315 Zachariae
357 2271 434 2315 filii
456 2270 691 2327 Barachiae,
717 2286 847 2332 quem
867 2270 1079 2316 occidistis
1106 2271 1219 2315 inter
1242 2271 1456 2331 templum

74 2359 95 2383 η
122 2351 165 2386 et
189 2340 338 2385 altare.
373 2344 514 2385 Amen
539 2341 637 2386 dico
665 2341 786 2386 vobis
803 2377 815 2397 ,
839 2341 1016 2386 venient
1043 2342 1137 2386 haec
1165 2341 1310 2386 omnia
1329 2356 1459 2400 super

73 2430 94 2454 »
121 2412 447 2471 generationem
462 2412 631 2456 istam-⁹³.
647 2431 666 2454 »
687 2415 851 2472 Nempe
866 2421 1056 2468 constat,
1082 2428 1240 2472 nempe
1256 2411 1460 2456 manifes-

70 2492 165 2528 tum
198 2492 284 2529 est.
314 2483 525 2527 imitando
557 2499 647 2528 esse
682 2484 786 2529 istos
820 2483 931 2529 filios
960 2483 1203 2539 malorum,
1242 2500 1266 2528 a
1297 2483 1457 2544 quibus

72 2556 303 2616 Prophetae
320 2556 456 2600 sancti
473 2564 516 2600 et
528 2557 655 2616 justi,
676 2557 731 2601 ab
746 2557 840 2616 ipso
859 2555 969 2600 Abel
986 2570 1117 2615 quem
1133 2553 1264 2600 frater
1278 2554 1452 2609 occidit,

121 2647 130 2665 ¹
150 2642 242 2674 Joan.
259 2651 296 2683 n,
318 2640 372 2674 31.
390 2656 430 2664 —-
445 2646 458 2664 ²
479 2640 600 2674 Matth.
620 2651 712 2679 xxiii,
737 2641 858 2683 29-31.
876 2657 916 2664 —
932 2637 1046 2672 ³1hid.
1072 2639 1188 2674 31-36.
