1803 3250
323 289 402 325 502
761 296 793 322 ε.
832 292 1063 321 Aucus-nm
1097 290 1275 319 zmscom

322 382 340 402 n
368 361 445 404 nisi
468 373 579 403 unus
603 360 737 402 Deus²
767 377 776 402 ι
805 376 824 398 »
849 356 1026 416 quando
1056 370 1158 400 eum
1192 352 1427 414 appellavit
1453 352 1707 412 magistrum

320 433 539 484 bonnm&
565 430 640 488 qui
663 443 762 472 eum
785 426 981 472 nondum
1006 424 1279 483 intelligebat
1299 426 1438 468 Deum
1466 442 1476 468 z
1501 431 1709 482 tanquam

317 503 503 546 diceret:
523 501 564 543 Si
587 515 713 544 vocas
737 499 920 553 bonum,
941 498 1135 555 intellige
1153 500 1319 553 Deum3
1344 510 1472 539 nemo
1495 493 1612 538 enim
1629 493 1709 537 ho-

317 588 398 618 nus
422 572 502 615 nisi
516 585 628 615 unus
644 573 774 614 Deus.
802 569 986 614 Trinitas
1000 583 1102 627 ergo
1125 582 1241 612 unus
1268 570 1378 610 Deus
1392 565 1508 610 solus
1526 578 1709 622 magnus

316 653 360 688 et
382 644 522 686 bonus
536 676 548 695 ‚
570 640 639 685 cui
663 641 739 684 uni
756 649 800 685 et
820 639 914 693 soli,
942 640 1054 683 sicut
1075 637 1271 698 praecipit
1292 637 1361 681 lex
1383 636 1491 695 ejus,
1516 633 1588 679 illa
1609 649 1710 694 quae

314 713 443 758 latria
463 711 623 756 dicitur
639 712 846 756 servitute
863 710 1086 753 servimus.

377 785 582 828 XXXIV.
618 783 745 827 Absit
767 791 913 825 autem
932 789 982 824 ut
1006 778 1205 823 dicamus
1226 795 1235 822 :
1264 795 1285 819 «
1302 775 1598 832 Humilitatis,
1622 790 1714 821 non

312 855 504 899 veritatis
538 853 673 911 gratia
706 850 860 895 Filium
895 849 1132 910 aliquando
1163 849 1222 892 sic
1254 847 1406 907 loqui,
1441 856 1492 891 ut
1526 861 1570 891 se
1595 847 1712 891 Patri

312 924 514 984 subjiciat
529 937 721 983 eumque
736 923 943 981 majorem
960 935 1052 965 esse
1064 928 1264 964 testetur.
1281 937 1302 960 »
1322 919 1531 965 Novimus
1548 918 1713 978 quippe

314 998 359 1040 in
382 995 491 1040 Filio
514 995 704 1040 formam
728 995 854 1048 servi,
883 1008 973 1038 non
996 993 1143 1037 fictam
1165 990 1523 1050 simulatamque,
1543 989 1620 1034 sed
1638 1003 1714 1034 ve-

324 1082 415 1111 ram
439 1086 447 1111 :
475 1075 654 1125 propter
675 1079 808 1124 quern
831 1063 994 1109 scilicet
1016 1064 1261 1107 humanum
1283 1061 1501 1116 habitum,
1518 1069 1561 1105 et
1582 1074 1718 1119 prop-

316 1147 381 1182 tcr
396 1136 515 1197 quod
532 1136 622 1195 ipsc
644 1134 699 1179 (le
712 1138 860 1191 Patre,
876 1149 966 1179 non
984 1136 1111 1177 Pater
1125 1133 1180 1176 de
1196 1132 1272 1176 illo
1290 1135 1405 1176 Deus
1423 1139 1503 1186 est,
1521 1129 1626 1175 dicit
1642 1129 1716 1174 illa

316 1209 477 1262 omnia,
496 1206 551 1250 de
566 1205 726 1266 quibus
743 1205 812 1250 isti
827 1205 1098 1250 occasionem
1119 1203 1356 1262 accipiunt,
1374 1202 1565 1247 diversas
1579 1200 1716 1245 Patris

318 1287 362 1323 et
384 1278 484 1322 Filii
499 1277 677 1322 credere
690 1292 738 1321 ac
762 1275 998 1336 praedicare
1019 1283 1211 1319 naturas.
1235 1275 1293 1317 Et
1313 1287 1415 1317 cum
1434 1286 1479 1316 se
1496 1279 1616 1316 tanta
1636 1271 1717 1314 ista

321 1350 531 1408 voragine
551 1348 787 1407 impietatis
815 1348 1073 1404 immergant
1090 1380 1105 1400 ,
1135 1359 1214 1389 nos
1235 1353 1447 1401 tanquam
1480 1340 1717 1402 opprobrio

318 1422 420 1466 novi
439 1420 627 1465 nominis
642 1418 958 1463 Homousianos
973 1424 1146 1461 vocant.
1175 1418 1241 1458 Ita
1259 1413 1375 1457 enim
1399 1427 1487 1457 sese
1504 1413 1636 1457 habet
1652 1428 1719 1457 ca-

322 1491 498 1535 tholicae
530 1490 725 1533 veritatis
749 1488 1007 1548 antiquitas,
1033 1498 1082 1531 ut
1101 1486 1140 1530 ei
1170 1500 1320 1530 omnes
1339 1485 1532 1529 haeretici
1553 1483 1719 1529 diversa

322 1562 499 1606 nomina
523 1561 768 1619 imponant,
794 1574 896 1603 cum
917 1559 998 1618 ipsi
1021 1573 1097 1602 sua
1118 1556 1291 1617 singula
1309 1557 1422 1601 sicut
1440 1556 1494 1600 ab
1518 1555 1721 1600 omnibus

322 1632 600 1691 appellantur
620 1630 865 1675 obtineant.
890 1630 1039 1673 Ariani
1057 1629 1221 1689 quippe
1243 1637 1287 1672 et
1315 1627 1606 1683 Eunomiani‚
1631 1641 1721 1671 non

324 1704 393 1748 alii
418 1703 610 1747 haeretici
626 1738 636 1757 ,
662 1717 741 1746 nos
763 1702 959 1747 vocitant
978 1700 1320 1755 Homousianos,
1346 1699 1450 1760 quia
1471 1707 1625 1744 contra
1646 1713 1722 1743 eo·-

319 1789 418 1818 rum
441 1789 653 1827 errorem,
680 1788 822 1832 graeco
848 1771 1063 1817 vocabulo
1086 1779 1226 1824 &passm
1247 1769 1526 1815 defendimus
1550 1773 1722 1814 Patrem

323 1854 367 1889 et
385 1844 546 1888 Filium
563 1853 605 1888 et
630 1844 840 1903 Spiritum
860 1851 1077 1896 sanctum,
1104 1842 1150 1886 id
1172 1850 1258 1897 est,
1282 1841 1412 1885 unius
1433 1840 1720 1900 ejusdemque

326 1915 577 1970 subsantiae,
603 1914 695 1968 vel,
716 1923 766 1958 ut
785 1914 1026 1973 expressius
1045 1912 1232 1967 dicatur,
1262 1912 1474 1966 essentiae,
1510 1925 1610 1971 quae
1634 1918 1723 1951 οὐσία

329 2002 467 2046 graece
482 1985 727 2045 appellatur
747 2004 755 2030 :
772 1983 892 2044 quod
915 1984 1087 2043 planius
1107 1983 1282 2038 dicitur,
1298 1983 1429 2026 unius
1441 1981 1724 2041 ejusdemque

329 2066 511 2100 naturas.
553 2058 609 2099 Et
631 2065 777 2099 tamen
810 2055 844 2098 si
874 2055 951 2114 qui
977 2055 1158 2098 istorum
1182 2053 1257 2113 qui
1290 2068 1368 2097 nos
1404 2052 1723 2098 Homousianos

329 2136 503 2181 vocant,
528 2125 668 2169 fllium
685 2140 813 2169 suum
836 2141 926 2169 non
948 2126 1072 2185 cujus
1093 2127 1183 2184 ipse
1201 2133 1332 2179 esset,
1354 2124 1429 2167 sed
1450 2123 1632 2168 diversae
1653 2122 1723 2167 di-

331 2207 446 2243 ceret
465 2213 553 2241 esse
575 2207 765 2251 naturae,
792 2195 1055 2240 exhaeredari
1073 2211 1116 2239 se
1138 2196 1194 2239 ab
1213 2211 1264 2240 eo
1287 2194 1437 2240 mallet
1459 2194 1572 2240 filius
1590 2211 1723 2255 quam

331 2269 413 2312 hoc
445 2268 601 2326 putari.
638 2270 812 2320 Quanta
846 2267 995 2326 itaque
1023 2266 1249 2325 impietate
1272 2267 1341 2310 isti
1363 2275 1584 2310 caecantur
1606 2301 1617 2322 ‚
1643 2267 1720 2326 qui

331 2354 430 2383 cum
459 2339 751 2382 confiteantur
766 2337 1043 2395 unigenitum
1064 2337 1139 2380 Dei
1158 2336 1335 2392 Filium,
1357 2335 1514 2381 nolunt
1530 2337 1722 2396 ejusdem

333 2420 500 2453 naturse
524 2410 647 2467 cujus
673 2412 797 2452 Pater
815 2419 877 2454 est
895 2408 1114 2461 confiteri,
1140 2407 1217 2451 sed
1237 2407 1416 2452 diversae
1434 2416 1565 2467 atque
1586 2409 1724 2467 impa-

333 2481 388 2524 ris
409 2489 450 2522 (τι
476 2479 620 2523 multis
644 2478 784 2524 modis
805 2479 1021 2538 rebusque
1044 2478 1288 2535 dissimilis,
1324 2488 1535 2538 tanquam
1560 2494 1651 2524 non
1667 2479 1724 2522 de

335 2554 423 2595 Deo
444 2560 584 2606 natus,
607 2550 681 2595 sed
704 2550 757 2595 ab
779 2548 855 2594 illo
883 2549 937 2594 de
968 2549 1106 2594 nihilo
1124 2551 1177 2595 sit
1196 2559 1389 2608 creatus3
1413 2565 1461 2594 ac
1479 2565 1556 2608 per
1576 2551 1660 2594 hoc
1681 2558 1724 2593 et

388 2644 391 2655 ¹
422 2638 519 2666 llam⁴
543 2649 574 2672 κ’,
600 2635 648 2667 18,
682 2653 709 2657 --
729 2642 740 2657 ²
757 2637 830 2667 Luc.
854 2646 952 2670 xviii,
977 2646 1025 2676 ις).
