1803 3250
342 254 505 284 CONTRA
538 254 840 285 AnvznsARmM
872 257 1008 295 mers,
1043 258 1125 285 Lm.
1161 259 1191 284 1.
1376 247 1459 287 363

79 336 159 382 pro
181 319 318 376 malo,
354 321 555 379 alligatur
582 323 714 367 horno
736 321 920 365 amarius
948 331 990 366 et
1018 321 1233 367 infelicius
1256 323 1462 368 Ecclesiae

78 391 293 447 clavibus,
321 408 453 451 quam
475 392 742 452 quibuslibet
764 391 1020 448 gravissimis
1043 402 1085 436 et
1108 392 1344 438 durissimis
1372 393 1462 439 fer-

77 465 158 509 reis
179 464 249 508 vel
272 464 557 509 adamantinis
578 464 773 508 nexibus,
797 464 936 517 Absit,
958 464 1115 524 inquit,
1135 474 1184 508 ut
1204 466 1286 509 hoc
1302 465 1459 522 dicam,

75 535 283 596 quoniam
302 537 560 580 christianus
579 551 690 579 sum.
715 537 807 579 Hoc
829 535 862 578 si
885 550 985 578 vere
1006 544 1130 590 esset,
1154 551 1233 580 nec
1248 535 1320 580 illa
1334 538 1463 581 dixis-

74 617 152 652 set.
175 607 390 660 Quoniam
417 610 528 651 Deus
552 607 866 665 Prophetarum
883 621 1068 665 quorum
1086 607 1242 666 scripta
1260 607 1462 668 blasphe-

73 687 164 722 mat
178 712 190 733 ,
209 678 301 737 ipse
322 687 385 722 est
402 680 516 722 Deus
533 676 842 738 Apostolorum
865 692 1056 737 quorum
1078 678 1237 738 scripta
1255 678 1461 739 blasphe-

74 764 193 794 mare
211 748 432 793 formidat.

130 821 358 863 XXXVII.
384 838 404 861 «
423 820 505 864 Sed
525 817 678 873 David,
699 819 858 879 inquit,
879 820 1017 864 Deum
1034 819 1220 878 rogavit,
1238 828 1282 864 et
1297 835 1387 865 non
1401 830 1464 866 est

71 890 326 945 exauditus,
354 891 436 934 nisi
457 889 605 934 oblato
627 890 863 945 sacrificio,
898 899 946 936 ut
976 890 1228 935 hominibus
1261 891 1337 951 qui
1373 907 1462 937 non

70 970 382 1022 peccaverant,
421 963 764 1020 parceretur1:»
796 970 839 1005 et
869 959 967 1006 ideo
995 977 1083 1006 non
1117 971 1182 1006 est
1216 961 1463 1008 credendus

70 1036 184 1077 Deus
205 1047 347 1086 verus,
373 1032 450 1092 qui
470 1031 685 1078 sacrificiis
708 1030 964 1076 delectatur.
991 1035 1016 1077 J
1021 1048 1087 1077 am
1114 1033 1168 1077 de
1191 1049 1322 1093 poena
1337 1035 1460 1079 occi-

69 1119 216 1149 sorum
245 1104 473 1148 hominum
491 1138 502 1158 ‚
533 1103 694 1164 quibus
716 1103 984 1164 quandoque
1005 1104 1225 1149 morituris
1247 1121 1362 1150 mors
1383 1105 1457 1150 illa

70 1191 160 1221 non
179 1174 346 1229 obfuit,
368 1184 575 1219 eteorum
596 1186 743 1220 tamen
766 1176 979 1220 mortibus
995 1192 1069 1220 cor
1086 1176 1197 1235 regis
1213 1192 1304 1221 sese
1327 1177 1462 1222 extol-

68 1247 196 1292 lentis
219 1246 374 1290 merito
395 1246 641 1304 vapulavit,
672 1247 871 1305 superius
891 1246 1236 1306 respondimus2.
1258 1251 1319 1292 De
1336 1250 1461 1293 sacri·

67 1319 166 1363 ficio
183 1327 328 1363 autem
345 1316 471 1363 valde
488 1317 567 1361 iste
586 1317 695 1361 nihil
717 1318 826 1377 sapit
843 1337 852 1363 :
879 1328 921 1362 et
937 1318 1035 1363 ideo
1047 1318 1231 1374 fallitur,
1253 1321 1356 1380 quia
1370 1322 1460 1380 jam

67 1390 275 1435 sacrificia
293 1388 392 1434 talia
408 1406 494 1434 non
519 1390 649 1434 offert
671 1389 748 1433 Dei
765 1389 954 1449 populus
971 1393 1076 1444 Deo,
1096 1399 1377 1451 posteaquam
1392 1407 1462 1435 ve-

68 1461 133 1505 nit
155 1455 336 1506 unicum
358 1460 634 1515 sacrificium,
660 1461 783 1520 cujus
806 1460 973 1504 umbrae
995 1459 1176 1505 fuerunt
1191 1460 1265 1506 illa
1282 1462 1428 1506 omnia
1446 1498 1457 1518 ,

14 1534 16 1536 ’
67 1547 157 1576 non
179 1532 263 1576 hoc
285 1532 593 1591 improbantia,
612 1530 687 1575 sed
700 1532 783 1576 hoc
796 1531 1099 1590 significantia.
1124 1533 1245 1577 Sicut
1262 1533 1379 1576 enim
1393 1548 1460 1578 res

67 1620 154 1649 una
171 1603 318 1648 multis
334 1604 631 1649 locutionibus
644 1613 687 1648 et
706 1603 854 1648 multis
868 1604 1028 1663 linguis
1046 1604 1274 1662 significari
1293 1614 1457 1664 potest:

66 1676 125 1719 sic
146 1690 286 1719 unum
307 1690 460 1720 verum
483 1685 527 1720 et
547 1673 764 1733 singulare
794 1674 1051 1719 sacrificium
1081 1674 1230 1719 multis
1253 1685 1316 1720 est
1334 1685 1460 1720 antea

67 1746 375 1791 sacrificiorum
399 1747 690 1806 significatum
716 1746 878 1804 figuris,
906 1749 967 1790 De
994 1746 1155 1806 quibus
1181 1746 1360 1805 singulis
1389 1746 1460 1791 hic

67 1816 290 1877 disputare
311 1833 441 1877 quam
463 1818 516 1862 sit
543 1817 723 1876 longum
739 1853 750 1873 ,
776 1817 945 1861 videtis.
976 1819 1118 1862 Unum
1149 1827 1296 1862 tamen
1323 1818 1461 1864 sciant

67 1888 338 1948 insipientes,
367 1887 480 1932 tardi
499 1889 554 1932 ad
575 1888 934 1947 intelligendum,
971 1897 1014 1932 et
1042 1888 1284 1948 praecipites
1312 1889 1368 1933 ad
1389 1904 1461 1933 re-

66 1961 448 2020 prehendendum,
477 1960 599 2021 quod
621 1959 796 2004 daemon
818 1960 901 2004 sibi
930 1960 1186 2005 sacrificium
1209 1976 1299 2005 non
1317 1962 1460 2020 exige-

67 2041 133 2076 ret
149 2068 159 2087 ,
190 2033 270 2076 nisi
295 2035 384 2077 Deo
406 2048 509 2077 vero
532 2032 683 2076 deberi
704 2033 846 2077 sciret.
874 2031 1024 2076 Falsus
1047 2033 1162 2076 enim
1189 2035 1304 2077 Deus
1326 2033 1387 2078 sic
1417 2048 1462 2078 se

66 2103 162 2149 vult
184 2103 388 2148 honorari
415 2104 469 2148 ab
495 2104 555 2147 eis
576 2119 685 2164 quos
709 2103 897 2163 decipit,
930 2103 1155 2164 quomodo
1185 2119 1311 2148 verus
1345 2096 1462 2149 Deus

67 2174 123 2219 ab
151 2173 211 2218 eis
243 2174 404 2234 quibus
435 2175 651 2220 consulit:
674 2184 717 2219 et
752 2175 936 2219 maxime
963 2175 1222 2219 sacrificium
1251 2184 1316 2219 est
1339 2176 1461 2235 quod

66 2246 287 2307 praecipue
305 2246 493 2292 debetur
515 2250 621 2291 Deo.
639 2249 748 2293 Nam
771 2247 981 2307 obsequia
1002 2257 1158 2291 caetera
1176 2262 1275 2307 quae
1298 2247 1460 2291 divini-

67 2318 146 2363 tati
167 2317 454 2374 exhibentnr,
487 2319 579 2362 ausi
608 2329 710 2362 sunt
731 2319 813 2362 sibi
842 2318 972 2363 etiam
1000 2318 1214 2377 superbiae
1237 2317 1352 2363 fastu
1374 2319 1460 2363 ho-

65 2388 204 2433 mines
235 2403 451 2447 arrogare.
490 2389 712 2433 Rarissimi
748 2399 894 2433 autem
927 2399 1347 2446 commemorantur,
1382 2390 1460 2450 qui

66 2460 150 2505 sibi
171 2469 222 2504 ut
242 2461 558 2506 sacrificaretur
573 2496 584 2516 ‚
618 2476 721 2506 curn
755 2462 871 2521 regia
900 2470 1112 2522 potestate
1133 2471 1333 2522 possent,
1366 2461 1459 2507 ausi

38 2567 43 2571 .
66 2531 231 2578 fuerint
252 2534 480 2592 imperare.
507 2533 783 2593 Quicumque
804 2543 950 2580 tamen
966 2534 1056 2580 ausi
1072 2543 1189 2592 sunt,
1209 2549 1289 2594 per
1309 2535 1395 2580 hoc
1412 2549 1458 2578 se

115 2624 126 2641 ¹
147 2620 258 2662 2Reg.
277 2628 367 2661 xxiv,
386 2629 488 2652 10.-
502 2625 514 2645 ²
529 2618 610 2655 Vide
626 2629 735 2663 supra,
755 2630 788 2654 n.
811 2620 863 2653 16.
