1803 3250
376 237 539 268 con'rnA
573 237 874 268 Anvssnsanmm
907 239 1042 278 Lucis,
1079 241 1161 267 Lm.
1199 241 1228 268 1.
1414 228 1498 268 375

114 318 260 348 nonne
281 303 453 349 videtur
474 314 681 364 tanquam
700 319 751 347 ex
773 303 848 347 illo
871 317 972 347 arcu
994 304 1069 364 qui
1091 303 1280 362 refulget
1297 318 1348 347 ex
1364 305 1496 348 nubi-

113 375 194 419 bus
213 410 225 431 ‚
248 374 369 419 velut
391 375 652 435 quibusdam
684 374 730 417 in
767 372 879 417 coelo
915 376 1027 417 Deus
1053 373 1205 419 litteris
1239 373 1499 420 admoneri?

112 446 203 490 Nisi
220 446 313 489 haec
330 446 399 504 pie
416 445 698 504 accipiantur,
722 444 862 487 donec
892 442 998 487 fides
1028 444 1230 503 impetret
1257 453 1308 488 ut
1339 444 1499 490 intelli-

114 524 294 574 gantur,
319 530 466 559 nonne
486 524 536 559 ut
558 512 756 558 fabulosa
783 513 1012 557 ridentur?
1034 515 1203 567 Quibus
1227 514 1469 560 ridentibus
1483 550 1495 571 ,

113 586 194 631 nisi
215 585 535 645 insipientibus,
561 594 604 629 et
624 600 676 629 eo
697 586 790 644 ipso
812 599 901 644 quo
923 585 1136 644 sapientes
1163 586 1240 629 sibi
1265 585 1469 631 videntur
1485 622 1496 643 ,

113 657 249 716 magis
273 657 498 717 magisque
519 656 824 701 dementibus?
844 657 950 709 Quis
966 656 1080 699 enim
1100 657 1261 714 cogitat
1278 658 1502 717 quomodo

115 729 170 772 ad
183 728 434 772 memoriam
449 728 525 772 Dei
542 728 786 772 scribantur
802 727 847 771 in
862 725 984 772 coelis
998 736 1227 786 sequentes
1248 729 1498 784 Dominum,

114 798 466 859 derelinquentes
496 807 641 843 autem
673 799 907 843 Dominum
940 798 1187 842 scribantur
1208 799 1253 840 in
1276 806 1416 854 terra,
1449 799 1504 843 de

115 870 275 930 quibus
311 871 522 930 propheta
551 871 758 914 Jeremias
786 870 920 914 dicit:
951 888 970 911 «
990 869 1181 914 Universi
1209 869 1286 929 qui
1313 869 1503 914 derelin-

119 959 139 981 »
165 949 309 1001 quunt
329 949 389 995 te,
415 940 769 997 confundantur,
799 940 1049 984 recedentes
1074 955 1203 998 super
1220 949 1378 983 terram
1397 942 1505 984 scri-

118 1012 329 1055 bantur¹P
343 1029 363 1053 »
380 1014 498 1065 Quos
510 1012 620 1056 bene
630 1011 889 1071 intelligitur
900 1011 1157 1069 significasse
1168 1013 1308 1065 Jesus,
1320 1012 1500 1071 quando

116 1080 258 1125 Judaei
294 1082 397 1126 victi
433 1091 564 1142 atque
598 1081 793 1135 confusi,
828 1097 927 1126 curn
966 1080 1187 1125 audissent
1212 1100 1220 1125 :
1257 1101 1277 1124 «
1295 1082 1381 1133 Qui
1414 1083 1506 1126 sine

119 1171 140 1194 »
166 1163 344 1212 peccato
366 1162 444 1207 est,
471 1153 588 1213 prior
608 1153 654 1197 in
675 1153 795 1197 illam
823 1152 1012 1212 lapidem
1032 1153 1208 1212 jaciat‘2,
1229 1171 1248 1194 »
1275 1168 1388 1197 unus
1411 1162 1507 1212 post

116 1222 301 1268 alterum
327 1233 609 1268 recesserunt.
647 1227 768 1268 Tunc
799 1233 942 1268 autem
979 1223 1051 1267 ille
1079 1224 1311 1271 ostendens
1342 1225 1397 1269 de
1420 1240 1509 1285 quo

116 1309 301 1339 numero
322 1305 479 1349 essent,
505 1293 643 1354 digito
664 1295 882 1338 scribebat
897 1296 940 1338 in
965 1304 1092 1338 terra.

176 1367 309 1409 XLV.
340 1384 361 1407 «
380 1366 421 1410 Si
445 1374 672 1424 putamus,
692 1365 858 1425 inquit,
880 1366 1035 1409 merito
1059 1366 1397 1409 conversationis
1420 1381 1510 1410 suae

117 1436 316 1480 homines
350 1435 502 1480 diluvii
531 1436 744 1495 excepisse
765 1436 1023 1480 sententiam
1047 1471 1057 1490 ,
1091 1445 1135 1480 et
1156 1438 1247 1481 Noe
1264 1437 1429 1495 justum
1455 1436 1511 1481 ad

119 1507 437 1566 reparationem
459 1502 670 1552 creaturae
693 1507 882 1551 melioris
900 1523 989 1551 esse
1004 1517 1237 1563 servatum,
1259 1524 1337 1552 eur
1354 1507 1510 1552 exinde

118 1580 285 1639 pejores
307 1580 532 1634 oriuntur,
559 1588 603 1623 et
628 1579 671 1622 in
694 1579 868 1623 eosdem
894 1588 1014 1622 actus
1034 1579 1134 1623 vitae
1162 1578 1374 1623 sordentis
1390 1615 1401 1634 ,
1426 1580 1511 1623 hu-

120 1649 238 1693 mani
259 1649 426 1708 generis
448 1650 578 1694 etiam
601 1665 718 1694 nune
733 1649 931 1693 nativitas
946 1649 1206 1694 revolvitur?
1224 1669 1243 1690 »
1262 1652 1324 1693 Ita
1340 1650 1423 1694 hoc
1442 1649 1510 1694 di-

118 1720 193 1774 cit,
212 1729 423 1780 tanquam
441 1721 595 1764 vixerit
610 1735 711 1765 cum
728 1720 787 1764 eis
809 1722 882 1780 qui
901 1720 1068 1764 diluvio
1086 1721 1324 1779 perierunt,
1345 1729 1388 1764 et
1407 1719 1513 1765 inde

119 1792 288 1836 noverit
321 1791 441 1851 quod
475 1807 594 1835 nunc
616 1791 781 1851 pejores
804 1791 1021 1835 oriuntur.
1058 1791 1143 1835 Sed
1164 1791 1252 1835 sive
1272 1792 1317 1834 in
1342 1793 1506 1851 pejore,

119 1862 207 1905 sive
230 1862 276 1906 in
304 1862 476 1917 eodem,
503 1862 591 1906 sive
620 1862 666 1905 in
697 1860 874 1905 meliore
897 1871 994 1905 actu
1019 1871 1117 1920 post
1137 1860 1349 1905 diluvium
1375 1877 1511 1921 genus

121 1942 314 1977 versetur
331 1933 590 1986 humanum,
608 1940 714 1991 puto
729 1934 816 1975 Deo
835 1931 1148 1976 dimittendum
1169 1947 1258 1976 esse
1275 1933 1507 1991 judicium,

119 2003 197 2063 qui
223 2002 344 2047 novit
379 2002 616 2046 retribuere
646 2002 885 2061 unicuique
922 2002 1163 2046 secundum
1196 2003 1348 2047 merita
1377 2004 1469 2063 ejus
1496 2022 1506 2048 :

120 2089 211 2118 non
240 2074 341 2118 huic
364 2074 461 2118 cani
482 2073 634 2118 rabido
659 2072 862 2117 adversus
892 2074 1126 2117 Dominum
1155 2088 1283 2117 suum
1304 2072 1506 2129 latranti,

120 2143 188 2188 vel
212 2146 332 2189 asino
354 2144 488 2189 stulto
510 2145 714 2188 adversus
735 2143 960 2188 stimulum
986 2143 1243 2188 calcitranti.
1277 2144 1510 2203 Apostolus

120 2215 278 2260 clamat
298 2234 306 2260 :
335 2234 355 2258 «
373 2217 411 2260 Ο
429 2214 615 2259 altitudo
637 2214 887 2259 divitiarum
904 2215 1126 2274 sapientiae
1144 2223 1186 2258 et
1206 2215 1395 2259 scientiae
1410 2216 1508 2272 Dei,

124 2305 145 2328 »
167 2302 300 2348 quam
316 2287 611 2331 inscrutabilia
625 2296 726 2331 sunt
737 2287 899 2347 judicia
914 2288 950 2346 ej
959 2302 1021 2340 us,
1041 2295 1083 2329 et
1097 2286 1415 2345 investigabiles
1428 2288 1509 2331 viae

125 2376 146 2399 η
173 2359 264 2418 ejus
285 2357 294 2401 l
320 2356 425 2411 Quis
444 2357 560 2401 enim
578 2359 781 2416 cognovit
799 2372 972 2402 sensum
991 2358 1178 2412 Domini,
1196 2366 1272 2402 aut
1288 2358 1384 2418 quis
1401 2373 1509 2402 con-

125 2446 147 2470 »
173 2428 357 2472 siliarius
374 2430 466 2487 ejus
482 2427 567 2473 fuit
582 2430 598 2454 ³
612 2430 629 2470 ⁶!
644 2446 664 2470 »
688 2431 745 2473 Et
761 2430 840 2472 iste
862 2428 924 2472 illi
946 2428 1016 2472 cui
1044 2427 1191 2472 nullus
1220 2438 1284 2473 est
1304 2427 1507 2473 consilia-

124 2499 229 2554 rius,
249 2496 382 2544 audet
390 2514 480 2544 esse
497 2497 780 2544 adversarius.
792 2499 905 2553 Quid
919 2508 1062 2543 autem
1077 2500 1272 2555 interest,
1285 2499 1503 2543 morituris

171 2585 180 2604 ¹
198 2585 317 2614 Jerem.
336 2594 421 2623 xvn,
445 2583 495 2615 13.
512 2600 551 2606 —
566 2589 580 2605 ²
601 2585 692 2615 Joan.
714 2595 782 2623 vm,
809 2594 839 2625 7.
854 2600 893 2605 ——
911 2582 923 2605 3
942 2586 1031 2615 Rom.
1051 2594 1100 2623 xi,
1120 2583 1173 2623 33,
1199 2584 1251 2623 34.
