1803 3250
463 228 626 258 CONTRA
658 227 873 267 ΕΑυεΤυΜ,
908 230 991 257 LIB.
1027 231 1149 258 xx1v.
1410 218 1492 258 123

110 295 416 341 ascribendum
446 295 715 356 putavimuS,
748 291 872 337 illum
899 308 1000 339 vero
1030 309 1228 354 supernae
1261 293 1489 354 majestati.

108 370 384 427 Quapropter
403 366 519 411 idem
545 379 718 409 rursum
748 363 982 424 Apostolus
1005 364 1059 408 ad
1084 364 1330 410 Corinthios
1352 365 1459 410 dicit
1480 385 1490 411 :

111 457 132 480 «
159 441 212 482 In
243 438 416 483 Christo
446 438 549 480 Jesu
592 451 667 494 per
702 434 989 493 Evangelium
1019 450 1099 493 ego
1140 451 1217 479 vos
1257 436 1388 494 genui
1403 438 1434 481 ¹.
1471 455 1492 478 »

106 511 164 554 Et
186 508 241 553 ad
263 508 434 553 Galatas
455 507 510 551 de
531 507 786 566 semetipso:
816 525 833 546 «
851 508 965 551 Cum
983 504 1147 565 placuit
1163 506 1200 549 ei
1216 540 1226 560 ,
1247 507 1323 565 qui
1338 522 1407 551 me
1426 523 1494 552 se-

111 598 132 623 »
153 580 344 639 gregavit
360 579 415 623 de
432 587 557 624 utero
575 579 722 623 matris
743 593 851 623 meae
859 613 873 634 ,
890 587 940 622 ut
960 576 1172 622 revelaret
1185 575 1345 621 Filium
1368 593 1496 623 suum

113 671 131 693 »
153 652 199 695 in
220 666 317 706 me,
349 659 400 695 ut
420 665 519 694 eum
546 650 851 694 annuntiarem
874 650 920 693 in
942 650 1102 694 Gentes
1119 683 1130 704 ,
1165 648 1378 694 continuo
1404 666 1494 696 non

107 740 128 763 »
155 722 351 781 acquievi
378 721 497 765 carni
519 729 562 765 et
583 720 821 779 sanguini2.
838 739 856 761 »
884 720 1014 764 Vides
1032 735 1135 779 ergo
1151 719 1316 779 ubique
1334 735 1434 764 eum
1449 721 1496 765 in

105 793 186 836 hac
221 791 357 836 altera
390 793 614 837 nativitate
652 801 821 847 nostra,
845 791 1026 850 spiritali
1058 790 1297 846 duntaxat,
1328 805 1497 836 asseve-

103 872 273 908 rantem
298 877 377 908 nos
397 878 421 907 a
444 866 533 907 Deo
554 861 755 920 formari,
779 878 869 907 non
890 863 935 906 in
958 862 1102 921 priore
1122 860 1196 905 illa
1215 861 1425 906 obscoena
1448 878 1497 906 ac

103 933 385 994 propudiosa,
409 950 510 995 quae
532 950 611 979 nos
638 933 776 979 nihilo
807 933 1083 993 praestantius
1110 948 1254 993 neque
1288 933 1496 978 mundius

103 1005 364 1051 animalibus
381 1007 548 1051 caeteris
569 1007 613 1050 in
635 1015 760 1051 utero
783 1015 980 1051 materno
995 1014 1040 1049 et
1057 1006 1257 1065 concepit
1279 1014 1322 1050 et
1338 1005 1494 1052 forma-

101 1078 165 1122 vit
186 1086 230 1122 et
252 1078 418 1135 genuit.
445 1079 541 1129 Qua
563 1076 619 1120 de
639 1091 684 1120 re
706 1076 1050 1121 animadvertere
1070 1077 1105 1120 si
1127 1075 1350 1121 volueritis
1370 1077 1497 1123 inve-

103 1148 228 1192 nietis
244 1148 327 1192 hac
350 1148 392 1192 in
415 1156 537 1207 parte
556 1163 635 1191 nos
647 1162 738 1191 non
758 1155 845 1190 tam
862 1145 1128 1206 professione
1146 1162 1170 1190 a
1183 1146 1305 1191 vobis
1320 1146 1496 1204 distare,

104 1233 238 1279 quam
260 1217 500 1263 intellectu.
535 1219 578 1263 Si
600 1217 780 1278 quidem
808 1216 931 1262 vobis
956 1217 1170 1277 placuerit
1190 1217 1275 1262 hoc
1296 1218 1429 1262 veteri
1454 1227 1497 1263 et

102 1289 304 1334 exteriori
326 1290 493 1334 homini
516 1303 565 1334 ac
582 1298 755 1333 terreno
777 1289 987 1344 tribuere,
1013 1298 1064 1333 ut
1084 1289 1138 1332 sit
1160 1305 1184 1333 a
1212 1291 1303 1334 Deo
1330 1287 1497 1334 forma-

102 1370 200 1419 tus,
229 1375 308 1406 nos
331 1375 434 1406 vero
455 1369 605 1405 contra
631 1359 796 1403 coelesti
817 1360 901 1404 hoc
924 1358 1172 1404 dederimus
1186 1394 1197 1415 ,
1234 1368 1277 1404 et
1298 1359 1494 1404 interiori

100 1447 150 1477 ac
186 1448 301 1477 novo
328 1432 499 1476 homini
532 1430 780 1476 deferamus
803 1447 812 1473 ε
839 1446 983 1492 neque
1011 1431 1057 1475 id
1090 1440 1253 1476 temere
1281 1440 1358 1476 aut
1378 1447 1495 1491 prae-

100 1504 332 1562 sumptive,
358 1502 433 1546 sed
457 1518 481 1546 a
509 1501 684 1547 Christo
706 1502 943 1557 discentes,
968 1511 1012 1546 et
1033 1503 1125 1562 ejus
1146 1502 1364 1561 Apostolis
1382 1537 1393 1558 ‚
1418 1504 1496 1562 qui

99 1574 229 1633 primi
249 1574 400 1618 eadem
422 1573 468 1617 in
491 1573 659 1618 mundo
681 1573 879 1619 docuisse
900 1582 1212 1618 monstrantur.
1231 1592 1251 1615 »

161 1647 221 1688 II.
264 1644 531 1702 Augustinus
564 1645 787 1704 respondit
822 1664 831 1690 ;
869 1644 1030 1689 Paulus
1061 1644 1241 1704 quidem
1274 1645 1494 1705 apostolus

99 1716 350 1761 interiorem
372 1715 595 1760 hominem
619 1716 664 1760 in
685 1716 841 1776 spiritu
856 1717 1028 1772 mentis,
1047 1717 1305 1761 exteriorem
1327 1718 1494 1762 veroin

98 1801 280 1846 corpore
303 1795 435 1847 atque
456 1786 535 1831 ista
556 1786 732 1831 mortali
752 1786 841 1831 vita
866 1786 961 1831 vult
989 1785 1174 1845 intelligi
1199 1806 1207 1832 :
1234 1802 1324 1831 non
1343 1795 1493 1832 tamen

99 1867 338 1919 utrumque
374 1858 532 1903 horum
562 1857 694 1902 simul
726 1857 836 1903 duos
864 1858 1062 1903 homines
1092 1874 1192 1903 eum
1222 1858 1378 1904 dixisse
1411 1858 1493 1904 ali-

98 1930 278 1991 quando
307 1930 354 1973 in
377 1930 468 1990 ejus
498 1929 652 1975 litteris
674 1929 860 1988 legitur,
885 1928 961 1974 sed
983 1945 1122 1973 unum
1139 1965 1151 1986 ,
1185 1945 1316 1990 quem
1348 1939 1490 1975 totum

99 2003 214 2046 Deus
234 1999 401 2056 fecerit,
419 2000 467 2045 id
488 2011 567 2057 est,
593 2012 637 2046 et
653 2000 698 2045 id
721 2001 843 2061 quod
859 2001 1040 2046 interius
1057 2010 1136 2057 est,
1156 2010 1201 2045 et
1214 2000 1261 2045 id
1279 2001 1401 2061 quod
1418 2017 1492 2046 ex-

100 2071 232 2117 terius
252 2081 343 2117 est:
368 2071 445 2116 sed
466 2087 569 2116 eum
591 2070 648 2116 ad
668 2072 902 2132 imaginem
923 2087 1047 2116 suam
1070 2088 1160 2117 non
1180 2071 1301 2128 fecit,
1325 2072 1408 2116 nisi
1424 2088 1492 2117 se-

98 2142 296 2187 cundum
317 2142 364 2186 id
385 2141 506 2202 quod
535 2143 716 2187 interius
746 2152 836 2199 est,
868 2158 958 2188 non
991 2142 1133 2188 solum
1154 2143 1488 2203 incorporeum,

97 2214 383 2258 verumetiam
415 2212 651 2270 rationale,
689 2215 809 2275 quod
847 2215 1078 2275 pecoribus
1110 2231 1200 2260 non
1231 2216 1356 2260 inest.
1393 2216 1491 2262 Non

97 2285 245 2345 itaque
270 2299 411 2329 unum
434 2285 658 2330 hominem
681 2285 785 2332 fecit
812 2286 868 2331 ad
889 2288 1122 2345 imaginem
1145 2302 1289 2343 suam,
1312 2296 1357 2331 et
1381 2286 1492 2332 alte-

98 2371 197 2400 rum
215 2354 318 2401 fecit
330 2371 420 2402 non
438 2355 493 2400 ad
506 2356 741 2416 imaginem
756 2373 879 2402 suam
903 2378 911 2403 z
939 2358 1013 2403 sed
1026 2359 1126 2418 quia
1148 2359 1233 2403 hoc
1251 2367 1490 2418 utrumque

97 2427 278 2472 interius
299 2436 343 2472 et
364 2428 550 2472 exterius
571 2428 700 2473 simul
721 2445 835 2474 unus
857 2430 991 2475 homo
1008 2439 1087 2485 est,
1114 2431 1231 2475 hunc
1252 2445 1393 2474 unum
1409 2430 1487 2475 ho-

98 2497 261 2542 minem
290 2497 344 2542 ad
367 2497 600 2557 imaginem
626 2514 751 2544 suam
770 2500 897 2558 fecit,
921 2515 1010 2544 non
1032 2499 1274 2546 secundum
1299 2500 1344 2545 id
1366 2499 1485 2560 quod

148 2589 157 2604 ¹
184 2594 196 2614 1
224 2585 298 2616 Cor.
317 2593 362 2625 iv,
384 2582 435 2615 15.
451 2600 492 2607 —
508 2590 522 2606 ²
540 2583 608 2617 Gal.
633 2594 657 2626 1,
682 2586 733 2616 15.
