1803 3250
325 198 376 238 84
756 211 789 236 s.
826 209 1053 237 aucusum
1088 211 1265 238 zrrscori

321 277 473 328 mium,
499 273 616 317 nulla
638 288 766 332 prena
784 274 901 334 justa
921 285 1030 321 esset
1052 296 1060 320 ε
1082 276 1202 336 quod
1222 290 1350 320 nemo
1368 278 1478 335 sapit
1493 311 1504 331 ,
1526 278 1605 321 nisi
1631 280 1708 337 qui

315 346 484 402 desipit.
515 345 764 402 Ignorantia
782 360 883 391 vero
905 355 948 390 et
970 347 1212 401 infirmitas,
1233 355 1281 390 ut
1303 346 1373 390 vel
1391 347 1554 391 nesciat
1571 348 1704 392 homo

314 414 421 475 quid
444 413 555 457 velle
573 413 748 470 debeat,
773 415 841 460 vel
859 432 948 462 non
971 433 1100 462 omne
1123 416 1242 477 quod
1260 417 1447 462 voluerit
1467 418 1616 477 possit,
1651 433 1703 461 ex

315 484 494 529 occulto
516 500 747 544 poenarum
769 486 922 531 ordine
939 488 1073 542 venit,
1091 496 1134 531 et
1155 487 1238 531 illis
1260 487 1613 533 inscrutabilibus
1629 488 1705 548 ju·

316 555 437 600 diciis
467 556 564 611 Dei,
598 558 715 616 apud
747 574 877 618 quem
910 574 998 603 non
1037 567 1098 603 cst
1129 559 1349 619 iniquitas.
1385 559 1612 603 Proditum
1642 568 1705 604 est

312 627 430 672 enim
456 628 581 673 nobis
605 638 831 688 peccatum
852 629 992 674 Adam
1010 630 1126 674 fideli
1146 629 1320 691 eloquio
1338 631 1437 685 Dei,
1468 640 1510 675 et
1533 630 1635 690 quia
1658 631 1703 674 in

307 698 383 743 illo
401 714 552 744 omnes
575 701 837 756 moriuntur,
857 711 900 746 et
917 702 1018 761 quia
1041 716 1116 760 per
1134 700 1257 745 illum
1275 711 1503 760 peccatum
1520 701 1700 746 intravit

306 769 351 813 in
374 771 493 815 hunc
518 772 750 826 mundum,
776 781 819 816 et
843 787 920 832 per
944 781 1171 831 peccatum
1189 787 1319 828 mors,
1342 773 1554 817 veraciter
1568 773 1703 832 scripu

307 850 400 884 tum
441 844 544 886 est¹.
573 845 627 886 Et
657 843 757 901 quia
790 858 841 886 ex
875 843 955 886 hac
989 857 1123 901 poena
1157 858 1316 903 corpus
1341 844 1636 903 corrumpitur
1659 852 1703 888 et

304 922 507 970 aggravat
537 913 748 968 animam,
784 923 825 957 ct
854 913 1060 972 deprimit
1080 922 1249 957 terrena
1282 915 1494 959 habitatio
1524 930 1699 959 sensum

305 982 443 1026 multa
466 983 770 1041 cogita11tem2‚
797 983 1067 1028 verissimum
1085 983 1299 1043 nobisque
1318 984 1591 1028 notissimum
1608 993 1671 1029 est
1688 1005 1696 1029 :

302 1062 346 1097 et
366 1054 469 1113 quia
487 1053 541 1098 de
564 1055 645 1098 hac
661 1055 777 1114 justa
798 1070 931 1115 poena
950 1070 1038 1100 non
1055 1054 1212 1099 liberat
1234 1054 1314 1098 nisi
1340 1055 1580 1100 misericors
1599 1071 1694 1114 gra-

303 1125 380 1180 tia,
402 1134 570 1169 certum
594 1135 674 1170 est.
696 1129 751 1170 Et
771 1126 873 1170 hinc
891 1125 1123 1186 Apostolus
1140 1126 1440 1185 gemebundus
1459 1126 1691 1174 exclamat:

306 1216 326 1238 «
353 1194 512 1240 Infelix
536 1211 616 1255 ego
635 1197 792 1252 homo,
826 1198 923 1257 quis
946 1213 1015 1241 me
1042 1197 1248 1242 liberabit
1269 1198 1323 1242 de
1346 1214 1526 1258 corpore
1549 1200 1697 1244 mortis

305 1287 323 1309 »
348 1268 508 1327 hujus?
535 1269 679 1312 Gratia
711 1269 787 1312 Dei
810 1284 886 1329 per
908 1272 1058 1313 Jcsum
1080 1269 1301 1314 Christum
1334 1271 1569 1316 Dominum
1595 1287 1695 1316 nos-

304 1362 321 1381 .»
352 1342 510 1384 trum³.
528 1359 547 1381 »
572 1339 656 1385 Sed
677 1357 776 1400 quae
797 1341 846 1384 sit
865 1341 1112 1386 distributio
1130 1341 1365 1402 judicantis
1389 1352 1431 1387 et
1454 1342 1693 1388 miserentis

300 1412 398 1466 Dei,
437 1427 514 1455 cur
544 1410 652 1455 alius
682 1412 763 1466 sic,
802 1411 911 1456 alius
941 1421 1086 1456 autem
1117 1413 1197 1466 sic,
1230 1412 1411 1458 occultis
1444 1414 1493 1458 fit
1519 1415 1659 1459 causis
1678 1450 1689 1470 ‚

290 1482 417 1542 justis
438 1492 600 1526 tamen.
622 1485 720 1528 Non
738 1492 885 1527 tamen
907 1482 1006 1528 ideo
1029 1484 1245 1528 nescimus
1265 1485 1409 1528 omnia
1432 1484 1507 1529 ista
1523 1485 1692 1545 judicio

297 1563 373 1598 aut
393 1553 684 1598 misericordia
712 1553 788 1598 Dei
811 1554 926 1609 fieri,
957 1554 1057 1598 licet
1079 1557 1123 1597 in
1142 1554 1292 1599 abdito
1311 1555 1457 1614 positis
1474 1556 1690 1600 mensuris

295 1633 339 1668 et
366 1625 557 1669 numeris
578 1634 622 1669 et
642 1624 932 1684 ponderibus,
971 1626 1132 1685 quibus
1163 1625 1310 1669 omnia
1339 1624 1638 1685 disponuntur
1667 1642 1690 1671 a

295 1699 386 1741 Deo
411 1706 604 1742 creatore
622 1697 819 1741 omnium
832 1713 932 1757 quae
947 1696 1204 1741 naturaliter
1215 1698 1343 1741 sunt4
1361 1718 1371 1755 3
1394 1713 1475 1742 nec
1491 1708 1686 1754 auctore,

292 1769 368 1813 sed,
390 1777 538 1814 tamen
560 1768 809 1814 ordinatore
832 1770 961 1813 etiam
983 1778 1286 1829 peccatorum,
1311 1778 1360 1812 ut
1382 1784 1432 1813 ea
1454 1786 1553 1830 quae
1582 1786 1689 1830 pec-

294 1849 390 1885 cata
406 1856 497 1885 non
514 1851 678 1896 essent,
699 1841 780 1885 nisi
797 1850 950 1885 contra
964 1849 1165 1885 naturam
1183 1848 1340 1895 essent,
1358 1840 1417 1884 sie
1431 1840 1689 1900 judicentur

294 1921 337 1956 et
367 1912 642 1967 ordinentur,
669 1927 724 1956 ne
747 1912 1038 1956 universitatis
1061 1920 1263 1956 naturam
1293 1911 1470 1955 turbare
1499 1911 1567 1956 vel
1590 1921 1687 1956 tur-

292 1998 395 2042 pare
416 1983 740 2043 permittantur,
763 1983 1017 2027 meritorum
1034 1997 1213 2027 suorum
1229 1980 1333 2026 locis
1356 1990 1399 2026 et
1420 1982 1687 2027 conditioni-

292 2053 374 2098 bus
391 2053 614 2114 deputata.
637 2057 746 2108 Quae
763 2069 864 2098 cum
887 2054 944 2098 ita
962 2054 1062 2108 sint,
1090 2062 1132 2097 et
1153 2068 1253 2097 cum
1272 2068 1348 2112 per
1366 2053 1448 2097 hoc
1467 2062 1684 2098 secretum

285 2125 552 2186 judiciorum
574 2125 651 2170 Dei
669 2136 899 2186 motusque
916 2126 1208 2169 humanarum
1226 2123 1505 2168 voluntatum
1521 2123 1684 2168 eisdem

290 2196 649 2256 prosperitatibus
673 2196 745 2240 alii
767 2204 1122 2255 corrumpantur,
1148 2194 1220 2239 alii
1243 2204 1539 2255 temperanter
1557 2204 1686 2239 utan-

290 2277 361 2312 tur
378 2286 388 2319 ;
415 2277 457 2312 et
475 2267 634 2312 eisdem
652 2268 984 2313 adversitatibus
999 2266 1070 2311 alii
1086 2265 1315 2321 deficiant,
1336 2266 1407 2310 alii
1426 2267 1680 2325 proficiant:

291 2354 481 2398 cumque
508 2340 600 2398 ipsa
626 2340 818 2383 humana
844 2337 1125 2396 mortalisque
1147 2336 1232 2380 vita
1256 2337 1440 2381 tentatio
1473 2337 1527 2380 sit
1555 2350 1684 2395 super

289 2411 490 2464 terram⁵,
516 2410 612 2469 quis
633 2410 863 2455 hominum
884 2409 1006 2454 novit
1027 2408 1096 2453 eui
1120 2408 1254 2466 prosit
1276 2416 1351 2450 aut
1374 2407 1486 2451 obsit
1508 2406 1554 2451 in
1576 2403 1682 2466 pace

336 2520 342 2535 ¹
374 2514 464 2545 Rom.
484 2523 527 2553 ix,
547 2511 598 2554 14,
619 2517 651 2544 et
673 2523 705 2554 v,
730 2521 780 2545 12.
799 2519 864 2536 -02
880 2514 1020 2553 Sap.1x‚
1044 2510 1092 2543 15.
1111 2509 1176 2534 -3
1195 2513 1287 2544 Rom.
1312 2522 1367 2553 vn,
1392 2510 1432 2554 24
1447 2529 1487 2535 -
1503 2510 1518 2537 6
1539 2514 1613 2555 Sap.
1630 2523 1673 2549 xi,

289 2578 343 2601 21·
361 2566 430 2592 -5
452 2567 526 2601 Job.
546 2579 602 2609 vn,
627 2579 653 2600 1.
