1803 3250
419 188 581 216 CONTRA
619 188 834 226 FAUb'l‘UM7
872 190 951 216 Lm.
993 192 1100 216 xxii.
1398 180 1450 218 4¹.)

66 255 197 309 bent,
223 255 280 298 ita
301 253 355 298 dc
373 265 622 300 sanctorum
655 254 844 298 virorum
877 257 1070 300 moribus
1097 257 1310 316 judicium
1341 273 1454 302 com-

64 327 236 370 mittere
270 341 361 370 non
393 326 631 380 debemus,
681 325 792 369 sicut
826 325 880 369 de
915 328 1113 371 ciborum
1158 328 1369 373 suavitate
1407 345 1455 373 ac

64 396 318 441 salubritate
333 397 530 457 judicare
552 396 788 441 febrientes
812 412 901 441 non
923 397 1101 442 sinimus
1124 418 1133 443 ;
1158 401 1390 460 potiusque
1407 400 1455 443 il-

63 465 115 510 lis
149 483 199 511 ex
231 483 436 512 sanorum
458 483 587 511 sensu
622 476 665 511 et
697 477 916 526 praecepto
952 467 1263 513 medicantium
1282 506 1291 524 ,
1322 487 1455 530 quam

64 552 115 580 ex
137 553 289 582 eorum
323 537 593 596 aegritudinis
631 538 865 582 affectione
899 537 1102 583 alimenta
1144 555 1451 599 praeparamus.

65 608 251 653 Proinde
280 609 348 653 isti
375 609 408 653 si
438 608 620 664 volunt,
647 625 736 653 non
758 608 876 653 falsae
899 618 1030 669 atque
1053 611 1324 655 adumbratae
1345 647 1355 666 ,
1381 613 1455 657 sed

63 695 176 724 verae
195 695 244 724 ac
265 680 414 724 solidae
433 680 655 739 pudicitiae
678 696 831 740 capere
854 680 1082 725 sanitatem
1101 716 1110 736 ,
1137 680 1297 725 divinae
1318 683 1455 743 Scrip-

64 759 173 795 turae
196 761 403 811 tanquam
424 751 543 796 libris
568 751 899 796 medicinalibus
920 752 1101 796 credant
1122 788 1132 809 ,
1174 768 1263 797 non
1293 752 1454 798 frustra

66 831 151 868 tam
189 837 396 881 magnum
428 823 639 868 honorem
674 824 910 868 sanctitatis
941 823 1158 868 tributum
1187 824 1455 885 quibusdam

63 893 162 937 viris
185 894 313 938 etiam
349 894 493 954 plures
524 910 677 940 uxores
710 895 1000 951 habentibus,
1027 896 1108 940 nisi
1130 897 1232 956 quia
1256 897 1346 940 fieri
1377 912 1456 956 po-

64 973 146 1008 test
168 973 217 1008 ut
237 965 471 1024 imperator
495 965 634 1009 carnis
653 967 820 1010 animus
846 974 962 1010 tanta
987 967 1286 1025 temperantiae
1310 976 1456 1026 potesa

66 1044 151 1080 tate
172 1035 453 1094 praepolleat,
481 1046 530 1080 ut
548 1036 742 1094 genitalis
767 1036 1067 1081 delectationis
1090 1047 1260 1082 motum
1278 1039 1453 1083 insitum

63 1116 232 1152 naturae
251 1106 502 1151 mortalium
524 1122 573 1150 ex
595 1106 869 1166 providentia
893 1108 1129 1166 generandi
1149 1108 1263 1166 leges
1285 1110 1460 1169 imposi-

67 1188 127 1223 tas
151 1194 240 1224 non
257 1179 482 1238 permittat
503 1178 724 1222 excedere.
751 1177 959 1238 Alioquin
985 1189 1167 1238 possunt
1188 1180 1257 1224 isti
1277 1215 1288 1236 ,
1322 1181 1459 1226 male-

65 1249 151 1295 dici
179 1251 323 1311 potius
351 1250 709 1305 calumniatores,
741 1265 873 1310 quam
901 1250 1082 1295 veridici
1102 1251 1271 1311 judices
1290 1288 1300 1308 ,
1328 1254 1455 1298 etiam

63 1331 232 1367 sanctos
253 1321 483 1382 Apostolos
501 1336 702 1366 accusare
714 1355 725 1376 ,
745 1320 867 1380 quod
884 1336 972 1366 non
988 1322 1200 1366 charitate
1218 1323 1456 1382 generandi

64 1392 175 1439 filios
196 1393 296 1438 vitae
318 1404 493 1438 aeternae
510 1428 521 1447 ,
548 1391 623 1437 sed
639 1392 878 1452 cupiditate
895 1392 1036 1437 laudis
1055 1394 1261 1439 humanae
1276 1429 1287 1450 ,
1317 1411 1458 1455 popu-

63 1465 113 1509 lis
142 1475 229 1510 tam
263 1464 411 1509 multis
443 1463 730 1522 Evangelium
757 1463 1103 1523 praedicaverint.
1149 1467 1301 1525 Neque
1340 1467 1455 1510 enim

64 1536 213 1581 deerat
234 1535 317 1580 illis
338 1535 610 1595 Evangelicis
632 1535 829 1594 patribus
848 1551 925 1595 per
947 1551 1096 1580 omnes
1118 1536 1278 1580 Christi
1301 1537 1456 1582 Eccle-

62 1608 144 1653 sias
160 1608 276 1653 fama
293 1606 499 1667 praeclara
517 1614 582 1651 tot
602 1605 761 1663 linguis
778 1605 1058 1651 laudantibus
1076 1617 1323 1667 comparata
1342 1627 1351 1652 z
1368 1609 1457 1653 imo

65 1695 168 1724 vero
190 1688 311 1724 tanta
335 1677 484 1723 aderat
500 1712 510 1732 ,
537 1687 587 1721 ut
608 1677 744 1736 major
766 1677 1017 1721 hominibus
1036 1678 1090 1722 ab
1108 1679 1359 1724 hominibus
1375 1681 1456 1725 ho-

65 1767 145 1796 nor
171 1759 214 1794 et
237 1749 370 1808 gloria
399 1746 559 1792 deferri
588 1762 678 1791 non
707 1747 879 1791 debeat.
918 1751 1041 1793 Hanc
1067 1749 1111 1792 in
1134 1749 1327 1793 Ecclesia
1359 1750 1455 1809 glo-

65 1823 171 1867 riam
207 1836 408 1881 perversa
445 1818 673 1864 voluntate
714 1818 862 1863 Simon
900 1818 1094 1878 perditus
1137 1821 1387 1880 concupivit
1408 1824 1419 1847 ¹
1442 1857 1452 1876 ,

64 1892 242 1954 quando
266 1892 321 1937 ab
343 1891 402 1937 eis
425 1890 610 1951 pecunia
629 1889 772 1934 voluit
793 1905 934 1934 caecus
956 1905 1096 1935 emere
1113 1926 1124 1946 ,
1156 1892 1277 1951 quod
1307 1891 1371 1935 illi
1390 1891 1459 1936 di-

66 1965 164 2009 vina
189 1964 324 2023 gratia
347 1962 589 2022 eademque
617 1960 806 2019 gratuita
834 1970 1105 2005 meruerunt.
1143 1963 1284 2022 Hujus
1307 1962 1459 2008 avidus

68 2035 216 2095 gloriae
240 2033 370 2079 fuisse
392 2032 678 2092 intelligitur,
703 2047 837 2092 quem
862 2047 904 2076 se
927 2032 1148 2077 volentem
1170 2032 1293 2093 sequi
1315 2035 1460 2087 Domi·

67 2123 148 2153 nus
169 2108 215 2151 in
238 2105 477 2165 Evangelio
495 2112 670 2149 revocat
686 2103 834 2148 dicens
857 2123 866 2148 :
892 2122 908 2143 «
932 2103 1095 2163 Vulpes
1112 2103 1257 2150 foveas
1274 2105 1457 2162 habent,

72 2199 92 2222 »
118 2189 162 2224 et
182 2178 380 2224 volucres
408 2175 510 2222 coeli
539 2175 801 2234 diversoria,
828 2175 963 2219 Filius
992 2184 1139 2220 autem
1161 2176 1348 2221 hominis
1369 2194 1459 2223 non

70 2270 91 2293 »
116 2251 250 2295 habet
282 2249 359 2293 ubi
383 2256 515 2308 caput
537 2246 715 2291 reclinet
729 2249 761 2290 2.
786 2263 807 2287 »
834 2245 1020 2291 Videbat
1043 2247 1158 2290 enim
1180 2262 1282 2292 eum
1311 2247 1460 2294 dolosa

69 2321 344 2367 simulatione
384 2319 662 2364 tenebrosum
697 2327 740 2362 et
781 2326 958 2362 ventosa
996 2317 1184 2363 elatione
1212 2320 1424 2380 jactatum
1445 2356 1456 2376 ,

69 2409 161 2438 non
180 2393 341 2437 habere
362 2390 464 2435 fidei
486 2389 633 2434 locum
658 2389 734 2433 ubi
758 2403 802 2433 se
819 2389 1101 2434 inclinantem
1125 2389 1349 2436 doctorem
1373 2393 1458 2436 hu·-

71 2463 263 2509 militatis
290 2462 532 2522 exciperet,
570 2459 672 2521 quia
693 2459 740 2504 in
766 2460 1028 2521 discipulatu
1049 2461 1209 2507 Christi
1231 2478 1321 2508 non
1342 2461 1456 2507 illius

119 2557 128 2574 ¹
145 2553 218 2584 Act.
240 2560 309 2590 vm,
327 2547 378 2581 18.
394 2565 435 2572 -—
449 2554 461 2570 ²
482 2546 596 2579 Matth.
617 2556 690 2588 viu,
714 2554 767 2578 20.

232 2613 421 2645 CXXXVI.
1247 2599 1270 2638 h.
