1803 3250
555 245 694 271 SERMO
728 243 995 272 AMANORUM.
1384 233 1462 273 461

87 306 220 364 gloria
242 305 319 351 Dei
335 306 516 361 Patris⁴‚
543 308 687 351 omnia
705 308 796 352 sine
819 308 919 362 fine,
945 318 988 352 ct
1010 307 1233 352 voluntate
1249 317 1293 353 et
1314 319 1468 354 natura

87 375 149 420 illi
172 386 300 421 erunt
321 375 512 436 subjecta
530 396 537 420 :
559 387 601 421 et
619 378 707 437 ipse
727 386 824 436 post
842 379 1037 422 omnium
1054 378 1134 422 sibi
1155 379 1469 438 subjectionem

87 449 132 493 in
155 463 204 493 ea
231 448 496 508 subjectione
518 457 561 492 et
582 450 791 494 charitate
817 464 1011 504 manens,
1031 450 1076 493 in
1106 466 1192 509 qua
1214 466 1397 510 semper,
1427 460 1471 496 et

85 520 176 579 ipse
207 529 257 564 ut
296 519 431 563 Filius
456 519 676 579 subjectus
707 520 786 564 erit
813 520 851 563 ei
881 520 957 580 qui
984 521 1047 564 illi
1075 520 1269 565 subdidit
1297 523 1466 566 omnia:

87 590 235 635 nullus
252 589 432 635 audiens
454 591 724 636 Christianus
746 592 931 650 ignorat,
957 592 1059 652 quia
1090 592 1195 636 fides
1214 608 1264 636 ex
1288 592 1442 637 auditu
1457 629 1468 648 ‚

86 663 260 707 auditus
281 671 426 707 autem
445 678 522 722 per
539 662 722 708 verbum
745 663 905 709 Christi
919 664 936 687 ²
958 682 966 708 ι
993 673 1041 707 ut
1062 666 1116 708 sit
1137 667 1251 708 Deus
1268 664 1412 709 omnia
1426 665 1473 708 in

86 734 304 790 omnibuS,
323 749 492 794 semper
513 735 810 780 monarchiam
838 744 881 779 et
906 744 1164 795 potestatem
1192 736 1355 779 habens
1375 751 1473 780 om-

86 806 208 849 nium
223 841 234 861 ‚
259 806 330 850 cui
363 806 499 865 gloria
521 815 564 851 et
588 806 746 863 honor,
771 806 865 852 laus
886 816 929 851 et
951 806 1187 866 gratiarum
1227 807 1339 851 actio
1356 841 1367 861 ,
1398 822 1473 865 per

88 876 363 935 unigenitum
411 878 502 938 ejus
537 877 699 923 Filium
736 878 971 923 Dominum
999 887 1042 922 et
1075 877 1340 923 salvatorem
1370 893 1472 922 nos-

88 956 204 991 trum
223 982 236 1003 ,
268 947 314 991 in
339 947 502 1007 Spiritu
530 958 681 995 sancto
699 984 711 1006 ,
736 965 854 995 nunc
886 958 929 994 et
943 964 1018 1009 per
1035 949 1180 994 omnia
1201 947 1358 993 saecula
1389 963 1472 993 sae—

87 1018 303 1063 culorum.
324 1021 480 1064 Amen.
499 1037 519 1062 »

137 1124 146 1139 ¹
172 1117 289 1161 Philip.
309 1129 345 1160 ιι,
369 1129 420 1152 ιο.
435 1125 503 1143 ——·²
522 1121 614 1152 Rom.
635 1130 666 1161 x,
687 1129 738 1160 17.
