1803 3250
286 201 339 227 DE
371 197 481 228 Aeris
512 200 601 226 cuM
633 198 780 226 remen
812 196 1061 237 mmmmm,
1095 199 1177 226 Lus.
1215 200 1262 226 11.
1387 189 1471 227 239

148 254 265 297 XIV.
289 256 394 298 FEL.
413 253 521 298 dixit
541 271 549 298 :
569 271 589 294 α
608 255 720 298 Cum
735 252 983 311 apparuerit
1003 252 1125 310 mihi,
1145 253 1248 314 quia
1261 253 1368 298 mihi
1382 269 1472 298 non

88 333 292 384 apparet,
318 325 420 386 quia
453 324 584 370 altera
616 324 723 369 mihi
753 339 842 368 non
871 333 1042 370 ostensa
1065 334 1155 382 est,
1183 341 1275 371 non
1295 341 1473 387 possum

90 396 385 441 anathemare.
405 414 424 436 »

147 469 260 510 Auo.
285 466 394 510 dixit
414 484 423 510 :
451 463 808 509 Anathemandus
833 473 896 509 est
919 481 1053 522 error,
1072 467 1148 527 qui
1168 466 1275 513 dicit
1292 484 1475 529 corrup-

91 536 257 581 tibilem
273 540 428 592 Deum,
454 552 510 580 an
530 552 620 580 non
637 545 701 580 est
722 537 1099 583 anathemandus?

150 610 256 653 Fu.
280 607 388 652 dixit
407 627 416 652 :
444 626 465 651 «
483 610 648 652 Iterum
671 606 756 652 dic.
778 625 799 648 »

149 681 260 724 Auo.
292 678 399 723 dixit
419 698 428 724 ;
451 677 809 723 Anathemandus
832 686 896 722 est
916 693 1050 735 error,
1077 678 1154 740 qui
1175 678 1281 724 dicit
1300 696 1477 740 cosrup-

90 749 256 799 tibilem
278 753 434 806 Deum,
461 767 516 795 an
538 765 629 795 non
647 759 710 794 est
732 749 1108 796 anathemandus?

149 824 254 865 FEL.
280 820 390 865 dixit
409 838 420 865 :
449 841 469 864 «
490 825 722 875 Quaeratur
743 821 777 865 si
798 820 919 866 dicit.
941 840 961 863 »

149 894 263 936 Aue.
289 891 396 936 dixit
417 912 426 937 2
450 895 544 952 Ego
567 893 650 937 hoc
668 892 929 950 interrogavi
949 911 956 936 :
978 891 1064 945 Qui
1084 890 1191 937 dicit
1211 891 1476 952 corruptibi-

88 961 176 1007 lem
198 966 356 1018 Deum,
382 962 727 1008 anathemandus
750 973 827 1018 est,
855 964 1048 1007 annon?

150 1036 255 1077 Fm..
281 1033 388 1078 dixit
411 1053 419 1079 :
449 1054 469 1076 «
494 1034 580 1088 Qui
608 1033 714 1079 dicit
735 1034 1065 1095 corruptibilem
1096 1037 1263 1090 Deum,
1295 1034 1478 1079 anathe-

14 1140 18 1143 .
90 1103 274 1149 mandus
291 1114 371 1159 est,
396 1105 481 1149 hoc
499 1105 606 1148 mihi
628 1105 783 1164 objicis
800 1108 817 1148 ’ἲ
834 1124 855 1147 ))

148 1178 262 1222 Aue.
286 1174 397 1220 dixit
417 1195 425 1221 :
452 1178 546 1220 Hoc
564 1177 802 1235 interrogo.

150 1249 256 1292 Fu.
288 1246 396 1293 dixit
425 1266 434 1292 :
477 1247 855 1308 «Corruptibilem
890 1250 1029 1292 Deum
1061 1247 1195 1303 dicis,
1219 1263 1310 1293 non
1332 1256 1479 1293 autem

91 1317 212 1378 quod
245 1317 387 1378 primo
419 1317 590 1374 dixisti,
630 1319 731 1380 quia
769 1327 936 1378 partem
970 1334 1094 1363 suam
1130 1317 1252 1364 dedit
1278 1317 1481 1364 adversa-

92 1388 163 1434 rilS
179 1390 199 1434 Ξ)
218 1407 239 1431 )›

151 1463 264 1505 Aue.
287 1459 395 1505 dixit
416 1479 425 1505 ε
448 1460 627 1505 Interim
649 1459 769 1521 quod
786 1460 1004 1519 interrogo
1023 1460 1236 1520 responde
1259 1479 1270 1507 ι
1294 1460 1380 1515 Qui
1411 1460 1480 1505 di-

91 1531 149 1576 cit
165 1530 496 1591 corruptibilem
518 1535 659 1576 Deum
682 1547 793 1587 esse,
816 1531 1160 1577 anathemandus
1186 1542 1266 1588 est,
1289 1548 1344 1577 an
1361 1533 1480 1577 non?

151 1605 258 1647 FEL.
283 1603 391 1647 dixit
412 1623 420 1648 :
449 1602 638 1648 «Valde.
661 1622 681 1645 »

122 1676 235 1719 Aua.
261 1673 368 1718 dixit
386 1693 395 1719 2
415 1674 500 1728 Qui
518 1673 624 1719 dicit
640 1672 970 1734 corruptibilem
983 1689 1073 1719 esse
1086 1684 1288 1720 naturam
1303 1683 1346 1719 et
1359 1674 1482 1720 subs-

94 1745 274 1790 tantiam
294 1746 396 1801 Dei,
421 1746 767 1791 anathemandus
788 1755 874 1800 est,
899 1762 955 1790 an
972 1748 1093 1791 non?

152 1820 257 1863 FEL.
283 1817 391 1863 dixit
412 1837 421 1863 :
451 1837 470 1860 «
484 1821 582 1864 Non
597 1817 790 1862 intellexi
807 1816 927 1878 quod
942 1817 1100 1862 dixisti.
1124 1838 1142 1860 »

152 1890 266 1934 Aue.
291 1888 427 1934 dixit:
453 1890 546 1933 Hoc
571 1888 668 1933 dico
688 1887 810 1948 quod
831 1888 971 1933 omnis
993 1889 1126 1933 homo
1150 1887 1354 1948 intelligit
1369 1922 1381 1943 ‚
1406 1886 1483 1947 qui

94 1976 185 2006 non
202 1977 245 2005 se
261 1961 389 2020 fingit
405 1976 494 2005 non
511 1959 753 2020 intelligere
773 1979 781 2005 :
802 1962 1012 2006 Naturam
1028 1970 1071 2005 et
1084 1960 1371 2005 substantiam
1386 1958 1482 2016 Dei,

95 2032 141 2077 id
160 2041 239 2086 est,
264 2031 376 2076 illud
396 2031 540 2091 ipsum
561 2030 778 2092 quidquid
801 2041 864 2076 est
885 2035 1016 2087 Deus,
1038 2032 1114 2094 qui
1136 2031 1242 2077 dicit
1264 2047 1355 2077 esse
1383 2047 1483 2076 cor·

95 2103 365 2164 ruptibilem‚
386 2104 732 2149 anathemandus
749 2113 829 2160 est,
849 2120 903 2149 an
920 2106 1041 2149 non?

156 2178 261 2220 FEL.
298 2175 441 2220 dixit:
471 2176 652 2220 «Etiam
678 2176 1025 2221 anathemandus
1057 2185 1146 2232 est,
1181 2175 1215 2220 si
1247 2174 1485 2236 probatum

96 2244 230 2292 fuerit
250 2261 339 2291 esse
359 2261 528 2291 verum.
549 2265 569 2288 »

155 2319 268 2362 Auo.
300 2316 437 2362 dixit:
461 2315 669 2362 Nondum
702 2316 783 2361 >tibi
810 2316 916 2372 dixi,
952 2317 1054 2377 quia
1081 2317 1350 2363 Manichaeus
1381 2313 1488 2359 dicit

95 2386 425 2448 corruptibilem
445 2397 647 2433 naturam
668 2388 746 2432 Dei
767 2407 776 2433 ε
808 2387 884 2433 sed
904 2388 989 2434 hoc
1011 2389 1091 2434 tibi
1113 2388 1201 2434 dixi
1217 2422 1229 2444 ‚
1255 2387 1358 2449 quia
1383 2384 1488 2447 qui-

97 2473 287 2520 cumque
305 2459 391 2504 hoc
412 2457 531 2514 dicit,
555 2458 900 2504 anathemandus
921 2468 1000 2504 est.

156 2531 261 2575 FEL.
287 2528 396 2575 dixit
418 2548 427 2575 ι
457 2549 474 2570 «
494 2532 552 2574 Et
573 2545 653 2590 ego
673 2531 879 2591 respondi
897 2548 905 2576 :
932 2531 1090 2577 Etiam.
1110 2549 1131 2573 »
