1803 3250
592 233 645 259 DE
678 229 846 259 NATth
881 233 993 259 Boni.
1402 217 1475 254 261

105 298 280 353 modus,
305 297 448 359 aliqua
473 299 648 358 species,
671 298 822 357 aliquis
844 299 951 341 ordo
972 307 1049 352 cst,
1067 295 1239 355 aliquod
1261 295 1422 339 bonum
1444 304 1486 337 et

103 369 248 431 aliqua
271 379 425 414 natura
447 379 509 413 est
535 389 544 414 ε
576 369 651 413 ubi
679 377 824 412 autem
858 368 1005 412 nullus
1036 366 1214 421 modus,
1247 365 1365 410 nulla
1388 381 1484 426 spe-

103 441 204 495 cies,
223 441 368 485 nullus
391 440 498 485 ordo
515 449 593 494 est,
611 439 783 484 nullum
805 439 989 494 bonum,
1016 439 1135 483 nulla
1153 447 1307 482 natura
1326 447 1401 482 est.

160 514 325 556 XXIV.
361 513 463 556 Haec
481 527 580 571 quae
601 521 745 555 nostra
764 509 871 555 fides
889 511 1038 565 habet,
1060 519 1102 553 et
1122 518 1362 569 utcumque
1379 510 1487 553 ratio

103 583 351 642 vestigavit,
372 583 616 626 divinarum
642 583 958 639 Scripturarum
977 581 1230 626 testimoniis
1253 581 1488 625 munienda

105 665 207 700 sunt
237 674 245 699 :
271 662 320 697 ut
343 653 418 714 qui
441 668 489 698 ea
512 654 680 698 minore
712 654 937 698 intellectu
967 653 1135 712 assequi
1166 668 1255 696 non
1279 662 1485 710 possunt,

104 726 263 770 divinae
284 725 529 769 auctoritati
552 724 752 780 credant,
782 735 824 769 et
847 724 905 769 ob
927 725 1011 769 hoc
1034 723 1275 782 intelligere
1300 738 1489 767 mercan-

105 805 190 840 tur.
219 796 303 848 Qui
326 804 470 838 autem
493 795 764 853 intelligunt,
789 795 864 839 sed
888 794 1194 840 Ecclesiasticis
1229 793 1381 837 litteris
1409 793 1491 836 mi-

104 882 186 911 nus
211 866 410 910 instructi
430 875 532 910 sunt
549 901 559 920 ,
584 867 717 926 magis
740 882 787 910 ea
806 882 884 910 nos
907 882 958 910 ex
980 876 1128 910 nostro
1145 865 1371 909 intellectu
1389 879 1493 923 pro—

103 940 238 992 ferre,
269 952 400 997 quam
424 938 468 981 in
496 936 580 981 illis
608 937 728 981 libris
762 954 872 992 esse,
906 953 993 982 non
1025 937 1303 981 arbitrentur.
1341 938 1493 995 Itaque

105 1013 242 1053 Deum
259 1024 347 1053 esse
364 1009 784 1065 incommutabilem,
811 1010 869 1054 sic
892 1010 1100 1069 scriptum
1126 1018 1189 1053 est
1211 1009 1256 1052 in
1287 1007 1491 1052 Psalmis:

109 1100 129 1122 «
153 1081 344 1126 Mutabis
362 1095 409 1123 ea
427 1115 438 1135 ,
465 1090 507 1124 61
526 1082 818 1125 mutabuntur
837 1102 849 1139 3
877 1090 924 1125 tu
948 1090 1092 1125 autem
1110 1080 1223 1124 idem
1242 1080 1331 1139 ipse
1349 1081 1454 1123 est1.
1472 1096 1492 1119 η

107 1154 164 1196 Ε1
185 1152 230 1194 111
247 1150 361 1194 libro
381 1151 613 1210 Sapientiae
627 1151 680 1195 de
696 1152 787 1211 ipsa
810 1152 1046 1211 Sapientia:
1068 1170 1087 1192 «
1103 1153 1153 1195 In
1166 1150 1307 1209 seipsa
1320 1164 1501 1193 manens

112 1242 130 1264 ι)
156 1223 337 1267 innovat
352 1223 496 1266 omnia
511 1224 572 1266 ².»
593 1222 718 1267 Unde
731 1233 773 1267 et
791 1222 1011 1283 apostolus
1025 1222 1185 1267 Paulus
1203 1238 1211 1263 :
1238 1220 1495 1274 «Invisibili,

110 1312 130 1335 »
156 1293 477 1352 incorruptibili
493 1292 571 1337 soli
589 1294 753 1338 Deo3.»
780 1297 837 1338 Et
852 1293 1072 1353 apostolus
1088 1293 1303 1337 Jacobus:
1329 1293 1500 1335 «Omne

109 1384 128 1406 »
154 1366 306 1409 datum
323 1365 554 1424 optimum,
581 1374 622 1409 et
646 1380 776 1409 omne
790 1365 957 1409 donum
980 1363 1225 1424 perfectum
1248 1363 1303 1406 de
1326 1378 1495 1406 sursum

112 1456 130 1477 »
158 1445 222 1480 est
238 1471 249 1491 ,
275 1435 544 1480 descendens
561 1451 584 1479 a
609 1440 735 1480 Patre
759 1436 1001 1491 luminum,
1031 1435 1145 1495 apud
1176 1449 1308 1495 quem
1327 1449 1413 1478 non
1438 1444 1498 1477 est

109 1525 130 1548 »
156 1507 457 1561 commutatio,
481 1522 560 1550 1166
581 1508 777 1551 nomenti
800 1507 1124 1551 obumbratio4.
1145 1524 1164 1546 »
1197 1508 1305 1548 Item
1330 1505 1431 1564 quia
1454 1503 1495 1547 id

106 1577 225 1638 quod
245 1576 301 1620 de
318 1592 362 1621 se
386 1576 558 1635 genuit,
592 1578 675 1622 hoc
705 1578 824 1637 quod
858 1577 949 1636 ipse
979 1587 1070 1631 est,
1107 1577 1162 1620 ita
1189 1576 1356 1632 abipso
1388 1574 1499 1618 'Filio

107 1648 295 1692 breviter
327 1648 516 1692 dicitur:
547 1650 679 1706 «Ego
713 1657 755 1691 et
791 1651 918 1692 Pater
945 1662 1084 1691 unum
1117 1648 1310 1690 sumus⁵.
1337 1668 1351 1684 ι)
1387 1645 1498 1698 Quia

107 1735 197 1763 non
219 1727 282 1762 est
304 1728 449 1762 autem
471 1716 613 1762 factus
637 1717 794 1772 Filius,
826 1718 989 1778 quippe
1012 1733 1110 1762 cum
1133 1733 1210 1777 per
1230 1716 1352 1759 illum
1386 1714 1497 1759 facia

106 1790 192 1833 sint
213 1789 373 1842 omnia,
395 1788 453 1832 sic
475 1788 684 1846 scriptum
709 1798 798 1832 est:
825 1807 843 1829 «
864 1791 914 1832 In
937 1789 1149 1847 principio
1170 1796 1262 1831 erat
1281 1786 1493 1839 Verbum,

111 1881 131 1901 n
155 1870 199 1905 et
220 1860 415 1905 Verbum
436 1868 528 1903 erat
550 1858 667 1918 apud
686 1862 841 1913 Deum,
860 1868 903 1903 et
925 1862 1040 1903 Deus
1063 1869 1153 1902 erat
1172 1858 1363 1901 Verbum
1377 1893 1387 1911 ,
1415 1859 1498 1902 hoc

109 1950 130 1973 »
159 1940 250 1975 erat
270 1931 316 1975 in
337 1930 550 1991 principio
580 1930 697 1989 apud
732 1933 886 1974 Deum.
923 1931 1079 1974 Omnia
1110 1945 1186 1989 per
1217 1931 1359 1988 ipsum
1384 1928 1497 1972 facta

112 2022 131 2043 n
159 2012 277 2058 sunt,
304 2011 348 2046 et
373 2003 464 2045 sine
488 2003 580 2060 ipso
612 2000 776 2046 factum
806 2010 869 2045 est
901 2000 1036 2044 11111116
1059 2017 1067 2042 :
1099 2020 1117 2041 »
1144 2000 1190 2044 id
1213 2010 1296 2054 est,
1324 2015 1412 2044 non
1436 2009 1499 2043 est

109 2072 274 2118 factum
296 2072 387 2116 sine
405 2072 498 2131 ipso
520 2071 699 2132 aliquid.

166 2146 306 2189 XXV.
341 2146 492 2203 Neque
519 2144 635 2187 enim
664 2142 880 2189 audienda
913 2151 1016 2187 sunt
1045 2142 1328 2186 deliramenta
1358 2141 1501 2185 homi-

108 2233 238 2272 num,
263 2216 340 2277 qui
368 2236 386 2259 «
403 2216 513 2260 nihil
527 2236 544 2258 »
562 2216 646 2260 hoc
667 2216 766 2260 loco
787 2215 950 2275 aliquid
973 2213 1305 2272 intelligendum
1325 2222 1499 2273 putant,

108 2298 152 2333 et
180 2287 236 2332 ad
261 2287 512 2347 hujusmodi
543 2288 777 2331 vanitatem
812 2295 1041 2346 propterea
1070 2295 1227 2345 putant
1256 2285 1352 2344 cogi
1376 2300 1500 2344 posse

110 2359 320 2419 aliquem,
353 2358 456 2418 quia
483 2358 625 2417 ipsum
657 2357 830 2401 «nihil»
862 2358 907 2401 in
935 2358 1021 2400 fine
1052 2357 1276 2400 sententiae
1308 2356 1496 2415 positum

110 2438 189 2475 est.
214 2431 348 2488 Ergo,
374 2429 596 2489 inquiunt,
620 2428 786 2473 factum
807 2437 893 2487 est,
913 2437 956 2472 et
978 2428 1078 2472 ideo
1099 2428 1200 2487 quia
1222 2427 1386 2471 factum
1406 2438 1497 2482 est,

158 2540 170 2556 1
189 2533 270 2566 Psal.
289 2530 474 2576 c1,⁷27.—
489 2539 502 2556 ²
521 2533 596 2576 Sap.
617 2543 674 2575 vn,
693 2542 747 2575 27.
764 2550 804 2556 -
820 2530 833 2556 3
856 2544 868 2565 1
892 2532 973 2565 Tim.
991 2542 1014 2571 1,
1037 2542 1086 2573 ¹7·
1104 2548 1145 2554 —
1164 2531 1179 2560 4
1203 2530 1316 2563 Jacob.
1337 2542 1360 2570 1,
1386 2542 1496 2572 17.--

112 2587 127 2613 ⁵
143 2591 233 2622 Joan.
252 2601 286 2632 x,
307 2588 361 2622 30.
376 2585 552 2630 -61d.1‚
584 2588 654 2621 1-3.
