1803 3250
421 244 583 273 CONTRA
620 243 833 281 ΓΑυεΤυΜ,
870 245 949 271 Lm-
989 246 1109 272 xxvi.
1372 235 1452 270 133

66 318 263 354 mortuus
299 325 388 355 non
415 321 507 366 est,
532 311 633 370 quia
654 309 807 369 utique
830 309 999 368 noluit3
1024 326 1102 354 cur
1135 326 1224 355 non
1258 313 1448 370 potuerit

66 379 197 423 etiam
221 381 331 425 mori
365 396 465 426 cum
497 380 667 425 voluit?
688 381 745 424 Et
785 379 869 424 hoc
901 380 1082 439 quidem
1114 396 1232 426 nunc
1269 398 1294 425 a
1329 382 1455 427 nobis

65 452 124 495 ita
162 466 419 512 responsum
454 452 508 496 sit
526 487 538 507 ‚
575 452 678 512 quia
709 451 834 497 vobis
872 450 1015 510 placet
1053 454 1345 509 argumentari
1363 488 1375 510 ‚
1412 464 1456 499 et

63 535 182 566 arma
198 523 373 567 tentatis
396 521 562 578 aliena,
587 522 813 567 dialectice
846 520 1067 581 disputare
1091 521 1284 568 volentes
1311 543 1319 568 2
1346 524 1454 570 alio-

61 591 171 651 quin
182 593 308 637 nobis
321 607 400 636 nec
414 594 439 637 J
443 607 538 637 esus
549 601 750 637 mortuus
765 601 845 648 est,
861 607 942 636 nec
955 601 1018 636 est
1030 591 1284 636 immortalis
1292 594 1421 639 Elias.
1433 616 1451 637 »

122 665 206 706 ΙΙΙ.
242 664 513 722 Augustinus
537 662 761 723 respondit
783 682 792 708 :
817 661 1044 722 Quidquid
1075 661 1131 707 de
1159 664 1314 708 Enoch
1337 673 1379 708 et
1400 664 1456 709 de

63 731 159 776 Elia
182 741 225 776 et
243 732 298 776 de
321 737 471 791 Moyse
496 734 714 794 Scriptura
744 743 919 789 sancta,
955 734 1081 778 certis
1110 742 1153 778 et
1174 734 1343 792 magnis
1365 749 1455 778 suae

61 802 163 846 fidei
178 802 453 848 documentis
465 805 511 848 in
528 819 699 850 summo
716 804 906 849 culmine
926 804 1194 849 auctoritatis
1212 804 1353 849 locata
1367 814 1454 849 163-

61 881 179 917 tatur
194 908 206 928 ,
232 874 315 918 hoc
336 873 554 919 credimus
573 911 583 930 ‚
609 891 698 920 non
720 874 842 934 quod
860 877 1046 919 Faustus
1071 890 1150 919 nos
1167 874 1344 919 credere
1363 890 1456 920 sus-

61 943 246 1002 picatur.
272 944 391 997 Quid
412 945 467 989 sit
489 955 636 990 autem
658 946 901 990 secundum
923 951 1125 990 naturam
1141 980 1152 1000 ,
1175 945 1283 1004 quid
1303 955 1455 990 contra

60 1022 261 1058 naturam
277 1050 288 1071 ‚
313 1016 512 1062 homines
540 1019 617 1076 qui
639 1018 750 1063 sicut
777 1032 853 1062 vos
881 1026 1028 1061 errant
1044 1052 1055 1071 ,
1091 1032 1217 1062 nosse
1239 1032 1328 1062 non
1351 1032 1455 1076 pos-

60 1093 178 1130 sunt.
194 1085 288 1129 Dici
305 1094 452 1130 autem
470 1088 665 1131 humano
678 1102 800 1131 more
817 1095 967 1131 contra
986 1095 1188 1130 naturam
1206 1102 1313 1142 esse,
1336 1087 1455 1148 quod

60 1165 124 1199 est
146 1164 298 1200 contra
318 1164 489 1200 naturae
512 1172 641 1201 usum
659 1155 916 1201 mortalibus
942 1166 1122 1212 notum,
1157 1172 1236 1202 nec
1270 1172 1348 1201 nos
1379 1173 1457 1201 ne-

61 1242 212 1287 gamus
233 1246 243 1272 :
267 1227 379 1272 sicut
399 1227 513 1272 illud
534 1238 598 1273 est
619 1229 742 1288 quod
763 1228 998 1287 Apostolus
1016 1228 1076 1272 ait
1097 1248 1105 1272 ι
1136 1247 1155 1270 «
1175 1228 1218 1274 Si
1241 1238 1290 1273 tu
1312 1243 1362 1272 ex
1376 1244 1458 1273 na-

64 1317 84 1340 »
109 1299 236 1342 turali
270 1299 428 1343 incisus
461 1299 670 1354 oleastro,
708 1308 751 1342 et
780 1307 932 1343 contra
960 1308 1162 1342 naturam
1196 1300 1382 1344 insertus
1411 1316 1456 1344 es

61 1387 81 1410 »
108 1370 153 1413 in
177 1369 338 1414 bonam
353 1368 513 1415 olivam
527 1372 565 1414 ¹:
588 1389 608 1410 »
626 1370 672 1413 id
688 1384 778 1413 esse
797 1377 949 1413 contra
967 1378 1169 1414 naturam
1188 1369 1312 1426 dixit,
1333 1371 1455 1430 quod

59 1450 123 1485 est
144 1449 296 1484 contra
317 1439 682 1486 consuetudinem
710 1449 901 1495 naturae,
928 1456 1061 1500 quam
1085 1441 1239 1485 notitia
1261 1441 1455 1486 humana

58 1512 412 1569 comprehendit,
443 1521 494 1556 ut
515 1511 698 1556 oleaster
720 1511 906 1556 insertus
933 1512 979 1556 in
1009 1511 1105 1556 olea
1121 1546 1132 1565 ‚
1169 1527 1258 1556 non
1280 1511 1453 1556 oleastri

59 1584 212 1627 baccas
226 1618 237 1638 ‚
263 1582 339 1627 sed
362 1581 487 1627 olivae
509 1583 821 1642 pinguedinem
839 1582 967 1628 ferat.
990 1586 1105 1627 Deus
1123 1593 1269 1628 autem
1286 1592 1456 1628 creator

59 1663 103 1699 et
124 1654 327 1698 conditor
349 1654 547 1699 omnium
569 1662 843 1707 naturarum,
868 1653 976 1697 nihil
994 1663 1146 1698 contra
1165 1663 1366 1699 naturam
1386 1653 1455 1699 fa-

59 1726 117 1770 cit
142 1745 151 1770 :
176 1726 222 1770 id
250 1726 368 1770 enim
396 1726 478 1770 erit
509 1726 670 1786 cuique
695 1725 758 1769 rei
780 1724 1002 1779 naturale,
1028 1724 1147 1783 quod
1173 1725 1246 1768 ille
1268 1726 1421 1770 fecerit
1442 1760 1453 1781 ‚

59 1813 83 1842 a
109 1812 198 1857 quo
224 1806 288 1841 est
316 1796 458 1842 omnis
496 1795 655 1841 modus
669 1831 680 1851 ‚
726 1810 935 1839 numerus
952 1829 963 1849 ‚
998 1794 1107 1839 ordo
1143 1804 1328 1839 naturae.
1369 1794 1457 1840 Sed

58 1883 139 1912 1166
158 1869 249 1927 ipse
272 1869 404 1913 homo
425 1877 577 1913 contra
599 1875 801 1911 naturam
822 1866 1065 1926 quidquam
1096 1864 1224 1920 facit,
1251 1866 1334 1910 nisi
1355 1880 1457 1910 cum

60 1948 232 1999 peccat,
259 1940 336 2000 qui
368 1949 515 1984 tamen
540 1938 756 1998 supplicio
792 1937 1004 1995 redigitur
1035 1935 1091 1980 ad
1124 1945 1340 1980 naturam.
1386 1936 1456 1981 Ad

60 2009 305 2054 naturalem
344 2010 508 2070 quippe
544 2007 723 2069 justitiae
762 2007 961 2051 ordinem
1009 2007 1197 2066 pertinet
1223 2042 1234 2061 ,
1283 2016 1333 2051 ut
1381 2016 1457 2051 aut

59 2089 235 2140 peccata
257 2096 348 2125 non
368 2081 501 2135 fiant,
529 2088 605 2123 aut
628 2078 844 2138 impunita
879 2093 969 2121 6336
1000 2093 1090 2122 non
1111 2077 1286 2122 valeant
1308 2096 1316 2122 :
1343 2094 1457 2137 quo-

64 2150 204 2196 dlibet
234 2152 392 2196 horum
430 2152 484 2195 sit
505 2186 516 2205 ‚
554 2149 762 2194 naturalis
796 2148 904 2194 ordo
946 2158 1142 2193 servatur
1156 2183 1168 2204 ‚
1205 2149 1238 2192 si
1273 2164 1363 2193 non
1400 2148 1457 2192 ab

63 2223 208 2268 anima
223 2257 235 2278 ‚
260 2231 376 2267 certe
398 2237 422 2266 a
440 2224 545 2266 Deo.
580 2223 752 2265 Vexant
775 2220 892 2264 enim
914 2227 1090 2279 peccata
1113 2219 1422 2263 conscientiam
1438 2254 1450 2275 ‚

62 2294 232 2354 ipsique
255 2293 402 2337 animo
431 2299 593 2336 nocent
615 2306 715 2335 cum
740 2290 839 2335 luce
862 2290 1043 2350 justitiae
1065 2289 1288 2349 peccando
1311 2290 1459 2349 priva-

66 2374 139 2410 tur
156 2398 167 2420 ‚
193 2363 362 2408 etiamsi
378 2377 469 2408 non
486 2370 812 2421 consequantur
834 2360 1005 2405 dolores
1022 2395 1033 2416 ,
1054 2362 1131 2420 qui
1153 2360 1223 2405 vel
1240 2360 1464 2418 corrigen-

67 2436 134 2480 dis
155 2436 418 2495 ingeruntur
435 2469 447 2491 ,
470 2433 541 2480 vel
562 2449 652 2479 non
673 2433 877 2478 correctis
903 2432 1047 2477 ultimi
1065 2441 1356 2478 reservantur.
1380 2432 1463 2477 Sed

69 2515 222 2551 contra
244 2515 444 2550 naturam
463 2520 553 2550 non
570 2505 813 2563 incongrue
836 2504 1019 2548 dicimus
1051 2502 1216 2563 aliquid
1239 2506 1375 2548 Deum
1400 2501 1467 2545 sa-

122 2599 132 2614 ¹
155 2594 245 2624 Rom.
264 2602 308 2632 xi,
327 2591 385 2633 37!
