1803 3250
357 207 407 242 16
775 214 808 244 s.
847 215 1076 245 AUGUST1N1
1111 217 1290 245 eviscovi

349 290 466 326 certe
487 280 673 340 amplius
685 290 764 336 est,
783 297 914 342 quam
942 282 1088 327 «Vidit
1112 284 1214 343 quia
1232 284 1397 327 bonum
1419 290 1503 327 est:
1522 299 1542 323 »
1569 291 1611 327 et
1633 282 1740 342 legis

347 352 528 397 latorem
546 387 556 407 ‚
580 369 711 413 quam
735 353 769 398 si
791 354 922 398 homo
944 364 1200 414 sequeretur
1215 390 1229 410 ‚
1255 370 1333 398 suo
1357 354 1474 398 bono
1497 353 1682 411 faceret3
1706 355 1740 398 si

347 432 493 466 autem
516 434 754 482 sperneret,
777 440 854 468 suo
878 425 1006 468 malo.
1026 430 1163 478 Quem
1183 441 1271 469 non
1286 425 1384 469 idco
1407 425 1601 469 dicerent
1617 425 1742 484 igna-

347 509 444 538 rum
469 492 626 549 futuri,
657 497 759 556 quia
787 506 830 540 et
861 496 1017 541 futuris
1039 497 1416 556 contemptoribus
1438 497 1577 555 legem
1602 497 1737 541 dedit.

346 566 549 610 Jamvero
572 566 671 611 ideo
692 567 989 627 improvidum
1008 603 1018 622 ‚
1044 569 1161 628 quod
1189 567 1353 628 aliquid
1386 569 1639 626 interroget,
1662 583 1742 612 nec

345 635 567 680 hominem
591 636 813 692 dicerent,
840 639 884 682 in
907 654 1095 698 quorum
1121 638 1242 682 libris
1267 638 1405 682 multa
1430 654 1518 683 non
1541 640 1599 682 ob
1621 637 1743 682 aliud

346 705 697 765 interrogantur,
737 709 817 752 nisi
852 718 900 751 ut
929 709 1016 752 suis
1047 709 1234 769 quisque
1257 709 1611 768 responsionibus
1633 723 1742 753 con—

344 777 574 836 vincatur3
601 794 701 824 cum
729 779 801 823 ille
825 780 899 840 qui
923 779 1183 838 interrogat,
1210 796 1299 824 non
1331 779 1471 823 solum
1496 780 1600 824 sciat
1621 780 1744 840 quod

344 846 426 890 sibi
447 847 543 893 vult
565 849 619 893 ab
636 848 772 894 altero
791 850 1059 909 responderi,
1081 849 1156 894 sed
1174 850 1294 894 itiam
1312 849 1437 895 illum
1458 851 1542 895 hoc
1564 865 1745 909 respon·

345 934 512 964 surum.
541 921 817 966 Invidentem
848 931 993 965 autem
1027 921 1234 981 cuiquam
1267 925 1438 967 Deum:
1464 922 1584 982 quod
1607 922 1744 967 malos

344 989 495 1034 beatos
517 991 610 1035 fieri
632 1005 722 1036 non
745 993 905 1036 sineret
919 1027 930 1047 ,
956 993 991 1036 si
1009 991 1139 1036 vellet
1161 991 1306 1037 dicere
1321 1027 1331 1047 ‚
1358 992 1510 1051 plenos
1527 993 1745 1038 inveniret

319 1074 522 1108 .suorum
552 1059 688 1106 libros
711 1061 766 1106 de
790 1063 870 1107 hac
893 1078 938 1106 re
968 1061 1023 1106 ad
1045 1061 1238 1107 divinam
1261 1062 1579 1121 providentiam
1612 1063 1743 1123 perti-

343 1142 491 1177 nente.

402 1206 545 1248 XVII.
583 1206 644 1248 De
671 1203 888 1248 sacrificiis
910 1219 1012 1248 vero
1038 1203 1147 1248 nihil
1177 1204 1297 1248 aliud
1320 1205 1428 1248 mihi
1453 1207 1652 1264 Paganus
1669 1206 1745 1250 ob-

338 1276 517 1335 jiceret,
547 1275 631 1319 nisi
663 1290 741 1319 cur
772 1274 889 1334 apud
911 1290 983 1319 eos
1010 1274 1083 1319 illa
1118 1274 1490 1334 reprehendamus
1509 1311 1520 1332 ‚
1557 1292 1658 1320 cum
1698 1277 1744 1321 in

344 1347 502 1392 nostris
524 1346 743 1391 veteribus
763 1345 886 1390 libris
916 1346 1018 1390 talia
1049 1346 1130 1390 sibi
1160 1349 1273 1390 Deus
1309 1356 1456 1391 noster
1479 1348 1654 1408 jussisse
1680 1347 1744 1392 le-

345 1427 518 1477 geretur
543 1418 706 1463 offerri.
737 1419 817 1462 Hic
840 1433 921 1477 ego
942 1417 997 1462 de
1020 1433 1123 1462 vero
1155 1418 1364 1462 sacrificio
1396 1417 1526 1462 latius
1559 1418 1744 1463 fortasse

345 1489 580 1544 disserens,
606 1488 948 1534 demonstrarem
966 1488 1013 1532 id
1035 1504 1122 1533 non
1144 1488 1295 1533 deberi
1312 1489 1393 1532 nisi
1415 1489 1492 1533 uni
1510 1504 1612 1534 vero
1634 1492 1741 1545 Deo,

345 1560 466 1621 quod
499 1560 539 1604 ei
570 1575 684 1605 unus
720 1575 845 1604 verus
871 1558 1078 1605 Sacerdos
1111 1559 1272 1604 obtulit
1303 1579 1311 1604 :
1342 1559 1559 1604 Mediator
1589 1560 1666 1604 Dei
1701 1566 1751 1605 et'

345 1631 604 1676 hominum¹
636 1650 645 1675 :
673 1632 797 1691 cujus
829 1631 1025 1674 sacrificii
1056 1630 1331 1689 promissivas
1354 1631 1514 1689 figuras
1540 1631 1587 1674 in
1621 1631 1744 1675 victi-

346 1703 427 1746 mis
450 1702 702 1746 animalium
725 1701 935 1746 celebrari
958 1702 1216 1761 oportebat,
1248 1711 1427 1761 propter
1457 1702 1744 1746 commenda-

346 1773 509 1818 tionem
532 1772 692 1817 futurae
712 1774 852 1817 carnis
877 1782 920 1817 et
942 1774 1186 1831 sanguinis,
1212 1789 1288 1831 per
1309 1789 1442 1832 quam
1460 1788 1590 1816 unam
1614 1773 1744 1818 victi-

342 1860 462 1888 mam
497 1845 620 1888 fieret
650 1845 841 1889 remissio
877 1854 1156 1904 peccatorum
1196 1844 1251 1888 de
1293 1860 1423 1888 carne
1457 1855 1499 1888 et
1532 1845 1744 1904 sanguine

346 1925 701 1974 contractorum3
735 1931 835 1976 quae
863 1931 1048 1975 regnum
1079 1916 1154 1960 Dei
1178 1931 1265 1959 non
1292 1916 1602 1975 possidebunt,
1640 1916 1744 1977 quia

348 1986 498 2033 eadem
539 1986 780 2032 substantia
822 1987 1014 2046 corporis
1055 1987 1101 2030 in
1143 1987 1364 2031 coelestem
1399 1987 1743 2032 commutabitur

347 2057 603 2118 qualitatem
623 2077 632 2103 z
653 2058 774 2118 quod
796 2058 905 2116 ignis
928 2058 972 2102 in
990 2058 1199 2103 sacrificio
1217 2057 1505 2117 significabat,
1528 2058 1650 2103 velut
1666 2059 1743 2102 ab·

348 2130 527 2175 sorbens
541 2139 726 2175 mortem
738 2130 783 2173 iu
798 2129 1057 2174 victoriam2.
1075 2132 1124 2173 In
1138 2146 1188 2174 eo
1203 2139 1346 2174 autem
1365 2130 1529 2189 populo
1551 2130 1645 2175 haec
1660 2131 1740 2175 rite

349 2201 566 2247 celebrata
581 2212 699 2258 sunt,
723 2203 849 2262 cujus
872 2211 913 2245 et
935 2217 1117 2260 regnum
1142 2211 1185 2245 et
1205 2200 1496 2246 sacerdotium
1514 2202 1740 2262 prophetia

349 2282 440 2317 erat
461 2274 635 2318 venturi
658 2274 786 2333 Regis
807 2281 849 2317 et
874 2272 1114 2317 Sacerdotis
1131 2271 1184 2316 ad
1199 2272 1410 2330 regendos
1429 2282 1472 2316 et
1485 2288 1744 2317 consecran-

349 2343 427 2387 dos
450 2343 598 2388 fideles
627 2345 670 2388 in
699 2344 902 2389 omnibus
925 2343 1127 2402 gentibus
1149 2353 1189 2386 et
1212 2343 1554 2388 introducendos
1576 2345 1619 2387 in
1645 2359 1742 2402 reg-

348 2432 458 2461 num
481 2416 694 2461 coelorum
711 2426 753 2461 et
770 2415 1004 2460 sacrarium
1018 2414 1283 2472 Angelorum
1301 2431 1349 2459 ac
1364 2415 1496 2459 vitam
1517 2425 1738 2460 aeternam.

354 2489 491 2549 Hujus
521 2489 667 2548 itaque
698 2488 788 2532 veri
822 2486 1018 2532 sacrificii
1040 2487 1151 2530 sicut
1185 2486 1378 2546 religiosa
1404 2487 1744 2546 praedicamcnta

402 2581 412 2599 ¹
444 2575 608 2615 1'si1n.11,
632 2574 725 2606 5.-
741 2581 752 2596 ²
779 2586 788 2606 ι
811 2577 884 2607 Cor.
905 2585 958 2607 xv.
984 2574 1038 2606 50.
