1803 3250
277 201 333 239 60
715 208 747 236 S.
787 208 1015 238 AUGUSTINI
1050 210 1230 238 EPISCOPI

273 277 445 331 sulitur,
472 285 515 320 ct
535 276 810 335 splendorem
832 276 987 331 laudis,
1015 287 1055 321 et
1079 276 1257 321 odorem
1284 276 1412 319 bonae
1429 277 1658 336 opinionis.

274 352 361 394 Nc(¹
380 348 432 392 ad
453 349 577 392 istam
600 348 779 406 gloriam
803 349 1057 408 popularem
1076 350 1205 408 primi
1229 349 1492 407 perveniunt
1514 364 1665 393 eorum

273 422 347 479 qui
368 428 469 463 sunt
491 419 535 462 in
559 419 764 474 Ecclesia,
791 421 868 464 nisi
892 421 1157 481 quicumque
1184 421 1226 462 in
1250 419 1472 464 actionum
1492 420 1667 478 pericu-

275 492 323 535 lis
345 500 387 534 ct
408 490 554 534 labore
571 501 810 536 versantur.
840 496 1071 551 Propterea
1098 492 1184 535 Liae
1205 490 1318 535 filius
1336 489 1448 534 mala
1468 490 1668 535 mandra-

274 563 417 621 gorica
451 563 659 617 invcnit¹,
696 565 841 607 exiens
868 564 908 606 in
933 578 1100 621 agrum,
1131 564 1170 606 id
1201 571 1280 615 est,
1305 563 1487 606 honeste
1510 562 1669 606 ambu-

275 634 366 678 lans
385 633 437 678 ad
463 649 533 678 eos
556 635 631 694 qui
656 634 757 678 foris
779 638 929 680 sunt‘2:
957 634 1153 679 doctrina
1176 649 1279 678 vcro
1312 633 1384 677 illa
1421 633 1667 693 sapientiae,

273 721 372 766 quse
388 721 409 749 a
435 705 552 763 vulgi
574 707 755 765 strepitu
781 706 1077 761 remotissima,
1105 706 1150 748 in
1165 703 1534 763 contemplatione
1557 705 1671 747 veri-

277 777 372 820 tatis
394 775 513 820 dulci
536 775 826 820 delectatione
843 776 1065 834 defigitur,
1083 776 1195 819 hanc
1216 775 1470 834 popularem
1491 776 1669 833 gloriam

272 846 726 907 quantulamcumque
755 862 846 890 non
877 855 1193 906 assequeretur,
1220 846 1301 890 nisi
1327 861 1402 904 per
1426 860 1498 889 eos
1520 846 1595 905 qui
1628 847 1671 889 in

274 917 426 962 mediis
459 918 594 961 turbis
622 917 792 975 agendo
816 932 864 960 ac
887 916 1110 961 suadendo
1133 916 1306 975 populis
1330 925 1548 974 praesunt,
1582 931 1671 960 non

274 999 322 1033 ut
344 990 537 1048 praesint,
564 988 639 1032 sed
663 997 711 1032 ut
727 989 923 1047 prosint:
949 988 1052 1048 quia
1080 988 1150 1032 isti
1184 987 1351 1031 actuosi
1381 996 1425 1031 et
1459 987 1671 1045 negotiosi

272 1060 485 1113 homines,
521 1074 598 1118 per
620 1074 730 1118 quos
753 1058 1047 1103 multitudinis
1070 1058 1403 1102 administratur
1422 1057 1603 1113 utilitas,
1630 1067 1673 1103 et

271 1146 460 1192 quorum
494 1130 726 1174 auctoritas
757 1130 928 1189 populis
951 1130 1080 1174 chara
1100 1138 1178 1183 est,
1209 1129 1505 1174 testimonium
1521 1130 1672 1189 perhi-

273 1205 380 1248 bent
397 1203 526 1246 etiam
547 1203 647 1246 vitae
670 1210 849 1261 propter
867 1201 1062 1245 studium
1080 1200 1395 1260 conquirendae
1417 1210 1460 1245 et
1476 1211 1674 1245 contem-

273 1273 446 1334 plandae
460 1273 651 1318 veritatis
666 1273 832 1328 otiosae,
851 1272 1044 1333 quodam
1062 1273 1195 1317 modo
1214 1272 1326 1316 mala
1344 1272 1672 1331 mandragorica

276 1361 349 1405 per
376 1346 494 1389 Liam
517 1346 778 1404 perveniunt
798 1344 853 1388 ad
876 1344 1056 1388 Rachel.
1079 1344 1148 1388 Ad
1170 1344 1307 1403 ipsam
1329 1359 1432 1389 vero
1456 1345 1577 1388 Liam
1597 1360 1673 1403 per

276 1417 413 1460 lilium
447 1416 801 1475 primogenitum,
834 1414 879 1458 id
912 1424 990 1469 cst,
1025 1429 1101 1474 per
1132 1416 1343 1459 honorem
1373 1413 1671 1461 foecunditatis

273 1489 381 1547 ejus,
398 1488 443 1530 in
460 1502 547 1547 qua
565 1495 628 1530 est
644 1486 784 1530 omnis
801 1484 969 1529 fructus
985 1485 1213 1530 laboriosae
1231 1495 1362 1546 atque
1379 1486 1493 1530 inter
1507 1486 1669 1530 incerta

277 1558 568 1602 tentationum
603 1555 883 1615 periclitantis
913 1555 1123 1600 actionis:
1155 1571 1287 1616 quam
1322 1555 1520 1616 plerique
1555 1557 1673 1602 bono

275 1629 449 1687 ingenio
478 1626 647 1686 praediti
676 1626 910 1686 studioque
939 1626 1187 1684 flagrantes,
1214 1627 1413 1686 quamvis
1433 1626 1576 1671 idonei
1603 1642 1672 1671 re-

276 1699 425 1759 gendis
448 1698 621 1757 populis
643 1713 732 1742 esse
754 1697 934 1756 possint,
974 1706 1120 1741 tamen
1149 1697 1289 1742 vitant
1311 1706 1489 1757 propter
1521 1698 1673 1743 turbu-

277 1772 412 1815 lentas
444 1770 768 1829 occupationes,
807 1778 850 1812 et
884 1769 930 1812 in
961 1768 1173 1813 doctrinae
1206 1769 1345 1814 otium
1379 1778 1468 1814 toto
1500 1779 1674 1829 pectore

278 1852 485 1902 tanquam
501 1841 704 1901 speciosae
721 1839 885 1884 Rachel
903 1839 1106 1884 feruntur
1122 1840 1386 1900 amplexum.

335 1914 470 1956 LVII.
510 1911 593 1957 Sed
625 1911 726 1971 quia
753 1911 921 1955 bonum
959 1920 1037 1966 est,
1072 1920 1122 1955 ut
1153 1911 1283 1955 etiam
1307 1912 1402 1957 haec
1426 1912 1513 1956 vita
1546 1912 1674 1958 latius

276 1985 550 2027 innotescens
579 1981 833 2041 popularem
877 1980 1057 2040 gloriam
1098 1991 1342 2037 mereatur,
1367 1983 1577 2042 injustum
1611 1993 1673 2028 est

277 2064 421 2099 autem
455 2064 503 2098 ut
541 2068 635 2098 eam
670 2061 986 2113 consequatur,
1023 2053 1056 2096 si
1090 2061 1329 2097 amatorem
1368 2069 1496 2098 suum
1531 2053 1673 2099 admi—

276 2125 508 2170 nistrandis
546 2124 840 2169 ecclesiasticis
876 2123 989 2167 curis
1025 2132 1176 2182 aptum
1207 2132 1249 2167 et
1281 2123 1489 2168 idoneum
1513 2124 1559 2168 in
1581 2127 1671 2170 otio

276 2196 459 2251 detinet,
491 2211 571 2240 nec
606 2195 913 2255 gubernationi
947 2195 1188 2239 communis
1217 2194 1416 2240 utilitatis
1449 2197 1668 2256 impertit,

276 2276 504 2326 propterea
527 2266 603 2310 Lia
622 2266 757 2310 sorori
773 2280 862 2309 suae
876 2265 1005 2309 dicit:
1034 2268 1193 2309 Parum
1210 2265 1369 2310 esttibi
1388 2267 1509 2326 quod
1526 2267 1669 2312 virum

278 2353 426 2382 meum
449 2338 665 2396 accepisti,
693 2338 869 2397 insuper
888 2345 930 2380 et
954 2335 1280 2394 mandragorica
1303 2337 1378 2380 filii
1403 2339 1486 2381 mei
1509 2338 1572 2382 vis
1595 2354 1669 2382 ae-

278 2410 446 2468 cipere?
469 2412 549 2452 Per
579 2423 715 2452 unum
740 2409 884 2452 virum
906 2407 1150 2466 significans
1172 2423 1243 2451 eos
1265 2423 1436 2464 omnes,
1463 2410 1539 2469 qui
1567 2425 1668 2453 cum

279 2481 363 2524 sint
387 2478 541 2538 agendi
567 2479 726 2523 virtute
747 2477 934 2533 habiles,
961 2487 1004 2522 et
1026 2477 1144 2537 digni
1170 2478 1330 2537 quibus
1354 2479 1544 2537 regimen
1584 2481 1666 2523 Ec-

327 2567 336 2584 ¹
355 2567 434 2598 Gen.
455 2576 531 2606 xxx,
557 2564 605 2607 14.
623 2582 663 2590 —-·
678 2572 690 2587 ²
714 2576 725 2597 1
746 2564 856 2597 Thess.
877 2575 920 2602 iv,
942 2573 989 2596 ι’),

1776 312 1778 341 l
