1803 3250
417 241 579 271 CONTRA
613 244 845 271 sEnMOM-:M
883 244 1147 272 ARIANORUM.
1390 235 1467 274 481

98 325 117 348 »
140 315 223 361 tus,
244 305 441 351 dividens
459 308 630 367 propria
646 308 881 367 unicuique
895 319 1024 366 prout
1040 310 1134 353 vult
1149 312 1191 353 ¹?
1212 328 1231 350 »
1252 314 1472 356 Postremo

91 392 193 421 cum
214 378 267 421 sit
288 378 483 423 Christus
515 380 722 423 Dominus
744 378 940 422 omnium
964 389 1007 424 et
1037 396 1166 439 super
1193 382 1336 425 omnia
1361 385 1473 426 Deus

92 447 349 492 benedictus
376 450 422 492 in
452 449 608 493 saecula
632 452 676 504 ²3
704 447 810 507 quid
843 464 892 491 ex
925 451 1127 494 omnibus
1160 453 1306 509 negari
1335 462 1475 510 potest

95 518 223 562 otiam
252 518 433 577 Spiritus
467 520 604 563 sanc'ti
638 533 772 577 opus,
802 518 878 577 qui
911 529 974 563 est
1006 521 1148 579 ipsum
1182 522 1403 565 Christum
1430 524 1477 565 in

100 596 222 631 utero
244 587 422 645 virginis
443 590 669 646 operatus?
698 589 810 632 Cum
832 588 948 630 enim
971 589 1138 647 Angelo
1163 589 1361 634 futurum
1382 608 1481 649 par-

102 667 192 701 tum
217 658 299 701 sibi
317 658 538 702 nuntianti
560 658 682 715 virgo
705 657 880 701 dixisset
904 677 912 701 :
945 677 964 700 «
989 659 1220 711 Quomodo
1243 662 1318 704 fiet
1344 662 1481 716 istud,

101 747 120 768 υ
145 727 353 787 quoniam
377 727 518 771 virum
541 743 631 772 non
656 742 870 786 cognosco
891 729 906 753 3
933 748 942 771 ;
972 746 991 768 »
1020 744 1270 787 responsum
1296 733 1481 789 accepit:

103 815 123 838 «
146 797 327 856 Spiritus
345 806 518 841 sanctus
536 797 812 856 superveniet
833 797 879 840 in
911 807 967 840 te.
997 815 1017 837 »
1039 798 1318 856 Singulorum
1342 810 1484 843 autem

99 881 230 925 opera
250 865 458 911 dicuntur
474 901 484 921 ,
511 881 611 926 quae
640 866 694 910 ad
718 881 1072 926 unamquamque
1098 883 1249 911 eorum
1279 869 1487 912 manifes-

102 946 248 982 tantur
278 938 494 996 pertinere
526 953 770 996 personam.
809 938 927 982 Sicut
958 947 1084 981 natus
1118 954 1167 982 ex
1201 939 1368 997 virgine
1402 955 1489 983 non

101 1008 181 1051 nisi
198 1007 329 1051 Filius
352 1008 367 1032 ⁴
394 1027 403 1051 :
425 1016 468 1051 et
489 1023 572 1052 vox
593 1007 648 1051 de
669 1008 787 1051 nube
807 1027 815 1051 2
847 1026 866 1049 «
894 1010 959 1051 Tu
986 1023 1029 1052 es
1054 1008 1188 1052 Filius
1211 1025 1333 1053 meus
1362 1010 1496 1054 dilec-

104 1096 123 1118 »
150 1087 219 1122 tus
239 1079 253 1103 ⁵
275 1113 285 1132 ,
325 1095 345 1118 »
383 1077 438 1121 ad
459 1078 591 1122 solius
613 1093 844 1137 personam
875 1079 1063 1136 pertinet
1089 1080 1226 1122 Patris
1254 1099 1262 1123 ;
1287 1089 1330 1123 et
1353 1082 1492 1139 speeie

99 1148 330 1207 corporali,
359 1150 472 1192 sicut
493 1149 714 1203 columba,
739 1148 854 1192 solus
877 1150 1077 1208 apparuit
1097 1150 1281 1208 Spiritus
1298 1160 1486 1195 sanctus.

103 1220 264 1262 Tamen
287 1227 330 1261 et
349 1217 469 1261 illam
491 1233 665 1262 carnem
688 1217 819 1262 solius
844 1218 963 1273 Filii,
986 1228 1029 1262 et
1049 1218 1167 1263 illam
1188 1235 1340 1264 vocem
1361 1221 1492 1265 solius

102 1288 260 1342 Patris,
288 1296 331 1331 et
358 1286 476 1331 illam
506 1289 691 1346 speciem
727 1287 857 1331 solius
895 1289 1076 1347 Spiritus
1105 1291 1263 1344 sancti,
1290 1291 1490 1335 universa

104 1359 288 1403 Trinitas
313 1368 493 1417 operata
515 1367 578 1402 est
601 1378 609 1402 :
640 1373 729 1402 nou
745 1358 868 1418 quod
885 1359 1100 1403 invalidus
1122 1361 1175 1403 sit
1197 1362 1496 1421 unusquisque

102 1443 253 1472 eorum
272 1463 283 1483 ‚
312 1428 404 1471 sine
429 1427 521 1471 aliis
539 1427 660 1486 quod
690 1436 894 1486 operatur
918 1428 1126 1486 implere3
1152 1429 1226 1472 sed
1246 1445 1335 1473 non
1353 1439 1495 1488 potest

102 1499 296 1557 operatio
323 1513 413 1541 esse
444 1497 603 1551 divisa,
629 1498 706 1541 ubi
739 1512 827 1541 non
859 1497 998 1541 solum
1028 1498 1206 1557 aequalis
1230 1508 1313 1553 est,
1340 1515 1493 1543 verum

101 1570 228 1613 etiarn
251 1567 483 1612 indiscreta
505 1576 660 1612 natura
702 1587 709 1610 :
734 1568 794 1610 ita
816 1575 866 1610 ut
897 1582 997 1610 cum
1022 1576 1105 1610 tres
1134 1568 1239 1621 sint,
1267 1577 1310 1611 et
1341 1584 1491 1612 eorum

103 1638 300 1697 singulus
317 1637 502 1696 quisque
524 1640 637 1681 Deus
658 1637 726 1691 sit,
746 1645 830 1680 tres
854 1645 1000 1679 tamen
1015 1636 1075 1679 dii
1092 1651 1181 1680 non
1198 1636 1297 1680 sint.
1319 1640 1427 1682 Nam
1450 1646 1492 1680 et
1528 1698 1531 1700 -

105 1713 230 1754 Pater
247 1711 362 1752 Deus
377 1716 456 1761 est,
478 1716 520 1750 et
540 1706 677 1751 Filius
696 1710 805 1750 Deus
825 1715 903 1760 est,
924 1716 965 1750 et
987 1706 1168 1764 Spiritus
1186 1716 1360 1751 sanetus
1377 1710 1490 1751 Deus

104 1789 168 1824 est
202 1798 211 1823 :
247 1794 328 1822 neo
360 1776 494 1821 Filius
526 1777 642 1820 idem
673 1777 748 1836 qui
777 1780 902 1820 Pater
932 1786 1016 1830 est,
1050 1792 1130 1820 nec
1158 1777 1274 1820 idem
1307 1778 1490 1836 Spiritus

106 1858 279 1894 sanctus
326 1848 403 1908 qui
440 1856 516 1891 aut
561 1851 686 1890 Pater
731 1855 807 1889 aut
839 1844 1002 1902 Filius3
1046 1845 1119 1889 sed
1163 1849 1289 1889 Pater
1322 1861 1490 1905 semper

108 1925 257 1977 Pater3
297 1927 342 1963 et
379 1918 514 1962 Filius
551 1932 720 1976 semper
759 1916 918 1969 Filius,
951 1925 994 1959 et
1032 1917 1261 1960 amborum
1305 1918 1486 1975 Spiritus

106 2005 334 2050 nunquam
356 1990 563 2048 cuiquam
584 2003 737 2031 eorum
755 1995 831 2030 aut
853 1990 980 2030 Pater
997 1994 1072 2029 aut
1102 1986 1236 2029 Filius
1252 2021 1263 2040 ‚
1290 1988 1366 2030 sed
1382 2003 1486 2031 sem·

104 2077 181 2121 per
201 2061 428 2119 utriusque
455 2059 638 2118 Spiritus
668 2077 677 2102 :
703 2059 902 2100 universa
922 2065 1068 2099 tamen
1093 2056 1277 2100 Trinitas
1294 2073 1405 2100 unus
1426 2068 1490 2102 est

106 2136 233 2176 Deus.
257 2131 364 2184 Quis
379 2131 526 2189 itaque
546 2138 692 2187 neget,
712 2143 800 2172 non
819 2130 987 2170 Patrem
1001 2161 1011 2179 ‚
1032 2141 1120 2169 non
1140 2126 1345 2184 Spiritum
1368 2142 1488 2171 sanc-

104 2212 224 2256 tum,
257 2199 333 2244 sed
366 2198 526 2243 Filium
562 2196 804 2241 ambulasse
843 2210 971 2253 super
1004 2196 1167 2253 aquas?
1200 2195 1339 2239 Solius
1371 2197 1486 2240 enim

106 2271 205 2315 Filii
224 2286 323 2315 caro
347 2278 431 2323 est,
458 2270 581 2328 cujus
603 2267 742 2311 earnis
764 2265 826 2309 illi
854 2265 984 2324 pedes
1001 2264 1122 2323 aquis
1143 2265 1333 2323 impositi
1354 2276 1396 2309 et
1414 2282 1489 2325 per

106 2357 239 2401 aquas
260 2340 382 2384 ducti
411 2347 527 2383 sunt.
554 2337 677 2381 Absit
708 2345 852 2380 autem
887 2343 936 2378 ut
957 2335 1040 2377 hoc
1073 2334 1164 2377 sine
1195 2337 1320 2378 Patre
1341 2335 1490 2381 fecisse

107 2411 335 2466 credatur3
358 2423 458 2453 cum
481 2407 535 2451 de
553 2406 639 2451 suis
659 2406 863 2464 operibus
879 2402 1177 2448 universaliter
1193 2403 1309 2448 dicat
1330 2424 1339 2448 :
1368 2424 1385 2445 «
1414 2409 1490 2450 Pa-

155 2520 164 2534 ¹
192 2524 201 2543 1
224 2514 295 2544 Cor.
321 2521 375 2549 xu,
398 2521 446 2541 11.
464 2526 505 2530 ——
523 2517 532 2529 ²
554 2508 600 2540 ld.
623 2518 694 2547 vm,
711 2507 750 2546 63
767 2509 857 2538 Rom.
877 2515 924 2545 ix,
943 2505 973 2535 5.
991 2501 1056 2526 --3
1078 2506 1154 2535 Luc.
1176 2516 1199 2541 1,
1215 2504 1267 2545 34.
1285 2522 1324 2527 -
1338 2505 1354 2528 l·
1376 2507 1488 2540 Mam„

108 2579 154 2605 ιιι,
178 2578 229 2609 ¹7>
247 2570 282 2599 et
298 2566 402 2597 Marc.
425 2577 448 2605 ι,
477 2576 523 2595 ιι.
541 2580 577 2586 -—
594 2560 608 2585 ⁵
626 2561 832 2601 Matth.x1v‚
851 2560 903 2591 25.

271 2628 457 2659 cxxxv1.
1282 2614 1326 2651 31
