1803 3250
325 209 406 248 432
468 223 499 246 s.
517 216 748 247 mensum
766 216 932 246 CONTRA
948 217 1253 247 AnvssusAntuM
1268 218 1405 257 nmts,
1426 219 1508 247 ιη.
1533 222 1581 247 11.

325 287 442 330 roris.
469 284 697 342 Disputare
715 293 861 328 autem
882 295 1090 345 coeperat,
1115 284 1237 345 quod
1257 300 1357 330 caro
1377 285 1510 329 alium
1531 285 1714 329 haberet

322 356 639 409 fabricatorem,
662 370 751 400 non
774 359 909 400 Deum
928 376 936 401 ε
962 356 1080 401 unde
1101 372 1199 400 cum
1223 372 1439 415 perpauca
1457 356 1648 410 dixisset,
1670 356 1714 398 in

323 428 411 486 ipso
434 426 612 470 exordio
635 435 779 487 coepta
801 427 923 472 finita
946 438 1062 472 sunt.
1093 428 1176 473 Sed
1200 437 1350 472 utrum
1373 428 1463 487 ipse
1486 436 1638 471 auctor
1660 442 1716 471 an

322 497 503 555 scriptor
532 497 692 542 codicis
725 513 814 542 non
836 500 1027 557 potuerit
1052 498 1232 558 implere
1255 498 1378 558 quod
1399 506 1608 558 coeperat,
1634 512 1715 541 ne-

320 566 420 611 scio.
462 570 520 610 De
552 567 634 612 hac
666 576 814 611 tamen
835 569 1054 613 dementia
1080 570 1310 614 hominum
1329 585 1418 614 non
1436 567 1716 614 consideran-

323 638 428 681 tium
468 639 579 698 quid
618 637 875 699 loquantur,
913 639 1117 685 adversus
1154 641 1419 686 Manichaeos
1454 639 1593 685 multa
1625 641 1717 699 jam

319 709 583 768 scripsimus,
608 718 652 754 et
674 710 720 755 in
743 711 874 771 hujus
895 711 1029 770 ipsius
1052 712 1194 770 operis
1225 712 1350 755 initio
1372 712 1547 766 idonea,
1573 726 1715 770 quan-

321 790 412 826 tum
435 782 649 837 existimo,
681 784 798 842 jacta
819 792 923 828 sunt
946 783 1258 838 fundamenta,
1280 783 1441 843 quibus
1462 783 1657 843 prudens
1676 792 1719 827 et

320 853 415 913 pius
453 852 590 898 lector
623 852 863 912 intelligat,
904 869 994 899 non
1031 854 1130 899 ideo
1170 854 1513 899 subtrahendam
1543 869 1719 899 carnem

319 924 522 983 operibus
560 924 654 983 Dei,
689 923 811 984 quod
840 925 1014 984 spiritus
1045 934 1201 970 natura
1236 927 1289 971 sit
1320 929 1484 985 potior,
1518 942 1599 970 nec
1621 924 1720 969 ideo

319 994 433 1040 mala
466 1010 556 1040 esse
584 996 663 1040 ista
699 995 973 1055 temporalia,
1005 997 1108 1056 quia
1142 998 1295 1041 merito
1317 997 1378 1041 eis
1401 1005 1720 1057 praeponuntur

318 1075 505 1125 aeterna3
542 1081 623 1111 nee
655 1064 755 1111 ideo
786 1067 903 1112 bona
932 1068 1151 1112 terrestria
1185 1067 1457 1123 detestanda,
1489 1069 1590 1128 quia
1619 1077 1722 1111 sunt

319 1137 514 1183 coelestia
531 1138 737 1184 meliora:
754 1154 855 1184 cum
870 1142 982 1184 Deus
998 1140 1210 1184 creaverit
1224 1140 1369 1184 omnia
1385 1140 1515 1193 bona,
1538 1154 1722 1197 magnus

320 1210 365 1254 in
381 1211 567 1270 magnis,
584 1210 661 1256 sed
683 1227 773 1256 non
795 1227 953 1271 parvus
975 1212 1018 1255 in
1039 1212 1194 1271 parvis.
1221 1214 1316 1256 Jam
1333 1210 1444 1255 illud
1459 1210 1579 1255 aliud
1600 1210 1720 1271 quod

322 1280 368 1325 in
390 1281 548 1326 eodem
570 1281 719 1327 codice
736 1282 867 1327 scribi
890 1291 1100 1342 coeperat,
1126 1282 1347 1327 Adimanti
1364 1298 1474 1340 opus
1496 1291 1576 1336 est,
1605 1281 1720 1325 illius

321 1351 522 1412 discipuli
543 1353 792 1409 Manichaei,
807 1354 883 1413 qui
902 1355 1173 1413 praenomine
1196 1354 1342 1399 Addas
1361 1352 1503 1396 dictus
1527 1361 1592 1395 est
1610 1371 1618 1395 :
1648 1353 1722 1395 ubi

320 1422 376 1466 de
394 1433 584 1484 utroque
605 1427 882 1468 Testamento
901 1424 1022 1468 velut
1043 1425 1156 1468 inter
1178 1439 1222 1467 se
1243 1423 1459 1468 contraria
1477 1423 1723 1468 testimonia

322 1496 608 1554 proferuntur
638 1495 852 1555 versipelli
887 1495 1144 1550 dolositate,
1183 1495 1306 1540 velut
1338 1495 1440 1539 inde
1468 1495 1723 1539 ostendatur

322 1575 561 1627 utrumque
584 1567 639 1611 ab
658 1583 748 1612 uno
775 1571 861 1612 Deo
880 1583 970 1612 esse
991 1583 1082 1612 non
1104 1583 1244 1627 posse,
1270 1568 1345 1612 sed
1369 1567 1553 1612 alterum
1579 1568 1633 1612 ab
1658 1567 1722 1612 al-

325 1646 431 1682 tero.
468 1648 620 1683 contra
654 1639 736 1682 hoc
768 1649 913 1683 autem
939 1638 1183 1698 malignum
1211 1639 1614 1684 machinamentum
1632 1641 1722 1699 jam

323 1707 426 1752 olim
455 1710 719 1768 scripsimus,
752 1719 800 1754 ut
835 1710 966 1770 paulo
998 1719 1099 1754 ante
1129 1710 1491 1766 commemoravi,
1517 1719 1559 1753 et
1581 1709 1722 1769 ipsum

322 1780 595 1838 Opusculum
619 1789 819 1825 nostrum
837 1781 999 1825 habere
1022 1797 1098 1826 vos
1119 1780 1266 1826 credo.
1289 1780 1497 1834 Quamvis
1519 1780 1723 1840 quaedam

322 1850 409 1894 sint
431 1866 649 1910 perpauca
672 1851 718 1895 in
740 1852 826 1895 fine
849 1852 982 1911 ipsius
1005 1853 1145 1911 operis
1168 1851 1418 1906 Adimanti,
1450 1851 1611 1910 quibus
1635 1866 1725 1895 non

323 1921 551 1981 respondi:
573 1923 719 1967 nescio
734 1923 896 1983 quibus
912 1923 1044 1977 enim,
1064 1932 1113 1967 ut
1127 1923 1218 1966 fieri
1233 1922 1358 1977 solet,
1380 1922 1722 1977 incurrentibus,

323 2008 423 2052 quae
440 1994 577 2053 magis
599 1992 862 2038 videbantur
881 2009 1051 2053 urgere,
1070 1993 1143 2038 illa
1161 1995 1404 2054 interrupta
1426 1995 1485 2039 sic
1507 2009 1725 2039 remanse-

324 2073 442 2109 runt.
471 2065 556 2110 Sed
579 2075 629 2110 ut
646 2064 750 2120 dixi,
775 2065 821 2110 in
846 2066 934 2109 fine
952 2080 1168 2125 perpauca
1190 2074 1310 2120 sunt,
1336 2081 1436 2125 quae
1457 2066 1491 2110 si
1512 2066 1725 2111 Dominus

324 2136 526 2195 voluerit,
547 2147 825 2198 quantocyus
843 2137 1057 2198 explicare
1074 2137 1254 2182 curabo.

895 2427 1161 2445 *OQ—-
