1803 3250
367 195 443 231 162
799 198 833 228 S.
869 198 1097 228 Aucus-riui
1132 201 1313 227 Eplscom

412 270 483 312 [V.
522 265 789 324 Augustinus
813 267 1036 326 respondit
1056 286 1064 312 :
1089 268 1200 312 Cum
1220 267 1279 311 ait
1296 267 1529 327 Apostolus
1549 282 1560 311 :
1590 284 1610 308 «
1631 268 1739 311 Om-

358 359 376 379 »
398 339 468 381 nia
492 335 656 380 munda
694 335 897 381 mundis¹
918 356 926 382 :
951 359 967 379 »
1009 348 1183 383 naturas
1219 338 1331 397 ipsas
1363 336 1547 397 intelligi
1578 337 1738 393 voluit,

353 423 459 468 quas
485 410 597 451 Deus
615 408 788 463 creavit,
808 408 1051 453 secundum
1066 409 1175 454 illud
1193 409 1314 470 quod
1333 412 1505 467 Moyses
1524 408 1570 452 in
1588 408 1743 453 Genesi

352 480 550 539 scripsit:
580 498 600 522 «
620 482 677 524 Et
710 480 811 525 fecit
844 483 958 525 Deus
990 482 1158 537 omnia,
1189 491 1234 526 et
1256 497 1354 527 ecce
1378 483 1494 527 bona
1514 480 1667 526 valde‘2
1689 499 1699 524 ι
1719 497 1740 521 »

350 566 440 595 non
475 551 809 611 significationes
825 587 835 606 ,
872 553 1113 596 seeundum
1148 568 1256 610 quas
1292 557 1402 598 Deus
1425 568 1503 613 per
1534 550 1739 596 eumdem

355 625 534 680 Moysen
556 623 610 667 ab
630 622 867 667 immundis
884 623 1047 668 munda
1069 623 1294 669 discrevit3
1315 644 1322 669 :
1347 624 1464 669 unde
1485 623 1587 683 quia
1606 622 1743 667 multa

349 702 391 737 et
416 693 562 737 multis
590 693 694 738 locis
726 696 816 755 jam
850 695 1062 750 diximus,
1100 710 1217 740 nunc
1256 695 1446 739 breviter
1467 693 1744 739 admonuisse

346 766 579 810 suffecerit.
615 766 803 810 Proinde
831 765 949 821 illos,
990 767 1065 825 qui
1099 768 1188 825 jam
1224 775 1422 826 tempore
1464 765 1741 810 revelationis

347 837 458 882 Novi
484 836 775 890 Testamenti,
800 835 943 879 adhuc
966 835 1060 879 illas
1080 836 1257 880 umbras
1280 836 1531 882 futurorum
1560 837 1618 880 ita
1645 850 1744 880 cus-

349 907 576 952 todiendas
607 915 840 965 putarent,
878 916 926 951 ut
955 906 1047 950 sine
1074 907 1126 952 iis
1149 908 1310 952 Gentes
1332 908 1543 963 salutem,
1576 922 1675 967 quae
1698 907 1743 950 in

347 978 520 1022 Christo
543 986 622 1032 est,
641 977 865 1035 percipere
882 993 971 1021 non
990 992 1113 1036 posse
1131 977 1466 1033 contenderent,
1491 978 1744 1022 immundos

346 1048 448 1093 dicit
480 1047 740 1107 ApostoluS,
775 1046 895 1109 quod
924 1046 1154 1093 carnaliter
1188 1059 1417 1108 saperent,
1447 1059 1491 1094 et
1512 1047 1738 1104 infideles,

347 1119 468 1180 quod
491 1128 662 1178 tempus
691 1119 840 1178 gratiae
869 1134 892 1163 a
922 1119 1047 1178 Legis
1079 1129 1276 1179 tempore
1305 1136 1395 1166 non
1427 1120 1739 1165 discernerent.

341 1190 510 1243 Quibus
532 1189 630 1234 ideo
651 1188 755 1234 dicit
778 1189 885 1233 nihil
909 1205 999 1234 esse
1022 1190 1252 1246 mundum,
1274 1193 1377 1252 quia
1395 1200 1437 1236 et
1454 1191 1503 1235 iis
1526 1206 1628 1250 quae
1646 1205 1742 1235 res-

348 1262 545 1321 puebant
559 1297 569 1316 ,
592 1270 634 1305 et
657 1261 704 1305 iis
728 1276 828 1320 quae
848 1261 1079 1305 sumebant
1097 1296 1107 1316 ,
1140 1278 1229 1306 non
1247 1271 1394 1307 sancte
1412 1277 1493 1306 nec
1506 1263 1624 1322 juste
1645 1270 1742 1305 ute-

349 1333 508 1377 bantur
534 1353 542 1377 :
568 1333 679 1377 sicut
701 1347 850 1376 omnes
874 1332 1053 1393 quidem
1076 1332 1273 1378 infideles
1289 1368 1300 1388 ,
1327 1333 1403 1377 sed
1424 1348 1501 1377 vos
1522 1332 1741 1392 praecipue

346 1404 601 1456 Manichaei,
627 1402 786 1463 quibus
804 1403 985 1447 omnino
998 1402 1107 1446 nihil
1122 1412 1185 1447 est
1203 1402 1435 1447 mundum.
1457 1405 1609 1463 Neque
1626 1403 1741 1447 enim

346 1476 470 1520 cibus
491 1477 582 1535 ipse
604 1490 736 1535 quem
761 1475 943 1529 sumitis,
972 1476 1172 1534 quamvis
1205 1490 1303 1519 eum
1333 1489 1492 1534 magna
1517 1473 1742 1534 diligentia

346 1547 469 1607 quasi
498 1563 519 1591 a
548 1547 687 1591 carnis
720 1546 979 1605 contagione
1018 1547 1222 1605 separetis
1240 1581 1251 1601 ,
1287 1544 1480 1590 mundus
1506 1555 1570 1590 est
1590 1545 1737 1600 vobiS,

344 1633 477 1679 quem
509 1626 703 1662 creatum
733 1617 814 1660 nisi
843 1633 865 1659 a
899 1616 1077 1661 diabolo
1108 1632 1197 1661 non
1229 1616 1387 1661 dicitis.
1422 1620 1474 1661 In
1502 1616 1578 1662 illo
1610 1617 1739 1661 etiam

344 1688 477 1734 deum
499 1697 693 1733 vestrum
716 1688 898 1747 ligatum
927 1697 1057 1748 atque
1086 1687 1309 1747 pollutum
1330 1704 1407 1733 vos
1430 1687 1604 1734 edendo
1628 1703 1739 1748 pur-

346 1776 446 1820 gare
467 1759 719 1821 perhibetis.
746 1760 834 1803 Vos
857 1757 1010 1803 saltem
1024 1759 1145 1803 vobis
1162 1760 1315 1803 mundi
1333 1759 1607 1815 videremini,
1628 1775 1740 1820 quo-

346 1848 445 1877 rum
467 1830 691 1877 ventribus
709 1839 899 1874 meretur
920 1829 994 1874 ille
1019 1831 1209 1890 purgari.
1235 1831 1320 1876 Sed
1337 1840 1379 1876 et
1394 1841 1534 1877 vestra
1557 1847 1739 1891 corpora

345 1913 548 1949 naturam
569 1911 611 1946 et
629 1902 851 1961 opificium
874 1902 1011 1960 gentis
1030 1902 1309 1947 tenebrarum
1336 1919 1428 1947 esse
1449 1903 1712 1948 contenditis
1725 1938 1736 1958 ,

347 1975 510 2020 animas
543 1982 685 2018 autem
719 1981 878 2017 vestras
905 1972 1004 2031 ipsis
1028 1972 1171 2017 adhuc
1193 1973 1448 2033 corporibus
1471 1974 1734 2034 inquinatas.

347 2045 466 2099 Quid
488 2060 591 2104 ergo
614 2043 736 2088 vobis
759 2051 822 2088 est
839 2042 1054 2087 mundum
1070 2045 1088 2087 P
1107 2045 1204 2089 Non
1219 2059 1320 2105 quae
1337 2045 1522 2100 sumitis,
1544 2061 1635 2090 non
1649 2061 1739 2106 quo

348 2116 518 2161 mittitis
539 2130 587 2159 ea
611 2130 710 2175 quae
732 2114 901 2158 sumitis
916 2149 926 2169 ,
952 2129 1041 2158 non
1064 2130 1138 2159 vos
1167 2115 1247 2174 ipsi
1275 2116 1352 2176 qui
1374 2125 1547 2176 sumpta
1576 2131 1739 2176 purga-

347 2187 415 2231 tis.
446 2185 609 2232 Videtis
631 2201 735 2245 ergo
756 2193 934 2245 propter
953 2200 1062 2245 quos
1085 2194 1191 2230 tunc
1208 2186 1333 2230 istam
1353 2187 1614 2231 sententiam
1629 2187 1737 2232 dixit

347 2257 614 2317 Apostolus:
642 2256 773 2301 talem
807 2265 954 2300 tamen
986 2256 1117 2312 dixit,
1155 2273 1254 2318 quae
1287 2273 1437 2303 omnes
1471 2258 1668 2303 infideles
1696 2268 1739 2303 et

348 2329 598 2373 immundos
617 2335 800 2382 teneret,
825 2326 901 2371 sed
920 2342 996 2372 vos
1019 2328 1237 2387 praecipue
1259 2329 1535 2389 maximeque
1555 2329 1738 2374 convin-

347 2410 478 2445 ceret.
504 2399 659 2444 Omnia
677 2413 780 2458 ergo
804 2396 966 2442 munda
989 2397 1185 2454 mundis,
1206 2399 1449 2443 secundum
1467 2408 1669 2444 naturam
1693 2400 1739 2444 in

349 2487 435 2530 qua
459 2480 600 2515 creata
629 2478 731 2514 sunt
752 2488 760 2514 :
788 2484 875 2514 non
909 2477 1053 2513 tamen
1086 2470 1231 2515 omnia
1254 2469 1496 2516 secundum
1518 2471 1736 2531 significa-

399 2562 405 2578 ¹
432 2555 538 2597 'rit,1,
562 2554 611 2587 15.
627 2562 691 2578 -2
711 2556 788 2587 Gen.
812 2552 1114 2595 1,[31.-13chit..
1138 2565 1176 2586 xi,
