1803 3250
325 171 406 209 238
764 179 797 208 s.
833 180 1063 210 AUGUSTINI
1087 184 1266 211 nmscom

320 261 496 298 corona,
534 244 691 288 malam
725 246 922 305 sequitur
952 262 1098 306 poena.
1138 250 1249 291 Deus
1273 248 1407 308 judex
1430 249 1707 296 voluntatum

319 326 398 370 est,
423 325 590 360 creator
607 325 752 361 autem
771 327 1040 363 naturarum.
1065 320 1106 364 Si
1129 334 1232 378 ergo
1254 329 1381 379 putas
1398 321 1494 379 cogi
1518 331 1560 365 te
1582 332 1632 367 ut
1652 323 1708 367 sis

318 387 605 441 Christianus,
626 387 727 432 audi
748 404 770 432 a
793 389 918 433 nobis
941 390 1120 437 omnino
1144 399 1184 434 te
1207 406 1296 435 non
1319 392 1431 450 cogi.
1451 392 1606 450 Cogita
1629 408 1708 452 po-

320 457 401 501 tius
424 474 523 518 quae
550 459 688 514 audis,
717 462 960 519 perpende,
986 462 1030 504 in
1054 470 1128 505 tua
1154 460 1380 507 voluntate
1404 478 1447 506 es
1477 481 1484 506 :
1511 464 1707 510 examina

318 539 366 573 ut
386 530 591 589 prudens,
610 531 644 574 si
663 540 808 576 tamen
830 533 874 576 in
894 542 935 577 te
957 543 1021 577 est
1043 533 1130 577 ulla
1156 535 1385 593 prudentia
1407 533 1475 579 vel
1495 535 1702 591 humana,

315 609 463 644 utrum
486 617 534 645 ea
563 617 663 661 quae
685 601 800 648 dicta
823 612 951 659 sunt,
979 604 1160 648 veritate
1194 603 1303 649 fulta
1335 606 1448 664 sint,
1474 614 1621 650 utrum
1656 615 1706 650 tu

313 671 403 731 ipse
429 672 474 716 in
505 673 735 717 Manichaei
762 675 892 718 vestri
914 673 1165 719 defensione
1183 674 1409 731 defeceris,
1434 676 1546 720 sicut
1568 691 1706 736 appa-

312 751 377 787 ret
402 762 410 787 :
440 752 483 788 et
505 745 685 804 quando
702 744 908 801 volueriS,
933 754 1025 790 esto
1047 744 1169 806 quod
1191 745 1389 791 nondum
1411 762 1470 802 eS,
1492 755 1536 792 et
1556 746 1705 792 desine

312 829 400 859 esse
418 815 539 874 quod
561 830 621 859 es.

368 888 490 930 XIII.
527 889 632 930 FEL.
670 885 780 930 dixit
815 906 823 930 :
859 904 878 928 «
905 889 1017 931 Ecce
1047 888 1137 947 jam
1172 889 1486 948 compendive,
1523 898 1572 934 ut
1596 889 1704 934 dixit

310 958 520 1001 Sanctitas
546 960 636 1002 Tua
669 977 677 1001 :
712 973 794 1002 nec
825 958 995 1003 chartas
1026 958 1326 1015 cumulemus,
1362 961 1396 1005 si
1430 961 1509 1005 tibi
1542 960 1698 1021 placet,

307 1028 429 1089 quod
450 1029 579 1088 petivi
608 1028 775 1088 pridem
803 1047 813 1075 ι
838 1030 926 1074 huc
949 1031 1077 1088 veni,
1112 1031 1293 1076 ostende
1322 1032 1426 1076 mihi
1457 1032 1698 1089 veritatem,

308 1109 358 1144 ut
379 1099 490 1144 illud
508 1100 629 1161 quod
651 1111 793 1155 teneo,
819 1111 967 1160 pareat
994 1102 1097 1162 quia
1114 1103 1270 1147 veritas
1292 1118 1381 1148 non
1403 1112 1482 1158 est,
1508 1112 1551 1148 et
1572 1104 1703 1148 habes

307 1186 376 1216 me
398 1181 596 1231 paratum
622 1171 675 1216 ad
697 1171 982 1216 credendum.
1017 1191 1038 1214 »

366 1245 479 1287 Auo.
506 1243 615 1287 dixit
634 1262 642 1288 z
662 1245 758 1287 Jam
781 1242 961 1303 quidem
983 1244 1104 1304 quod
1127 1253 1261 1298 tenes,
1287 1244 1387 1288 satis
1401 1253 1580 1304 apparet
1597 1246 1700 1305 quia

303 1314 458 1358 veritas
480 1330 569 1358 non
587 1323 665 1358 est.
692 1314 819 1358 Absit
840 1315 955 1358 enim
978 1331 1002 1359 a
1025 1314 1231 1359 cordibus
1249 1315 1475 1359 veritatem
1493 1331 1698 1376 quaeren-

304 1385 414 1430 tium
442 1385 512 1430 vel
534 1386 796 1441 tenentium,
822 1395 871 1430 ut
898 1386 1077 1430 credant
1101 1389 1239 1430 Deum
1265 1387 1552 1436 substantiam
1574 1402 1699 1431 suam

302 1456 553 1500 necessitate
574 1466 773 1501 coactum
798 1456 992 1501 mersisse
1013 1458 1264 1501 daemonum
1286 1466 1453 1501 naturae
1476 1456 1699 1516 ligandam

299 1536 431 1588 atque
455 1526 754 1587 polluendam.
781 1528 907 1572 Absit
930 1544 953 1572 a
979 1527 1180 1572 fidelibus
1202 1529 1378 1572 credere
1402 1532 1541 1572 Deum
1564 1528 1620 1573 ad
1640 1528 1697 1572 li-

301 1598 537 1643 berandam
566 1599 855 1644 substantiam
887 1615 1008 1643 suam
1039 1609 1293 1644 convertere
1327 1615 1371 1643 se
1403 1600 1448 1643 in
1480 1599 1695 1644 masculos

298 1680 449 1715 contra
472 1671 691 1727 foeminas,
708 1680 751 1716 et
770 1671 814 1716 in
834 1671 1038 1716 foeminas
1060 1681 1212 1716 contra
1235 1671 1450 1717 masculos
1467 1671 1523 1716 ad
1543 1686 1693 1716 eorum

297 1743 692 1803 concupiscentiam
728 1742 1001 1787 irritandam.
1045 1743 1169 1788 Absit
1205 1760 1227 1788 a
1271 1743 1475 1788 fidelibus
1517 1743 1693 1788 credere

298 1816 437 1859 Deum
459 1815 746 1859 substantiam
774 1830 896 1858 suam
914 1850 925 1869 ,
963 1830 1096 1874 quam
1119 1815 1210 1874 ipse
1233 1815 1506 1860 daemonibus
1527 1816 1690 1872 mersit,

295 1896 443 1945 postea
471 1886 517 1930 in
549 1895 761 1930 aeternum
793 1885 1016 1929 damnare.
1045 1888 1139 1929 Hoc
1162 1902 1265 1945 ergo
1298 1887 1400 1946 quia
1422 1887 1579 1932 veritas
1602 1903 1692 1931 non

296 1966 386 2012 est,
425 1955 704 2001 manifestum
736 1965 813 2000 est.
852 1956 936 2000 Sed
971 1956 1074 2016 quia
1096 1957 1159 2001 vis
1187 1958 1266 2001 tibi
1294 1973 1373 2017 pro
1403 1958 1481 2002 ista
1505 1957 1692 2003 falsitate

296 2026 472 2086 expulsa
504 2036 636 2088 atque
665 2026 891 2081 convicta,
918 2026 1115 2086 patefieri
1150 2027 1398 2082 veritatem,
1429 2027 1463 2072 si
1492 2027 1601 2088 quid
1634 2028 1690 2072 de

295 2099 597 2158 cognoscenda
618 2098 704 2143 fide
736 2097 949 2144 catholica
979 2098 1123 2142 adhuc
1155 2099 1410 2166 movet,.ab
1441 2100 1564 2144 initio
1587 2099 1689 2144 fidei

294 2171 455 2230 poteris
473 2170 650 2215 erudiri.
670 2171 845 2215 Etenim
862 2179 1012 2230 aptum
1031 2171 1299 2230 perceptioni
1315 2170 1509 2216 veritatis
1527 2172 1692 2216 incom-

294 2241 469 2285 mutatis
490 2241 594 2285 facit
616 2241 686 2300 pia
718 2240 825 2284 fides
857 2259 866 2285 ι
892 2255 916 2284 a
938 2256 1024 2299 qua
1055 2239 1142 2284 fide
1172 2241 1367 2300 quisquis
1390 2241 1583 2301 incipere
1605 2257 1692 2286 no-

294 2310 439 2367 luerit,
468 2313 682 2372 superbus
706 2310 809 2356 foris
834 2311 1090 2365 remanebit,
1121 2321 1164 2356 et
1185 2311 1239 2355 ad
1262 2312 1304 2356 id
1329 2328 1418 2372 quo
1436 2312 1594 2368 tendit,
1620 2312 1689 2358 vel

294 2398 385 2443 quo
411 2382 508 2427 vult
538 2384 788 2443 pervenire,
822 2380 1000 2442 perduci
1029 2396 1118 2425 non
1151 2382 1326 2441 poterit.
1360 2383 1444 2428 Sed
1471 2383 1574 2444 quia
1597 2384 1688 2444 jam

296 2452 368 2498 illa
391 2453 554 2502 falsitas
580 2453 809 2498 manifesta
838 2461 918 2507 est,
944 2452 1175 2496 anathema
1203 2451 1454 2509 falsitatem,
1482 2462 1533 2498 ut
1553 2454 1687 2514 possis

294 2524 484 2586 incipere
507 2532 633 2585 aptus
654 2539 744 2569 esse
762 2522 817 2569 ad
839 2522 1186 2583 cognoscendam
1205 2522 1446 2568 veritatem..
