1803 3250
351 209 403 248 «54
787 225 818 248 s.
858 220 1085 252 AUGUS'I'lnt
1123 224 1299 251 liviscor!

347 302 431 344 qua
471 285 680 344 prodente
717 285 962 344 legentibus
998 289 1291 334 innotescunt.
1334 288 1542 332 Consulta
1577 289 1739 348 quippe

345 365 505 399 aeterna
530 355 595 399 lex¹
620 355 709 411 illa,
731 372 831 417 quae
850 358 1048 402 ordinem
1069 360 1311 405 naturalem
1333 362 1575 404 conservari
1592 360 1736 419 jubet,

347 426 592 483 perturbari
617 436 751 484 vetat,
799 429 971 473 nonnisi
992 432 1315 490 propagationis
1338 447 1464 475 causa
1488 431 1638 474 statuit
1662 432 1741 474 ho-

345 497 472 541 minis
504 499 794 544 concubitum
811 500 920 555 fieri,
947 509 990 544 et
1006 501 1090 545 hoe
1112 502 1285 546 nonnisi
1309 501 1523 547 socialiter
1540 501 1741 546 ordinato

343 569 590 626 connubio,
627 571 748 631 quod
778 587 866 617 non
901 581 1121 632 pervertat
1147 573 1372 618 vinculum
1405 575 1546 633 pacis:
1574 583 1616 618 et
1643 573 1742 618 ideo

343 640 593 698 prostitutio
629 640 927 699 foeminarum,
967 658 1056 688 non
1089 643 1144 688 ad
1177 644 1524 689 substituendam
1554 644 1740 704 prolem,

340 712 416 757 sed
449 714 505 759 ad
539 714 781 760 satiandam
812 714 1040 760 libidinem
1065 717 1403 775 propositarum,
1429 716 1576 760 divina
1610 725 1742 776 atque

340 792 505 830 aeterna
529 786 622 846 lege
640 785 890 832 damnatur.
912 789 1099 831 Omnem
1118 787 1282 847 quippe
1297 786 1554 832 dehonestat
1572 795 1744 846 empto-

343 870 430 900 rem
451 858 682 916 turpitudo
699 857 862 903 venalis
881 878 889 903 ι
917 873 965 902 ac
988 873 1065 917 per
1089 858 1172 902 hoc
1197 860 1218 902 J
1226 856 1331 902 udas
1350 859 1427 902 etsi
1447 858 1620 917 gravius
1641 872 1743 916 pec-

339 937 501 983 casset,
543 930 577 973 si
615 945 777 973 nurum
812 929 950 973 sciens
985 943 1086 972 cum
1117 943 1166 972 ea
1196 930 1490 973 concumbere.
1511 928 1742 986 voluisset3

336 1004 348 1048 tv
368 1017 387 1038 κ
413 999 456 1043 Si
476 1000 592 1043 enim
610 1000 675 1044 vir
693 1009 738 1044 et
754 1015 879 1055 uxor,
905 999 1016 1044 sicut
1036 1000 1248 1044 Dominus
1270 998 1391 1054 dicit,
1414 1015 1503 1044 non
1521 1000 1611 1059 jam
1635 1000 1741 1054 duo,

340 1070 476 1115 »‘sed
504 1087 592 1115 una
614 1087 715 1116 caro
749 1075 854 1128 est¹‚
883 1087 1017 1116 »non
1053 1070 1176 1115 aliter
1209 1087 1345 1115 nurus
1387 1080 1450 1114 est
1492 1071 1745 1130 deputanda

340 1158 474 1204 quam
488 1142 597 1187 filia:
615 1146 629 1200 )
647 1152 792 1187 tamen
812 1158 930 1198 eum,
953 1152 1167 1202 quantum
1186 1144 1229 1187 in
1247 1144 1340 1202 ipso
1358 1152 1464 1198 erat,
1491 1141 1746 1186 deformiter

342 1230 441 1259 cum
478 1214 703 1258 meretrice
734 1214 918 1259 cubasse
941 1230 1031 1259 non
1055 1213 1239 1259 dubium
1268 1223 1346 1258 est.
1375 1217 1431 1258 At
1454 1212 1525 1257 illa
1549 1230 1648 1274 quae
1670 1229 1742 1258 so-

341 1302 492 1331 cerum
516 1285 685 1342 fefellit,
713 1301 801 1331 non
824 1286 963 1331 carnis
987 1287 1078 1347 ejus
1101 1285 1470 1345 concupiscentia,
1497 1300 1578 1329 nec
1600 1300 1742 1329 mere-

342 1360 476 1404 triciae
495 1359 705 1403 mercedis
728 1358 966 1419 cupiditate
990 1358 1211 1418 peccavit:
1236 1357 1311 1401 scd
1337 1373 1386 1401 ex
1411 1358 1504 1417 ipso
1533 1357 1745 1416 sanguine

341 1431 508 1490 prolem
543 1431 782 1491 requirens,
820 1448 869 1474 ex
905 1445 994 1490 quo
1027 1429 1201 1474 duobus
1227 1430 1319 1489 jam
1342 1428 1552 1472 fratribus
1582 1437 1738 1488 nupta,

346 1504 471 1548 tertio
502 1518 680 1563 quoque
703 1502 919 1561 denegato
944 1502 1105 1546 habere
1130 1516 1219 1546 non
1251 1500 1412 1560 potuit,
1446 1500 1558 1560 patri
1591 1515 1743 1545 eorum

341 1590 489 1619 socero
508 1591 587 1620 suo
604 1573 855 1619 foetandum
873 1589 1030 1633 corpus
1040 1572 1194 1617 fraude
1212 1573 1413 1633 subjecit,
1431 1573 1613 1632 pignore
1630 1587 1741 1616 mer—

339 1647 456 1690 cedis
477 1656 670 1707 accepto,
697 1646 818 1706 quod
840 1661 930 1690 non
952 1646 1008 1690 ad
1029 1654 1352 1699 ornamentum,
1371 1643 1446 1687 sed
1464 1642 1520 1689 ad
1542 1644 1740 1688 testimo-

339 1718 463 1763 nium
477 1717 723 1763 reservavit.
745 1716 899 1762 Melius
912 1716 1090 1777 quidem
1106 1715 1197 1761 sine
1212 1714 1309 1760 filiis
1328 1724 1586 1771 remaneret,
1605 1731 1737 1776 quam

338 1791 429 1835 sine
445 1791 544 1850 jure
566 1789 831 1834 matrimonii
850 1798 989 1833 mater
1006 1788 1130 1832 fieret
1149 1806 1157 1833 :
1182 1787 1310 1846 longe
1329 1797 1477 1831 tamen
1495 1786 1577 1831 alia
1594 1786 1738 1831 inten-

330 1861 458 1906 tione
492 1861 704 1922 peccavit,
730 1859 850 1920 quod
875 1859 972 1903 filiis
1002 1859 1087 1903 suis
1119 1867 1288 1918 patrem
1310 1858 1501 1918 providit
1535 1873 1734 1903 socerum

327 1949 485 1989 -suum,
513 1947 646 1993 quam
669 1932 702 1975 si
725 1946 824 1975 eum
847 1930 928 1974 sibi
949 1930 1221 1990 concupisset
1245 1928 1512 1974 adulterum.
1541 1930 1739 1990 Denique

327 2020 441 2049 <cum
458 2005 581 2064 jussu
606 2004 698 2063 ejus
722 2001 1039 2062 produceretur
1062 2000 1116 2045 ad
1138 2010 1340 2058 mortem,
1367 2010 1410 2045 et
1430 2001 1613 2061 virgam,
1640 2016 1738 2044 mo-

333 2076 448 2132 mile,
472 2085 610 2136 atque
633 2072 844 2119 annulum
864 2073 1128 2133 protulisset,
1155 2071 1303 2117 dicens
1325 2072 1379 2116 ab
1402 2087 1453 2116 eo
1473 2088 1516 2116 se
1539 2071 1739 2132 gravida-

334 2157 439 2204 tam,
482 2148 608 2207 cujus
644 2145 825 2205 pignora
860 2143 931 2187 illa
966 2152 1129 2200 essent3
1155 2143 1231 2187 ubi
1263 2159 1312 2187 ea
1341 2159 1440 2203 quae
1466 2142 1645 2187 dederat
1666 2142 1739 2186 ille

320 2218 559 2279 cognovit,
578 2217 705 2261 istam
723 2214 857 2274 magis
875 2230 1007 2275 quam
1025 2214 1362 2274 sejustificatam
1386 2229 1475 2258 esse
1496 2213 1736 2274 respondit,

320 2291 454 2351 *quod
478 2289 516 2334 ei
542 2287 686 2331 filium
717 2301 845 2333 suum
869 2285 1073 2330 maritum
1097 2286 1362 2345 conjungere
1387 2284 1620 2342 noluisset3
1652 2300 1740 2344 qua

318 2362 626 2406 destitutione
645 2358 887 2419 compulsa,
910 2357 985 2402 illo
1002 2358 1134 2402 modo
1153 2357 1294 2416 potius
1312 2371 1445 2416 quam
1467 2356 1589 2401 nullo
1607 2356 1740 2401 modo

332 2434 630 2492 posteritatem
668 2446 760 2475 non
789 2427 969 2474 aliunde
993 2443 1125 2488 quam
1149 2428 1203 2472 ab
1227 2428 1378 2472 eadem
1401 2428 1533 2487 stirpe
1555 2427 1740 2488 conqui-

331 2514 459 2549 reret.
498 2507 551 2549 In
584 2520 672 2565 qua
702 2500 938 2558 sententia,
970 2514 1060 2546 non
1089 2513 1183 2544 eam
1209 2498 1505 2559 justificatam,
1538 2497 1614 2544 sed
1643 2513 1738 2544 eam

379 2597 386 2613 ¹
404 2589 525 2624 Mattli.
547 2601 617 2633 xix,
636 2587 671 2621 6.
