1803 3250
0 414 5 530 „V—-a-ff
0 125 13 409 *mm-HQ:
12 103 13 113 ⁴
2 72 19 95 2

459 203 620 232 CONTM
655 204 868 241 unsrun,
905 205 986 232 mn.
1024 207 1128 234 xxx.
1404 196 1481 234 151

106 406 1131 426 mmmm-mmmmmmwwmwwm
1135 410 1487 428 mmmmm

568 573 789 653 LIBER
828 595 1011 655 XXX.

159 825 195 868 I.
230 825 424 868 FAnsrus
451 821 560 867 dixit
581 842 591 869 ;
621 841 642 865 «
659 825 722 868 De
741 822 864 869 vobis
882 821 1146 883 jamdudum
1168 823 1329 870 Paulus
1352 826 1489 887 scrip-

99 893 154 938 sit
173 912 183 939 :
211 911 233 936 «
249 893 362 946 Quia
375 892 600 938 discedent
615 893 794 954 quidam
809 909 833 937 a
850 892 953 948 fide,
970 894 1248 939 intendentes
1264 896 1487 955 spiritibus

99 983 120 1007 »
146 964 421 1020 seductoriis,
456 964 663 1009 doctrinis
698 963 1017 1010 daemoniorum
1037 1001 1048 1021 ,
1083 966 1128 1009 in
1160 966 1383 1026 hypocrisi
1417 968 1486 1013 lo-

95 1055 117 1078 »
141 1045 325 1096 quentes
339 1036 634 1091 mendacium,
653 1036 936 1080 cauteriatam
949 1036 1158 1081 habentes
1173 1038 1484 1084 conscientiam

96 1125 117 1150 »
141 1121 263 1151 suam
281 1126 293 1164 3
309 1105 590 1166 prohibentes
605 1106 788 1160 nubere,
805 1106 1070 1150 abstinentes
1084 1122 1108 1150 a
1122 1107 1230 1151 cibis
1242 1123 1352 1168 quos
1371 1112 1484 1154 Deus

98 1200 118 1222 »
142 1177 304 1224 creavit
325 1177 380 1223 ad
404 1176 735 1237 percipiendum
757 1191 858 1222 cum
882 1178 1119 1236 gratiarum
1146 1179 1316 1224 actione
1341 1179 1485 1225 fideli—

96 1268 117 1292 »
141 1249 298 1294 libus¹.
317 1268 338 1292 »
362 1251 599 1310 Nunquam
621 1248 749 1309 plane
768 1249 850 1294 tibi
863 1264 944 1309 ego
957 1250 1052 1295 haec
1071 1252 1124 1296 ab
1145 1251 1355 1312 Apostolo
1370 1253 1485 1299 dicta

92 1336 182 1365 esse
202 1321 509 1376 consenserim,
543 1320 627 1365 nisi
656 1329 783 1364 antea
816 1320 1061 1365 confitearis
1090 1322 1208 1381 ipse,
1236 1326 1421 1381 Moysen
1443 1334 1485 1369 et

93 1392 333 1451 Prophetas
354 1391 574 1436 doctrinas
593 1390 788 1436 attulisse
810 1390 1128 1437 daemoniorum
1138 1396 1172 1450 ²,
1193 1402 1236 1438 et
1250 1394 1483 1440 seductorii

91 1462 266 1522 spiritus
286 1478 336 1507 ac
355 1462 534 1521 maligni
550 1460 681 1506 fuisse
703 1461 977 1522 interpretes,
998 1462 1075 1523 qui
1093 1479 1116 1508 a
1138 1464 1318 1524 porcina
1339 1475 1383 1510 et
1400 1481 1485 1510 cae-

92 1533 192 1578 teris
219 1533 446 1587 carnibus,
477 1548 585 1594 quas
612 1532 860 1578 immundas
881 1543 1041 1578 vocant
1057 1569 1069 1589 ,
1093 1534 1275 1580 sollicite
1295 1535 1483 1581 doceant

92 1603 402 1649 abstinendum
415 1605 448 1648 3.
472 1606 534 1648 De
555 1603 622 1647 his
640 1617 741 1661 crgo
755 1603 897 1663 primo
910 1603 1245 1650 deliberandum
1264 1606 1387 1651 vobis
1401 1617 1480 1663 est,

91 1684 135 1720 et
155 1674 234 1719 diu
255 1673 536 1735 multumque
558 1673 859 1733 cogitandum,
884 1675 978 1719 haec
1001 1675 1078 1734 qui
1105 1675 1295 1721 debeant
1317 1678 1451 1737 accipi
1469 1713 1480 1733 ,

91 1747 138 1791 in
152 1749 323 1792 Deo-ne
340 1745 422 1806 ipsi
440 1746 550 1801 haec,
574 1760 630 1789 an
655 1745 702 1789 in
722 1746 940 1790 daemonio
961 1745 1097 1791 locuti
1118 1747 1365 1792 videantur.
1391 1750 1483 1793 Hac

92 1817 211 1861 enim
230 1825 359 1862 tenus
374 1851 386 1872 ‚
419 1825 495 1861 aut
515 1818 689 1874 Moyses
715 1824 758 1859 et
785 1816 1017 1875 Prophetae
1038 1816 1267 1862 nobiscum
1289 1818 1483 1863 damnati

93 1896 239 1945 erunt,
263 1897 340 1933 aut
361 1895 406 1932 et
421 1902 501 1932 nos
523 1901 625 1931 cum
642 1885 726 1931 illis
741 1885 944 1931 absoluti.
962 1889 1114 1947 Neque
1131 1888 1247 1932 enim
1262 1889 1376 1948 justa
1389 1889 1484 1934 haec

92 1974 212 2004 nunc
242 1967 384 2004 vestra
413 1957 626 2003 sententia
652 1966 715 2002 est
733 1992 744 2013 ,
777 1966 827 2002 ut
849 1973 928 2003 nos
947 1957 1149 2019 quidem,
1173 1961 1250 2020 qui
1271 1959 1413 2005 solum
1437 1961 1481 2004 in

92 2030 222 2092 plebe
246 2029 513 2076 sacerdotale
533 2029 764 2074 hominum
795 2045 929 2089 genus
957 2045 1208 2076 censeamus
1236 2047 1259 2076 a
1281 2032 1484 2077 carnibus

94 2102 310 2148 abstinere
331 2101 510 2158 debere,
535 2101 855 2146 daemoniorum
877 2102 1088 2147 doctrinae
1112 2101 1339 2148 videamur
1359 2104 1483 2148 vobis

93 2181 373 2218 assectatores
397 2192 407 2218 ς
431 2181 595 2218 vestros
623 2186 726 2217 vero
754 2173 1014 2232 Prophetas,
1046 2182 1177 2234 atque
1204 2174 1347 2233 ipsum
1374 2172 1484 2218 adeo

93 2247 294 2302 Moysen,
312 2244 389 2304 qui
406 2244 571 2304 primus
586 2259 676 2288 non
693 2244 958 2289 antistitibus
973 2244 1130 2300 solum,
1151 2244 1226 2289 sed
1243 2246 1362 2289 omni
1376 2260 1483 2289 con-

94 2316 190 2361 fuse
213 2316 445 2360 hominum
467 2316 613 2374 generi
635 2314 759 2360 suilla
781 2316 1051 2360 interdixerit
1069 2351 1080 2371 ,
1112 2326 1155 2361 et
1185 2315 1381 2377 leporina
1397 2352 1408 2371 ,
1439 2332 1481 2361 et

94 2386 289 2431 hericina
310 2401 458 2441 carne,
479 2394 522 2430 et
543 2386 670 2445 sepiis
688 2401 736 2431 ac
758 2385 1040 2444 lolliginibus,
1065 2387 1319 2447 caeterisque
1346 2402 1480 2445 gene-

95 2458 215 2502 ribus
231 2456 416 2516 piscium
437 2456 686 2500 carentibus
707 2472 902 2516 squama,
927 2473 1015 2501 non
1037 2458 1082 2501 in
1103 2459 1255 2517 spiritu
1272 2457 1477 2502 seducto-

148 2565 155 2581 ¹
179 2570 191 2590 1
213 2556 294 2591 Tim.
313 2569 360 2599 iv,
387 2569 413 2590 1.
429 2573 461 2580 -·
482 2564 495 2580 ²
514 2557 617 2590 Levit.
637 2568 682 2590 xi.
700 2556 771 2599 —73
790 2560 884 2591 Dent,
907 2568 970 2589 xiv.
