1803 3250
99 316 121 341 ))

98 388 120 413 ))

98 459 120 484 ))

98 532 119 557 ))

97 601 118 628 >)

98 675 119 699 ))

98 745 118 770 ))

97 817 117 842 ))

96 890 116 914 ))

98 962 117 985 ))

97 1031 117 1055 ))

96 1101 116 1125 ))

95 1174 115 1197 ))

96 1245 116 1268 ))

303 228 358 257 mz
391 223 504 256 Acus
534 226 624 255 cum
657 225 804 255 rauce
836 221 1084 267 mmmmm,
1119 228 1203 256 mn.
1239 229 1270 256 1.
1395 219 1473 258 201

155 310 242 357 que
263 295 315 341 ad
335 298 635 340 Pentecosten.
674 291 743 338 Illi
765 307 868 352 ergo
890 294 1211 350 convenientes,
1240 295 1481 357 interroga-

154 369 263 414 bant
285 383 385 412 eum
403 366 617 412 dicentes:
638 365 837 414 Domine,
862 365 893 409 si
916 366 959 411 in
977 367 1059 412 hoc
1077 377 1271 428 tempore
1292 383 1482 428 praesen-

154 441 266 486 tabis
299 454 481 498 regnum
517 436 674 482 Israel?
712 436 791 481 Ille
821 445 966 482 autem
1000 438 1107 484 dixit
1128 458 1137 484 2
1174 442 1310 485 Nemo
1343 451 1485 500 potest

154 527 412 572 cognoscere
431 519 617 570 tempus,
636 509 758 569 quod
777 512 903 553 Pater
920 511 1066 570 posuit
1086 511 1132 555 in
1154 526 1230 555 sua
1247 521 1483 573 potestate3

153 583 229 629 sed
251 583 467 643 accipietis
499 581 707 625 virtutem
739 580 923 641 Spiritus
950 584 1087 627 sancti
1109 583 1485 642 supervenientem

153 656 200 701 in
217 671 309 710 vos,
331 664 374 699 et
390 653 506 699 eritis
522 653 624 697 mihi
642 661 769 697 testes
788 652 1256 718 apud-lerosolymam,
1275 663 1318 699 et
1333 655 1377 698 in
1397 665 1485 701 tota

153 725 307 771 Judaea
329 735 372 770 et
394 725 596 779 Samaria,
617 733 659 769 et
678 740 816 785 usque
837 724 884 769 in
906 721 1042 770 totam
1065 734 1240 769 terram.
1263 726 1376 770 Cum
1392 726 1486 771 haec

152 797 331 851 diceret,
356 798 496 841 nubes
517 797 705 857 suscepit
727 812 845 852 eum,
873 805 916 842 et
939 797 1134 841 sublatus
1159 805 1223 841 est
1245 796 1301 841 ab
1324 798 1398 841 eis.
1433 800 1489 844 Et

151 869 376 931 quomodo
392 869 738 928 contemplantes
762 879 885 914 erant
907 885 1007 915 cum
1025 870 1106 914 iret
1123 870 1167 913 in
1183 869 1365 924 eoelum,
1391 885 1489 915 ecce

153 942 242 987 duo
258 941 336 985 viri
354 941 552 985 astabant
570 940 651 986 illis
670 942 714 985 in
731 951 850 987 veste
868 942 981 998 alba,
1003 942 1078 1003 qui
1094 941 1299 986 dixerunt
1317 941 1371 986 ad
1388 957 1486 988 eos:

154 1013 245 1057 Viri
262 1009 445 1066 Galilaei,
463 1011 569 1072 quid
584 1012 701 1056 statis
719 1013 993 1072 respicientes
1006 1014 1051 1056 in
1065 1013 1253 1057 coelum?
1273 1016 1357 1057 Iste
1368 1015 1490 1057 Jesus

152 1083 228 1143 qui
262 1092 508 1141 assumptus
530 1092 592 1126 est
615 1083 661 1126 in
683 1082 845 1128 coelum
869 1099 893 1128 a
914 1083 1052 1137 vobis,
1079 1085 1137 1127 sic
1164 1084 1310 1127 veniet
1332 1100 1489 1142 quem-

151 1153 388 1199 admodum
407 1153 571 1197 vidistis
594 1169 692 1198 eum
718 1165 894 1199 euntem
915 1156 960 1198 in
978 1153 1158 1198 coelum.
1185 1157 1307 1199 Tunc
1331 1157 1490 1200 reversi

152 1235 254 1270 sunt
275 1224 591 1282 ,lerosolymam
615 1241 637 1269 a
660 1235 809 1268 monte
832 1226 907 1285 qui
931 1235 1113 1269 vocatur
1131 1225 1300 1281 Elaeon,
1327 1227 1403 1287 qui
1428 1237 1491 1272 est

97 1316 117 1339 »
146 1299 267 1357 juxta
286 1296 620 1354 Jerosolymam,
641 1296 810 1340 sabbati
828 1297 994 1340 habens
1012 1298 1108 1340 iter.
1130 1299 1186 1341 Et
1204 1312 1303 1341 cum
1321 1298 1492 1343 introis-

96 1387 116 1410 ))

97 1458 116 1481 ))

97 1528 117 1551 ))

94 1599 116 1623 ))

97 1669 118 1694 ))

97 1740 118 1764 ))

97 1811 118 1836 ))

98 1882 118 1906 ))

97 1954 117 1978 ))

98 2026 119 2050 ))

98 2099 118 2122 ))

100 2168 120 2193 ))

100 2239 120 2263 ))

100 2310 119 2332 ))

100 2378 120 2402 J)

100 2450 120 2473 ))

101 2519 122 2542 ))

104 2590 123 2614 ))

151 1378 262 1422 sent,
289 1367 578 1411 ascenderunt
612 1367 656 1411 in
692 1368 930 1426 superiora,
958 1367 1034 1412 ubi
1056 1368 1316 1412 habitabant
1339 1372 1490 1414 Petrus

152 1448 195 1482 et
217 1441 421 1492 Joannes,
448 1437 637 1482 Jacobus
659 1447 703 1482 et
725 1437 935 1493 Andreas,
964 1439 1191 1499 Philippus
1216 1449 1258 1485 et
1284 1440 1487 1497 Thomas,

152 1508 496 1554 Bartholomaeus
518 1519 560 1553 et
579 1509 830 1564 Matthaeus,
857 1510 1047 1555 Jacobus
1070 1511 1257 1570 Alphaei,
1279 1521 1323 1556 et
1342 1512 1490 1557 Simon

154 1580 338 1633 Zelotes,
364 1590 409 1625 et
432 1583 453 1624 J
463 1579 566 1624 udas
588 1579 754 1624 Jacobi.
780 1583 834 1624 Et
857 1590 979 1625 erant
998 1591 1320 1641 perseverantes
1340 1598 1491 1627 omnes

152 1651 380 1695 unanimes
402 1652 447 1695 in
465 1650 750 1705 orationibus,
771 1667 870 1696 cum
896 1652 1154 1697 mulieribus
1176 1663 1220 1698 et
1239 1655 1374 1698 Maria
1391 1670 1491 1715 quae

153 1721 296 1767 fuerat
319 1732 455 1767 mater
475 1724 594 1777 Jesu,
621 1731 664 1766 et
689 1721 897 1767 fratribus
926 1724 1033 1784 ejus.
1060 1726 1116 1768 Et
1146 1724 1192 1768 in
1223 1723 1379 1770 diebus
1407 1726 1490 1770 illis

153 1793 368 1838 exurrexit
396 1797 548 1837 Petrus
578 1793 623 1836 in
658 1793 805 1837 medio
839 1793 1114 1849 discentium,
1149 1803 1192 1838 et
1224 1795 1491 1854 dixit:(fuit

153 1874 299 1909 autem
323 1863 453 1908 turba
475 1863 519 1907 in
541 1878 653 1918 uno,
679 1864 909 1908 hominum
934 1865 1056 1924 quasi
1079 1866 1438 1926 centum—viginti
1460 1869 1491 1925 2)

153 1936 243 1980 Viri
267 1935 435 1991 fratres,
460 1944 633 1994 oportet
656 1935 883 1995 adimpleri
906 1937 1166 1996 scripturam
1190 1938 1332 1992 istam,
1358 1953 1491 1998 quam

154 2003 355 2066 praedixit
381 2007 564 2066 Spiritus
587 2016 759 2052 sanctus
777 2022 850 2052 ore
872 2008 1009 2052 saneti
1034 2007 1170 2053 David
1188 2008 1242 2053 de
1259 2011 1282 2053 J
1290 2008 1390 2064 uda,
1417 2009 1492 2070 qui

154 2078 239 2123 fuit
274 2079 490 2124 deductor
522 2078 700 2124 illorum
735 2080 811 2140 qui
845 2080 1272 2140 comprehenderunt
1311 2083 1487 2137 Jesum,

157 2149 364 2210 quoniam
383 2160 694 2195 annumeratus
712 2160 803 2195 erat
820 2151 933 2195 inter
951 2167 1046 2207 nos,
1063 2152 1138 2212 qui
1154 2152 1309 2196 habuit
1330 2161 1490 2197 sortem

156 2221 288 2282 hujus
310 2222 550 2266 ministerii.
579 2222 658 2266 Hic
688 2237 788 2280 ergo
820 2222 1011 2281 possedit
1040 2238 1191 2282 agrum
1216 2223 1271 2267 de
1292 2222 1491 2268 mercede

154 2292 376 2350 injustitiae
407 2309 516 2348 suae,
555 2301 599 2336 et
624 2292 787 2337 collum
814 2293 894 2338 sibi
916 2293 1129 2352 alligavit,
1166 2303 1210 2338 et
1231 2293 1422 2354 dejectus
1444 2294 1490 2338 in

155 2359 327 2415 faciem,
353 2364 573 2418 disruptus
590 2372 653 2408 est
675 2363 860 2418 medius,
886 2374 928 2409 et
951 2364 1087 2408 effusa
1110 2374 1212 2409 sunt
1230 2365 1375 2408 omnia
1398 2363 1488 2408 vis-

158 2447 253 2476 cera
287 2432 392 2490 ejus.
415 2430 545 2483 Quod
572 2439 614 2474 et
642 2435 865 2490 cognitum
897 2435 1061 2476 facturn
1097 2443 1160 2477 est
1181 2434 1385 2478 omnibus
1412 2435 1488 2492 qui

157 2500 464 2545 inhabitabant
494 2500 826 2559 Jerosolymam,
861 2502 919 2546 ita
952 2510 1002 2545 ut
1031 2512 1261 2547 vocaretur
1293 2520 1392 2562 ager
1413 2504 1487 2548 ille

158 2572 351 2633 ipsorum
384 2571 532 2631 lingua
566 2571 873 2630 Aceldemach‚
910 2573 956 2617 id
994 2582 1073 2630 est,
1111 2588 1210 2634 ager
1245 2575 1479 2635 sanguinis.
