1803 3250
306 225 360 252 DE
392 221 503 252 Acris
533 225 623 253 CUM
656 223 802 252 muer.
834 222 1082 261 MAMCHAEQ
1118 223 1200 251 ΠΒ.
1243 225 1273 251 1.
1400 213 1484 252 215

97 289 277 338 visibilis
298 297 342 334 et
359 290 549 334 veritatis
567 289 720 334 notitia
735 288 791 332 sit
807 302 908 332 cuin
932 286 1139 333 fratribus
1160 288 1246 333 suis
1268 296 1310 333 et
1325 288 1484 334 charis-

98 361 231 416 simiS‚
257 361 333 421 qui
357 360 569 405 mandatis
588 358 839 404 coelestibus
860 359 1047 402 credunt
1068 359 1228 417 pariter
1253 367 1382 420 atque
1405 358 1488 405 de-

98 433 293 478 serviunt
315 453 324 477 :
350 432 427 477 sed
451 440 494 476 et
516 431 692 475 dextera
713 428 891 474 luminis
915 437 1087 473 tueatur
1104 439 1147 473 et
1169 429 1324 490 eripiat
1340 445 1414 476 vos
1435 432 1491 478 ab

97 505 217 550 omni
239 503 484 548 incursione
504 502 718 561 maligna,
749 510 793 545 et
810 517 833 546 a
849 500 1010 561 laqueo
1027 500 1180 544 mundi
1195 536 1206 555 ,
1229 502 1364 560 pietas
1383 518 1487 549 vero

99 575 284 634 Spiritus
316 573 453 619 sancti
487 574 641 617 intima
669 572 799 618 vestri
827 572 1013 633 pectoris
1034 572 1284 632 adaperiat,
1308 582 1360 619 ut
1383 574 1488 635 ipsis

96 646 234 692 oculis
251 643 430 690 videatis
447 653 607 689 vestras
625 644 834 690 animas.»

155 719 189 761 F
196 735 263 760 EL.
289 716 398 760 dixit
416 734 426 760 ε
450 735 469 759 «
488 718 551 760 Da
572 715 831 774 scripturam
854 730 954 775 quae
970 714 1049 758 ista
1071 712 1320 773 redarguat.
1336 732 1358 757 n

155 791 270 832 Aue..
297 787 406 831 dixit
427 805 436 831 :
458 786 617 832 Adhuc
631 787 741 832 nihil
761 785 863 830 mali
878 785 1139 841 audivimUS,
1157 785 1239 830 nisi
1258 783 1379 846 quod
1392 800 1494 834 usus

98 867 164 903 est
196 859 465 903 Manichaeus
496 858 742 918 apostolum
778 858 937 903 Christi
961 873 1004 902 se
1032 857 1275 902 nominare.
1305 859 1415 903 Nam
1442 873 1494 904 ea

28 933 36 938 '
96 945 197 990 quae
219 929 354 985 dixit,
381 929 526 974 adhuc
549 930 604 974 ad
627 931 859 975 tectorium
882 928 1065 973 tallaciae
1092 931 1314 988 pertinent
1333 963 1344 984 ,
1370 937 1413 973 et
1437 927 1494 975 ad

97 1002 269 1046 ovinam
295 999 471 1059 pellem,
496 1002 656 1060 quibus
680 1002 738 1045 eis
760 1002 878 1061 prius
893 1000 999 1045 dicit
1015 1001 1148 1046 verba
1172 1000 1305 1055 bona,
1326 1009 1377 1045 ut
1394 1015 1494 1060 pos·

96 1071 152 1119 sit
173 1072 454 1116 introducere
476 1073 605 1117 mala.
635 1072 719 1117 Sed
739 1072 845 1133 quid
868 1073 973 1117 velit
995 1088 1071 1132 per
1089 1073 1183 1117 haec
1204 1072 1336 1117 verba
1354 1073 1495 1119 intro—

95 1144 274 1198 ducere,
294 1143 533 1188 videamus.
570 1145 613 1188 Si
641 1145 755 1188 enim
787 1143 956 1203 aliquid
983 1142 1088 1187 mali
1110 1142 1427 1199 introduxerit,
1452 1154 1496 1190 et

96 1216 176 1260 ista
198 1215 330 1259 verba
351 1214 463 1259 mala
481 1224 611 1259 erunt
625 1224 668 1259 et
686 1215 934 1259 seductoria
956 1234 965 1260 :
990 1215 1025 1259 si
1040 1224 1186 1259 autem
1205 1214 1371 1276 aliquid
1387 1215 1494 1261 boni

93 1286 138 1331 in
162 1286 472 1346 posterioribus
495 1296 539 1330 et
559 1287 649 1332 veri
672 1286 850 1341 dixerit,
875 1286 1129 1331 necessitate
1150 1286 1494 1347 comprehende-

93 1373 190 1402 mus
213 1377 222 1403 :
248 1358 455 1402 Permitte
476 1373 580 1416 ergo
598 1357 803 1416 legantur
820 1358 1062 1419 sequentia.

154 1431 188 1473 F
195 1447 262 1472 EL.
287 1427 426 1474 dixit:
456 1429 540 1473 «Si
567 1443 669 1486 ergo
691 1429 865 1484 asseris,
901 1429 1004 1489 quia
1031 1429 1077 1472 in
1104 1428 1247 1488 primo
1269 1428 1386 1474 bona
1407 1443 1491 1488 po-

96 1509 267 1544 nuntur
284 1519 294 1556 3
319 1508 364 1543 et
385 1508 534 1558 postea
550 1498 663 1543 mala
681 1499 995 1554 immittuntur,
1019 1515 1184 1560 quomo
1200 1514 1282 1559 ego
1296 1499 1375 1544 tibi
1391 1515 1494 1560 pos-

98 1585 195 1615 sum
212 1569 405 1624 credere,
429 1585 532 1613 cum
551 1570 658 1614 mihi
678 1571 819 1629 primo
843 1572 954 1615 bona
979 1570 1149 1614 dixeris.
1170 1586 1191 1612 >›

153 1645 267 1686 Aue.
293 1640 403 1684 dixit
424 1659 433 1685 z
461 1643 555 1699 Ego
578 1641 723 1686 adhuc
751 1642 830 1687 ista
862 1658 943 1686 nec
970 1642 1086 1686 bona
1109 1642 1196 1686 dixi
1217 1677 1228 1697 ‚
1253 1656 1335 1686 nec
1357 1641 1488 1688 mala.

93 1712 212 1759 Nihil
234 1710 337 1756 mali
358 1711 502 1756 adhuc
525 1712 787 1768 audivimus,
812 1713 901 1757 dixi
921 1733 929 1758 :
952 1729 1042 1758 non
1061 1713 1148 1757 dixi
1169 1732 1178 1758 ε
1204 1715 1301 1758 Jam
1323 1711 1489 1773 aliquid

92 1783 200 1829 boni
219 1782 480 1827 audivimus.
505 1782 673 1827 Malum
696 1784 812 1826 enim
836 1783 948 1827 illud
965 1783 1106 1828 solum
1125 1784 1235 1840 dixi,
1260 1784 1382 1844 quod
1411 1799 1492 1828 au-

92 1869 164 1899 sus
177 1862 242 1898 est
259 1852 403 1898 dicere
419 1868 464 1897 se
481 1852 727 1913 apostolum
745 1854 922 1899 Christi.
939 1855 1081 1899 Verba
1096 1870 1198 1899 vero
1211 1870 1310 1915 quae
1323 1854 1432 1898 dixit
1445 1854 1491 1898 in

92 1925 486 1984 consequentibus,
510 1934 617 1969 tunc
644 1935 773 1969 erunt
804 1925 915 1970 mala
932 1961 942 1981 ,
967 1927 1001 1970 si
1034 1925 1137 1970 mali
1161 1926 1327 1987 aliquid
1351 1926 1490 1971 intro-

93 1997 298 2043 duxerint
321 2015 330 2042 :
351 2006 458 2041 tunc
480 2006 610 2042 erunt
627 1998 758 2053 bona,
779 1998 814 2041 si
838 1998 943 2042 boni
962 1998 1127 2059 aliquid
1149 1999 1485 2046 introduxerint.

93 2068 300 2116 Permitte
319 2083 423 2126 ergo
441 2076 491 2112 ut
506 2069 732 2127 sequentia
748 2068 951 2127 legantur
968 2088 978 2115 ι
999 2085 1134 2130 quare
1148 2070 1302 2116 times?

151 2142 185 2184 F
192 2158 258 2184 ΕΙ..
283 2138 422 2184 dixit:
451 2158 472 2182 «
490 2141 589 2185 Non
605 2140 754 2184 timeo.
776 2158 797 2182 »

152 2213 267 2256 Aua.
294 2209 405 2254 dixit
430 2229 439 2255 z
466 2211 674 2255 Permitte
695 2226 798 2270 ergo
819 2220 870 2257 ut
889 2211 1106 2272 legantur.

153 2283 187 2324 F
194 2298 262 2324 m..
287 2279 399 2323 dixit
418 2298 427 2325 ι
453 2298 474 2322 «
494 2283 732 2339 Legantur.
754 2300 775 2323 η

152 2352 297 2396 XVII.
333 2353 508 2395 Etcum
525 2350 757 2409 legeretur,
782 2360 826 2395 et
841 2359 1023 2396 ventum
1041 2360 1151 2397 esset
1168 2351 1223 2397 ad
1240 2352 1388 2398 locum
1412 2352 1490 2397 ubi

94 2422 304 2480 scriptum
329 2422 461 2467 habet
484 2442 492 2468 ε
523 2441 543 2465 «
562 2426 628 2467 Ita
645 2432 791 2467 autem
815 2422 998 2468 fundata
1018 2433 1120 2468 sunt
1135 2425 1327 2483 ejusdem
1345 2425 1491 2484 splen-

94 2491 314 2537 didissima
336 2508 467 2551 regna
496 2509 625 2553 supra
652 2494 844 2539 lucidam
876 2504 919 2539 et
952 2496 1123 2540 beatam
1157 2504 1314 2541 terram
1333 2533 1343 2551 ,
1380 2506 1429 2540 ut
1459 2512 1480 2539 a

96 2562 220 2609 nullo
238 2555 432 2624 unqudm
459 2574 535 2609 aut
558 2567 720 2611 moveri
738 2575 814 2610 aut
831 2567 1006 2610 concuti
1033 2567 1193 2626 possint
1215 2584 1223 2610 t
1249 2586 1269 2609 υ
1306 2571 1479 2625 Augus-
