1803 3250
347 191 425 227 2:28
775 198 806 225 s.
844 198 1073 228 Aue-usum
1107 201 1286 228 EPlscol‘l

344 274 560 319 creantur,
578 265 657 309 nisi
680 279 782 309 cum
796 264 854 309 eis
873 265 1048 321 modu&
1071 275 1113 310 et
1126 265 1302 325 species,
1322 274 1364 311 et
1382 265 1490 311 ordo
1505 267 1720 323 subsistit,

342 352 441 395 quse
462 336 580 380 bona
593 351 702 390 esse,
726 351 806 381 nec
833 352 923 382 csse
945 352 1067 397 posse
1095 337 1173 382 nisi
1196 352 1219 381 a
1240 340 1343 392 Deo,
1370 346 1478 396 puto
1496 338 1615 397 quod
1633 340 1726 399 jam

340 407 562 466 etiamipsi
583 408 863 453 confitentur.
890 408 974 454 Sed
997 409 1140 466 Hylen
1163 408 1260 453 dico
1289 408 1526 469 quamdam
1550 411 1724 469 penitus

339 476 570 523 informem
585 488 628 524 et
642 479 733 524 sine
751 480 960 540 qualitate
978 481 1199 525 materiem
1212 516 1222 535 ‚
1247 481 1366 524 unde
1382 481 1475 524 istae
1496 497 1604 542 quas
1622 497 1725 526 sen-

338 549 468 594 timus
483 550 711 610 qualitates
729 549 986 606 formantur,
1000 562 1048 596 ut
1063 552 1228 611 antiqui
1241 552 1460 597 dixerunt.
1482 552 1594 596 Hinc
1607 552 1725 597 enim

335 629 379 665 et
400 619 521 678 sylva
539 636 678 679 graece
699 625 756 659 ὕλη
773 622 953 676 dicitur,
975 622 1096 682 quod
1113 623 1394 681 operantibus
1412 632 1512 682 apta
1535 624 1615 679 sit,
1635 638 1725 668 non

334 701 383 737 ut
398 692 564 753 aliquid
585 694 676 753 ipsa
699 693 852 747 faciat,
869 693 944 738 sed
966 694 1084 738 unde
1103 693 1270 753 aliquid
1292 695 1382 738 fiat.
1408 696 1496 739 Nec
1520 693 1598 739 ista
1620 710 1725 754 ergo

335 763 448 821 Hyle
466 763 630 809 malum
662 764 847 809 dicenda
876 773 964 819 est,
990 780 1091 823 quae
1113 780 1202 808 non
1226 779 1302 823 per
1325 765 1515 825 aliquam
1534 766 1723 825 speciem

332 836 502 892 sentiri,
537 837 613 882 sed
633 851 708 895 per
730 835 1028 881 omnimodam
1050 836 1207 895 speciei
1229 836 1518 895 privationem
1540 837 1724 896 cogitari

330 907 401 951 vix
434 916 591 966 potest.
621 908 764 952 Habet
793 907 910 951 enim
939 916 983 951 et
1014 908 1104 967 ipsa
1132 909 1415 967 capacitatem
1446 908 1689 954 formarum
1713 928 1722 954 :

329 994 430 1022 nam
453 978 489 1022 si
510 993 664 1038 capere
686 978 933 1037 impositam
956 979 1012 1023 ab
1035 979 1198 1023 artifice
1219 978 1406 1024 formam
1433 995 1524 1025 non
1553 989 1718 1040 posset,

328 1065 408 1095 nec
432 1051 630 1095 materies
654 1050 806 1110 utique
823 1050 1056 1095 diceretur.
1082 1054 1215 1096 Porro
1228 1051 1262 1096 si
1280 1052 1449 1096 bonum
1467 1051 1647 1113 aliquod
1659 1061 1724 1097 est

328 1120 467 1168 forma
486 1158 496 1177 ‚
521 1122 640 1167 unde
661 1123 738 1182 qui
753 1137 802 1167 ea
820 1122 1074 1182 praevalent,
1100 1122 1278 1168 formosi
1293 1123 1588 1183 appellantur,
1608 1125 1721 1169 sieut

326 1210 350 1239 a
371 1195 515 1254 specie
537 1194 742 1253 speciosi3
768 1193 923 1253 procul
951 1193 1089 1240 dubio
1110 1195 1278 1240 bonum
1303 1195 1481 1256 aliquod
1506 1205 1569 1240 est
1590 1197 1721 1241 etiam

326 1265 540 1324 capacitas
563 1265 731 1310 formae.
759 1265 880 1310 Sicut
907 1266 1010 1325 quia
1039 1266 1206 1310 bonum
1234 1275 1298 1310 est
1329 1266 1540 1325 sapientia
1557 1302 1567 1321 ‚
1593 1282 1721 1312 nemo

325 1335 501 1381 dubitat
521 1336 644 1397 quod
665 1337 832 1382 bonum
855 1336 910 1381 sit
930 1351 1134 1396 capacem
1159 1352 1248 1381 esse
1265 1337 1504 1395 sapientiae.
1537 1339 1594 1381 Et
1617 1337 1719 1398 quia

325 1423 455 1453 omne
476 1408 645 1454 bonum
674 1425 698 1453 a
732 1411 850 1466 Deo3
873 1409 1092 1453 neminem
1123 1416 1296 1467 oportet
1318 1407 1519 1453 dubitare
1540 1443 1551 1464 ‚
1588 1409 1720 1454 etiam

325 1478 468 1533 istam,
492 1479 632 1539 siqua
656 1487 720 1523 est
735 1513 747 1534 ‚
770 1479 994 1523 materiem
1012 1494 1102 1523 non
1120 1493 1211 1523 esse
1228 1478 1309 1522 nisi
1331 1495 1354 1523 a
1374 1481 1478 1524 Deo.

384 1552 507 1595 XIX.
528 1550 761 1610 Magnifice
777 1550 911 1610 igitur
928 1559 972 1595 et
990 1549 1136 1596 divine
1159 1553 1272 1595 Deus
1291 1559 1437 1595 noster
1454 1550 1622 1596 famulo
1639 1566 1718 1596 suo

342 1622 439 1666 lixit
465 1641 473 1666 :
504 1641 523 1664 «
543 1624 639 1681 Ego
665 1637 764 1668 sum
785 1623 862 1682 qui
885 1637 1007 1668 sum:
1036 1631 1080 1667 et
1103 1621 1219 1667 dices
1240 1621 1338 1666 filiis
1358 1622 1490 1667 Israel
1512 1637 1521 1665 ε
1550 1623 1632 1677 Qui
1654 1632 1719 1668 est

331 1715 349 1737 ι)
372 1693 491 1739 misit
507 1709 576 1739 me
598 1693 655 1739 ad
676 1696 793 1739 vos1.
810 1712 830 1736 n
852 1696 963 1739 Vere
985 1694 1100 1738 enim
1123 1694 1214 1754 ipse
1235 1703 1321 1750 est,
1346 1695 1449 1754 quia
1467 1695 1716 1740 incommu-

325 1764 468 1811 tabilis
486 1774 563 1810 est.
586 1766 738 1811 Omnis
760 1765 877 1810 enim
891 1765 1076 1810 mutatio
1093 1764 1198 1809 facit
1221 1780 1312 1810 non
1329 1781 1419 1810 esse
1447 1767 1569 1827 quod
1590 1775 1682 1812 erat
1703 1786 1713 1813 ε

324 1851 425 1881 vere
443 1851 546 1895 ergo
564 1836 637 1881 ille
654 1846 737 1891 est,
757 1835 1217 1896 quiincommutabilis
1239 1845 1303 1880 est
1325 1855 1333 1881 :
1360 1845 1516 1881 caetera
1540 1854 1639 1897 quae
1661 1838 1717 1882 ab

325 1906 400 1953 illo
413 1906 525 1953 facta
537 1917 658 1964 sunt,
675 1907 731 1953 ab
745 1907 821 1952 illo
830 1923 909 1967 pro
921 1922 1000 1952 suo
1013 1908 1144 1952 modo
1157 1922 1246 1951 esse
1258 1917 1536 1967 acceperunt.
1550 1909 1718 1969 Eiergo

325 1980 402 2039 qui
415 1995 584 2025 summe
596 1988 683 2035 est,
707 1995 798 2025 non
819 1987 962 2039 potest
983 1993 1073 2023 esse
1092 1978 1360 2024 contrarium
1382 1979 1464 2024 nisi
1486 1980 1606 2039 quod
1627 1996 1718 2026 non

327 2060 390 2095 est
412 2070 421 2097 ;
443 2067 492 2096 ac
509 2067 587 2111 per
603 2052 686 2096 hoc
705 2052 816 2096 sicut
838 2049 895 2096 ab
914 2049 990 2094 illo
1007 2058 1070 2094 est
1083 2065 1214 2095 omne
1230 2050 1352 2110 quod
1370 2050 1536 2095 bonum
1558 2060 1636 2107 est,
1657 2052 1718 2098 sic

327 2122 382 2166 ab
399 2122 476 2168 illo
485 2131 550 2168 est
560 2137 690 2168 omne
709 2120 831 2184 quod
848 2120 1102 2166 naturaliter
1117 2130 1182 2166 est
1199 2142 1209 2179 3
1229 2121 1438 2181 quoniam
1453 2138 1582 2168 omne
1596 2123 1718 2183 quod

327 2193 584 2239 naturaliter
605 2202 683 2247 est,
699 2192 866 2238 bonum
888 2200 965 2236 est.
987 2191 1139 2236 Omnis
1154 2192 1303 2252 itaque
1317 2205 1471 2237 natura
1490 2193 1606 2238 bona
1624 2203 1715 2250 est,

327 2273 370 2310 et
391 2281 522 2311 omne
544 2266 713 2310 bonum
733 2281 758 2310 a
777 2268 866 2310 Deo
887 2273 953 2309 est
974 2283 983 2309 ε
1011 2264 1152 2309 omnis
1173 2280 1277 2324 ergo
1299 2274 1455 2309 natura
1475 2281 1499 2310 a
1517 2268 1607 2310 Deo
1634 2275 1713 2312 est.

384 2337 483 2381 XX.
515 2335 648 2382 Dolor
668 2345 832 2390 autem,
856 2333 978 2395 quod
994 2334 1216 2395 praecipue
1238 2334 1403 2380 malum
1426 2335 1629 2381 nonnulli
1648 2352 1718 2382 ar·-

327 2407 571 2462 bitrantur‚
595 2409 682 2453 sive
702 2407 749 2452 in
771 2406 915 2452 animo
932 2406 1020 2451 sive
1040 2407 1085 2450 in
1108 2422 1290 2467 corpore
1316 2407 1392 2463 sit,
1416 2422 1498 2453 nec
1521 2407 1614 2468 ipse
1634 2423 1716 2468 po-

329 2487 412 2524 test
432 2494 522 2524 esse
543 2478 623 2525 nisi
640 2479 686 2524 in
708 2477 873 2524 naturis
890 2477 1029 2524 bonis.
1058 2479 1151 2524 Hoc
1178 2478 1294 2524 enim
1328 2478 1473 2539 ipsum
1503 2477 1625 2539 quod
1646 2494 1716 2525 re-

379 2571 386 2585 ¹
415 2564 510 2596 Exod.
538 2575 582 2604 ιιι,
607 2563 654 2604 ι4.
