1803 3250
370 226 451 264 466
801 237 829 261 s>
871 234 1101 263 mensum
1137 233 1316 263 EPlscoPl

357 303 472 346 enim
484 302 618 344 sibiin
632 300 931 356 phantasmate
951 296 1090 343 cordis
1112 297 1177 340 sui
1193 297 1317 355 quasi
1331 295 1441 340 duos
1460 295 1652 355 aliquos,
1669 296 1752 339 etsi

346 375 465 430 juxta
491 370 698 422 invicem,
725 369 768 411 in
791 369 877 412 suis
908 378 1051 413 tamen
1079 367 1182 413 locis
1203 366 1482 419 constitutos,
1515 381 1650 410 unum
1669 367 1748 425 ju-

356 443 546 493 bentem,
573 439 759 483 alterum
791 440 1183 497 obtemperantem.
1216 439 1306 483 Nec
1335 435 1590 495 intelligunt
1610 436 1748 495 ipsam

344 511 582 570 jussionem
616 509 749 554 Patris
774 517 821 552 ut
848 509 1002 555 fierent
1024 508 1197 561 omnia,
1223 522 1313 552 non
1334 522 1425 554 esse
1452 507 1532 553 nisi
1557 506 1751 551 Verbum

357 581 494 626 Patris
516 594 590 638 per
614 578 735 639 quod
760 578 876 623 facta
898 588 1001 625 sunt
1018 578 1181 622 omnia.

410 648 541 704 Quod
570 658 715 694 autem
745 648 908 696 miserit
938 651 1063 693 Pater
1089 646 1276 701 Filium,
1303 647 1448 704 negari
1474 662 1563 691 non
1590 655 1749 705 potest.

352 722 438 766 Sed
459 720 750 773 considerent,
771 721 804 764 si
823 728 1028 779 possunt,
1055 719 1282 777 quomodo
1307 733 1409 762 eum
1433 718 1625 774 miserit,
1651 733 1750 763 cum

351 808 440 852 quo
467 793 557 851 ipse
590 791 721 835 venit.
755 794 822 834 An
839 788 913 832 ille
937 787 1142 832 mentitus
1171 797 1235 831 est
1261 788 1338 847 qui
1364 788 1444 832 ait:
1485 807 1505 830 «
1527 790 1624 834 Non
1655 803 1752 832 sum

355 881 373 903 »
399 862 531 914 solus,
557 860 766 920 quoniam
788 862 910 902 Pater
935 872 1108 902 mecum
1132 858 1236 902 est4.
1261 876 1279 898 υ
1308 855 1393 902 Sed
1414 857 1752 917 quomodolibet
1793 911 1803 921 .

354 933 532 976 missum
573 929 846 988 intelligant,
886 927 1105 988 numquid
1145 928 1243 973 ideo
1280 927 1450 973 diversa
1478 937 1636 973 natura
1664 937 1750 983 est,

351 1002 452 1061 quia
479 1004 603 1045 Pater
621 1000 754 1043 mittit
772 1008 815 1043 et
835 999 1022 1045 mittitur
1039 996 1174 1042 Filius
1189 999 1207 1039 ⁶?
1230 997 1318 1044 Nisi
1336 996 1449 1043 forte
1464 999 1753 1057 potesthomo

352 1082 473 1132 pater
497 1073 666 1115 mittere
690 1071 913 1114 hominem
939 1068 1078 1114 filium
1103 1070 1230 1113 unius
1247 1068 1532 1130 ejusdemque
1554 1070 1754 1114 substan-

353 1144 450 1197 tiae,
487 1151 529 1185 et
559 1157 647 1187 non
682 1148 824 1199 potest
847 1143 960 1185 Deus
987 1159 995 1185 :
1022 1155 1122 1183 cum
1158 1140 1291 1183 homo
1318 1139 1470 1184 missus
1494 1141 1550 1184 ab
1575 1139 1753 1184 homine

355 1215 552 1258 mittente
572 1222 810 1272 separetur,
833 1210 954 1270 quod
977 1214 1089 1255 Deus
1107 1226 1196 1256 non
1212 1220 1368 1270 potest.
1389 1210 1475 1256 Sed
1489 1211 1602 1270 ignis
1619 1211 1754 1255 mittit

352 1284 628 1343 splendorem
651 1298 794 1334 suum,
823 1298 901 1326 nec
927 1290 1066 1339 potest
1087 1281 1296 1340 splendor
1320 1281 1471 1324 missus
1490 1282 1680 1340 separari
1699 1281 1752 1325 ab

353 1356 453 1413 igne
471 1354 672 1398 mittente.
696 1372 704 1396 ε
731 1352 930 1411 quamvis
955 1361 997 1395 et
1021 1352 1098 1395 ista
1116 1351 1218 1410 quia
1236 1360 1434 1394 creatura
1457 1360 1522 1395 est
1541 1350 1723 1395 visibilis
1738 1385 1750 1406 ,

353 1441 442 1471 non
466 1425 585 1469 omni
613 1439 665 1467 ex
693 1432 813 1482 parte
835 1423 938 1466 huic
969 1423 1029 1465 rei
1053 1423 1107 1469 sit
1140 1421 1461 1480 comparabilis.
1498 1423 1614 1468 Cum
1635 1423 1751 1466 enim

350 1495 625 1554 splendorem
654 1493 784 1536 mittit
807 1493 940 1550 ignis,
972 1491 1145 1550 longius
1176 1491 1376 1550 pervenit
1404 1491 1637 1551 splendor,
1663 1508 1752 1553 quo

354 1566 464 1624 ignis
484 1580 573 1608 non
596 1563 806 1622 pervenit.
836 1561 961 1607 Unde
990 1561 1196 1621 splendor
1225 1563 1281 1607 ab
1302 1563 1401 1621 igne
1430 1565 1507 1622 qui
1529 1573 1593 1611 est
1614 1565 1659 1608 in
1681 1563 1753 1608 lu·-

354 1652 482 1680 cerna
507 1636 674 1688 missus,
695 1636 728 1678 si
749 1634 869 1693 loqui
889 1642 1047 1692 posset,
1073 1648 1163 1678 non
1184 1634 1336 1693 utique
1354 1643 1498 1693 posset
1519 1649 1671 1680 verum
1689 1634 1753 1679 di-

355 1722 452 1752 cere
474 1707 519 1750 in
539 1706 717 1765 pariete,
741 1720 830 1764 quo
852 1704 943 1748 sine
964 1703 1158 1749 lucernae
1181 1704 1282 1763 igne
1303 1705 1516 1763 pervenit,
1541 1706 1658 1764 Ignis
1677 1706 1752 1765 qui

355 1793 424 1821 me
447 1778 559 1822 misit
583 1791 756 1821 mecum
777 1785 842 1820 est
863 1795 871 1820 :
898 1775 1042 1835 potuit
1064 1784 1212 1820 autem
1235 1776 1389 1820 missus
1416 1792 1439 1824 a
1463 1779 1590 1821 Patre
1614 1776 1752 1822 Filius

354 1848 514 1901 dicere,
541 1850 667 1892 Pater
689 1861 863 1891 mecum
885 1855 964 1891 est.
990 1847 1101 1892 Cum
1124 1845 1258 1904 igitur
1288 1846 1382 1890 haec
1404 1862 1428 1893 a
1457 1850 1584 1891 Patre
1605 1847 1750 1893 missio

356 1918 454 1963 Filii
480 1933 650 1976 prorsus
674 1916 905 1962 ineffabilis
927 1918 997 1971 sit,
1017 1932 1098 1963 nec
1108 1917 1206 1976 capi
1219 1916 1350 1964 ullius
1367 1917 1633 1975 cogitatione
1646 1933 1750 1978 pos—

354 1990 424 2044 sit,
448 1988 673 2049 quomodo
695 1989 798 2036 hine
820 1986 1053 2035 ostendant
1076 1986 1236 2034 Filium
1270 1986 1446 2032 alterius
1477 1998 1609 2048 atque
1634 1988 1749 2034 infe-

354 2060 477 2104 rioris
503 2059 698 2104 essentiae
727 2073 817 2105 non
839 2058 1092 2111 inveniunt3
1123 2055 1483 2116 quandoquidem
1507 2074 1587 2107 nec
1617 2059 1750 2107 homo

355 2131 506 2176 missus
528 2131 584 2176 ab
607 2130 806 2185 homine,
839 2129 1054 2175 diversam
1086 2137 1288 2172 naturam
1324 2129 1535 2177 mittentis
1565 2139 1607 2174 et
1631 2130 1749 2178 missi

355 2217 444 2246 esse
467 2200 752 2246 demonstrat.

416 2275 491 2316 IV.
510 2274 588 2316 Hic
602 2281 747 2316 autem
760 2271 888 2318 etiam
898 2269 982 2318 hoc
994 2278 1136 2329 potest
1151 2268 1350 2328 intelligi,
1367 2278 1416 2314 ut
1423 2270 1575 2329 eoipso
1584 2286 1608 2315 a
1618 2274 1747 2317 Pater

355 2342 490 2388 Filius
506 2343 656 2387 missus
669 2356 759 2386 esse
775 2339 963 2395 dicatur,
976 2339 1098 2399 quod
1122 2338 1259 2384 Filius
1275 2340 1528 2388 hominibus
1542 2343 1745 2401 apparuit

353 2414 398 2458 in
410 2429 552 2468 carne,
565 2429 656 2458 non
673 2416 812 2458 Pater.
835 2412 941 2465 Quis
957 2411 1073 2459 enim
1090 2411 1277 2457 mittitur
1289 2410 1364 2459 illo
1378 2411 1455 2455 ubi
1473 2414 1562 2460 est?
1577 2413 1660 2457 Ubi
1673 2429 1745 2461 au-

352 2495 439 2530 tem
454 2501 539 2529 non
551 2495 615 2530 est
630 2484 839 2545 sapientia
847 2482 941 2538 Dei,
955 2483 1078 2542 quod
1089 2482 1374 2538 estChristus,
1390 2482 1445 2528 de
1454 2499 1541 2543 qua
1557 2483 1740 2543 legitur:

406 2579 410 2592 ¹
441 2573 530 2602 Joani
560 2581 624 2608 xvr,
645 2570 697 2602 32.
