1803 3250
448 168 611 199 cossim
645 169 860 208 mosum,
896 171 978 198 Lus.
1017 170 1171 199 xxvni.
1432 161 1505 200 141

126 356 836 376 QWWWNWWWWWVUWWWWWW'QW
842 359 907 374 νυνὶ
914 359 977 374 νυνὶ
983 360 1472 378 ΊΝἋΜΜνΜωὶῑνδὶῑννὶΜν
1478 362 1503 377 Ἃ

555 524 776 579 LIBER
826 524 1092 582 XXVIII.

181 721 217 763 Ι.
253 722 448 766 ΡΑυεΤυε
463 718 596 766 dixit:
624 738 646 763 «
672 719 757 765 Sed
774 734 864 766 non
882 730 1054 780 poterat
1071 721 1197 776 mori,
1217 722 1298 766 nisi
1313 731 1439 767 natus
1453 739 1516 768 es-

123 798 201 834 set.
229 792 287 834 Et
305 805 387 850 ego
410 790 678 850 respondeo:
704 793 793 837 Nec
815 792 932 836 nasci
954 801 1141 851 poterat,
1180 792 1260 836 nisi
1294 796 1407 838 Deus
1432 809 1519 839 non

124 869 261 906 esset:
286 871 362 906 aut
383 862 417 906 si
439 863 583 922 potuit
610 872 653 907 et
684 865 797 908 Deus
832 879 922 908 esse
955 872 998 908 et
1031 864 1163 920 nasci,
1196 880 1331 924 quare
1360 881 1450 910 non
1477 874 1520 909 et

122 947 213 977 non
230 933 348 977 nasci
365 934 558 993 potuerit
575 943 618 978 et
636 935 776 979 mori?
797 934 928 979 Vides
944 950 1044 993 ergo
1060 935 1167 979 utile
1189 936 1288 980 satis
1303 952 1392 981 non
1411 952 1516 993 esse,

120 1004 167 1047 in
183 1004 250 1048 his
267 1006 624 1064 consequentiam
642 1021 855 1065 quaerere,
874 1016 948 1051 aut
964 1008 1228 1065 argumentis
1251 1008 1402 1063 anniti,
1419 1022 1521 1053 cum

120 1073 176 1118 de
205 1074 337 1119 rebus
361 1076 504 1132 agitur
529 1091 629 1135 quae
659 1077 907 1134 pertineant
934 1077 988 1120 ad
1015 1079 1179 1121 Jesum.
1211 1077 1292 1122 Sed
1317 1094 1521 1138 quaeren-

119 1144 225 1190 dum
258 1145 402 1203 potius
432 1153 511 1200 est,
546 1144 655 1205 quid
681 1146 771 1204 ipse
793 1145 848 1189 de
872 1161 931 1199 se,
959 1146 1123 1207 quidve
1151 1147 1350 1206 Apostoli
1374 1147 1440 1192 sui
1463 1148 1519 1193 de

117 1216 272 1260 eodem
295 1215 587 1275 praedicarint.
609 1219 796 1276 Ipsaque
811 1216 920 1261 adeo
938 1217 1247 1276 pertractanda
1264 1219 1521 1278 genealogia

119 1296 198 1342 est,
224 1295 267 1331 et
286 1286 523 1332 videndum
547 1288 580 1331 si
597 1287 678 1331 sibi
698 1288 945 1343 conveniat,
971 1304 1062 1333 non
1080 1305 1131 1333 ex
1148 1290 1400 1349 conjectura
1420 1306 1520 1350 pas-

118 1358 263 1413 sionis,
298 1359 533 1403 nativitatis
565 1359 657 1419 ejus
691 1359 916 1419 exquirere
947 1360 1204 1404 veritatem:
1231 1360 1333 1420 quia
1364 1370 1408 1404 et
1431 1362 1519 1420 pati

119 1445 210 1474 non
239 1438 367 1474 natus
396 1430 560 1488 potuit,
591 1439 635 1474 et
656 1439 784 1475 natus
806 1430 986 1473 minime
1013 1430 1127 1490 pati,
1154 1431 1395 1490 praesertim
1418 1431 1519 1491 ipsis

119 1499 240 1544 vobis
269 1499 510 1544 fatentibus
534 1503 626 1545 Deo
653 1516 743 1544 esse
771 1500 1038 1560 impossibile
1061 1501 1195 1545 nihil:
1223 1501 1345 1562 quod
1367 1502 1448 1546 erit
1471 1513 1515 1547 et

119 1571 262 1630 ipsum
291 1570 473 1627 salsum,
499 1571 534 1616 si
562 1571 647 1617 hoc
677 1572 918 1617 constiterit
949 1587 1038 1618 non
1066 1573 1256 1632 potuisse
1288 1574 1399 1619 mori
1422 1589 1513 1619 non

121 1651 292 1686 natum.
313 1659 332 1683 »

180 1716 238 1757 II.
274 1713 543 1771 Augustinus
558 1712 804 1772 respondit:
826 1716 991 1757 Iterum
1008 1729 1057 1758 ac
1070 1729 1184 1773 saepe
1198 1715 1277 1758 tibi
1290 1716 1515 1775 proponis,

120 1783 242 1845 quod
258 1800 347 1829 non
363 1784 486 1829 audis
501 1785 557 1828 ab
575 1786 634 1828 eis
648 1801 670 1829 a
683 1785 846 1844 quibus
863 1784 1116 1830 confutaris.
1138 1789 1275 1831 Nemo
1294 1787 1373 1830 tibi
1386 1786 1515 1832 dicit:

121 1858 218 1902 Non
233 1865 402 1916 poterat
417 1856 543 1912 mori,
560 1857 641 1900 nisi
655 1865 782 1900 natus
793 1866 903 1901 esset
922 1876 930 1901 z
949 1857 1053 1917 quia
1067 1866 1266 1902 mortuus
1280 1867 1345 1902 est
1357 1858 1515 1914 Adam,

120 1928 319 1989 quamvis
338 1937 472 1972 vnatus
500 1942 590 1972 non
620 1927 786 1973 suisset.
826 1927 911 1973 Sed
939 1927 1101 1973 dicitur
1130 1929 1212 1974 tibi
1235 1947 1243 1973 :
1270 1931 1406 1975 Natus
1435 1939 1515 1987 est,

119 2001 223 2061 quia
243 2001 328 2045 hoc
351 2009 550 2045 sanctum
573 1999 878 2060 Evangelium,
900 2015 990 2045 non
1014 2001 1157 2046 nescio
1172 2001 1269 2061 quis
1288 2001 1519 2047 haereticus

119 2070 343 2132 loquitur:
369 2080 566 2116 mortuus
584 2081 662 2126 est,
689 2071 791 2131 quia
807 2072 953 2115 hocin
972 2081 1121 2116 sancto
1143 2072 1399 2131 Evangelio,
1426 2088 1519 2118 non

119 2142 166 2186 in
185 2141 299 2188 libro
322 2142 505 2203 alicujus
525 2142 719 2186 haeretici
741 2142 914 2202 legitur.
946 2142 1030 2188 Sed
1049 2152 1099 2186 tu
1116 2143 1194 2203 qui
1216 2142 1422 2202 prohibes
1445 2159 1518 2189 ar-

121 2214 381 2273 gumentari,
403 2229 506 2258 cum
522 2213 577 2256 de
599 2213 728 2257 rebus
749 2213 892 2273 agitur
914 2228 1013 2273 quae
1035 2213 1255 2273 pertinent
1272 2212 1327 2258 ad
1345 2216 1513 2270 Jesum‚

120 2294 165 2330 et
185 2283 471 2345 quaerendum
495 2298 641 2329 censes
660 2284 768 2344 quid
789 2284 878 2344 ipse
901 2284 955 2328 de
973 2299 1032 2339 se,
1053 2284 1215 2344 quidve
1231 2285 1430 2345 Apostoli
1447 2286 1515 2331 sui

121 2356 177 2400 de
203 2355 356 2400 eodem
378 2354 671 2414 praedicarint,
693 2371 794 2400 cum
818 2370 993 2415 coepero
1010 2356 1206 2400 Matthaei
1223 2356 1514 2416 Evangelium

121 2429 302 2474 recitare
336 2427 533 2488 Apostoli
566 2429 699 2488 ejus1,
732 2427 809 2472 ubi
837 2427 1027 2473 narratio
1050 2427 1286 2474 nativitatis
1309 2430 1400 2489 ejus
1422 2437 1513 2474 tota

172 2535 181 2551 ¹
202 2527 322 2560 Matth.
344 2535 367 2565 1,
391 2528 442 2559 18.
