1803 3250
348 232 431 272 490
788 241 820 269 s.
858 241 1087 270 Aucus-nm
1123 242 1305 270 13121800121

343 317 572 361 conentur,
599 307 700 366 quia
714 305 916 350 videlicet
937 307 1146 366 scriptum
1170 316 1233 352 est
1253 327 1261 352 :
1292 327 1311 350 «
1330 311 1472 362 Pater,
1498 323 1578 367 ego
1592 318 1634 353 te
1655 310 1731 354 ho—

347 398 364 418 »
392 378 566 422 norifica
575 378 614 420 vi
627 392 757 436 super
774 387 949 431 terram,
967 393 1076 436 opus
1091 378 1212 437 quod
1230 377 1388 422 dedisti
1406 378 1513 421 mihi
1527 394 1735 422 consum-

348 469 366 488 »
394 449 504 492 mavi
524 451 561 505 ¹3
585 466 605 488 »
631 457 673 491 et
696 447 750 491 de
783 448 946 507 Spiritu
969 458 1134 503 sancto,
1165 467 1182 487 «
1205 447 1284 492 Ille
1306 463 1375 492 me
1404 449 1734 505 honorificabit,

349 538 367 559 u
392 519 491 578 quia
513 517 567 562 de
591 533 688 562 meo
704 518 885 576 accipiet
908 528 951 563 et
968 518 1246 563 annuntiabit
1265 518 1417 562 vobis‘2
1433 538 1444 576 3
1461 537 1481 559 »
1505 519 1559 562 ad
1577 534 1666 563 rem
1683 519 1738 564 de

341 606 427 650 qua
452 590 594 648 agitur
617 604 706 633 non
730 590 932 648 pertinet.
960 593 1157 634 Honorat
1174 590 1291 634 enim
1314 589 1454 634 omnis
1471 590 1546 649 qui
1565 589 1732 645 adorat,

342 677 430 705 non
455 671 602 704 autem
630 660 783 705 adorat
805 662 944 705 omnis
970 662 1047 720 qui
1069 662 1271 705 honorat.
1297 663 1405 706 Nam
1430 670 1473 704 et
1495 659 1648 706 fratres
1670 677 1738 706 se-

344 730 543 776 cundum
576 729 836 790 Apostolum
865 731 1049 774 invicem
1075 746 1120 774 se
1151 732 1319 775 honore
1344 732 1634 790 praeveniunt,
1660 747 1741 776 nec

343 813 494 846 tamen
528 802 709 845 invicem
744 802 972 844 adorant3.
1005 801 1230 862 Alioquin,
1265 802 1299 847 si
1322 803 1634 857 honorificare,
1656 803 1740 848 hoc

341 883 405 918 est
418 873 619 928 adorare,
641 871 805 926 dicant,
826 871 859 914 si
878 871 1035 929 placet,
1057 872 1178 932 quod
1192 872 1350 916 Filium
1363 872 1514 917 adoret
1528 883 1571 918 et
1589 876 1733 929 Pater,

340 945 478 988 ethoc
490 943 675 1003 jubente
693 941 822 996 Filio,
843 943 918 1002 qui
937 942 974 985 ei
990 942 1093 987 dicit
1111 962 1119 988 :
1145 962 1164 985 «
1179 944 1429 988 Honorifica
1441 945 1550 987 me4.
1570 964 1587 985 »
1609 945 1739 997 Quod

339 1022 484 1057 autem
503 1011 611 1056 dixit
633 1010 688 1055 de
713 1012 873 1071 Spiritu
897 1021 1046 1057 sancto
1068 1032 1076 1057 :
1108 1032 1127 1055 «
1145 1016 1207 1056 De
1222 1029 1319 1057 meo
1339 1013 1520 1072 accipiet
1534 1047 1544 1067 ,
1570 1031 1590 1053 »
1612 1013 1741 1058 solvit

339 1085 429 1141 ipse
448 1082 735 1142 quaestionem
756 1101 765 1126 :
792 1096 846 1125 ne
869 1091 1101 1140 putaretur
1115 1083 1236 1143 quasi
1252 1098 1328 1142 per
1345 1082 1558 1143 quosdam
1581 1082 1740 1141 gradus

339 1154 402 1197 sic
425 1168 515 1197 esse
543 1151 597 1196 de
614 1152 688 1196 illo
711 1152 893 1211 Spiritus
916 1162 1106 1208 sanctus,
1138 1153 1363 1213 quomodo
1385 1163 1448 1197 est
1468 1154 1559 1212 ipse
1579 1152 1634 1197 de
1658 1157 1741 1198 Pa-

336 1233 427 1279 tre,
452 1238 554 1267 cum
590 1224 720 1267 ambo
749 1222 803 1266 de
832 1227 958 1267 Patre
980 1259 990 1278 ,
1029 1224 1103 1267 ille
1139 1233 1367 1278 nascatur,
1395 1223 1468 1267 ille
1502 1224 1738 1284 procedat,

335 1310 435 1354 quae
460 1295 549 1337 duo
571 1294 616 1336 in
645 1293 760 1337 illius
785 1302 955 1337 naturae
977 1294 1244 1338 sublimitate
1263 1295 1508 1338 discernere
1523 1329 1533 1349 ,
1560 1295 1739 1338 omnino

339 1365 518 1409 difficile
541 1375 606 1409 est
631 1384 639 1410 z
665 1380 766 1423 ergo
795 1381 850 1408 ne
882 1366 966 1410 hoc
995 1374 1224 1424 putaretur
1243 1399 1253 1419 ,
1289 1375 1340 1409 ut
1373 1364 1487 1420 dixi,
1527 1366 1738 1410 continuo

334 1436 545 1495 subjecit:
572 1455 590 1476 «
614 1435 770 1479 Omnia
793 1451 892 1494 quae
914 1437 1048 1479 habet
1077 1438 1204 1478 Pater
1228 1449 1324 1478 mea
1347 1444 1475 1487 sunt,
1508 1445 1738 1495 propterea

337 1524 357 1547 »
383 1504 469 1548 dixi
489 1524 498 1549 2
525 1508 587 1548 De
610 1520 707 1548 meo
730 1504 958 1563 accipiet5.
979 1523 998 1546 »
1026 1508 1092 1549 Ita
1112 1505 1203 1548 sine
1222 1504 1358 1549 dubio
1380 1505 1566 1565 intelligi
1590 1505 1739 1552 volens

336 1575 460 1635 quod
484 1573 538 1618 de
570 1578 696 1618 Patre
727 1575 925 1634 accipiat.
955 1576 1040 1620 Sed
1061 1576 1160 1619 ideo
1184 1574 1239 1618 de
1274 1575 1432 1635 ipsius,
1467 1577 1570 1636 quia
1593 1578 1738 1622 omnia

333 1661 434 1705 quae
462 1645 593 1688 habet
619 1648 763 1700 Pater,
786 1646 919 1705 ipsius
945 1654 1061 1689 sunt.
1095 1648 1198 1689 Haec
1222 1655 1368 1690 autem
1399 1662 1488 1690 non
1511 1656 1575 1691 cst
1596 1646 1739 1692 diver-

334 1716 472 1760 sitatis
494 1724 680 1770 naturae,
703 1716 780 1759 sed
796 1716 926 1759 unius
948 1715 1150 1776 principii
1168 1716 1509 1762 commendatio.

392 1788 491 1830 XX.
531 1785 785 1830 Secundum
806 1787 905 1842 hoc,
926 1787 985 1830 ita
1011 1786 1196 1845 Spiritus
1219 1796 1393 1831 sanctus
1417 1803 1506 1832 non
1528 1803 1551 1831 a
1574 1803 1618 1831 se
1637 1788 1736 1848 ipso

334 1856 548 1917 loquitur,
574 1858 676 1917 quia
702 1873 788 1902 non
813 1866 878 1901 est
906 1874 929 1901 a
962 1873 1006 1901 se
1035 1858 1128 1916 ipso
1159 1858 1235 1917 qui
1271 1856 1325 1901 de
1359 1861 1486 1902 Patre
1508 1858 1731 1918 procedit:

334 1927 445 1970 sicut
468 1943 549 1972 nec
585 1927 719 1972 Filius
753 1936 896 1986 potest
919 1943 943 1971 a
970 1943 1014 1971 se
1050 1925 1193 1971 facere
1223 1926 1465 1987 quidquam
1483 1963 1494 1982 ,
1531 1929 1633 1988 quia
1656 1944 1736 1974 nec

339 1998 430 2055 ipse
450 2013 473 2041 a
491 2012 535 2041 se
554 1998 648 2057 ipso
671 2007 750 2053 est,
776 1998 887 2042 sicut
905 1999 993 2057 jam
1031 1998 1229 2057 superius
1251 1999 1431 2057 exposui
1463 2019 1471 2043 ε
1503 2015 1592 2044 non
1614 2002 1735 2060 quod

334 2068 378 2110 in
405 2067 608 2111 omnibus
632 2077 789 2111 nutum
817 2068 952 2112 Patris
982 2077 1215 2127 expectet,
1246 2084 1335 2112 non
1366 2068 1481 2112 enim
1513 2070 1572 2113 ait
1602 2091 1613 2115 ι
1645 2072 1734 2115 Nisi

335 2137 453 2196 quod
467 2136 626 2182 viderit
640 2141 811 2182 Patrem
830 2138 1088 2181 innuentem
1104 2159 1114 2194 3
1139 2138 1229 2192 sed,
1247 2137 1368 2197 quod
1382 2138 1538 2183 viderit
1555 2143 1727 2185 Patrem

338 2207 584 2263 facientem,
621 2207 864 2253 secundum
895 2224 944 2252 ea
978 2225 1077 2269 quae
1108 2210 1199 2269 jam
1233 2208 1565 2269 disputavimus,
1604 2212 1735 2264 Quod

337 2287 481 2323 autem
516 2282 562 2322 in
599 2280 804 2324 omnibus
843 2281 1026 2340 Spiritus
1061 2290 1235 2325 sanctus
1268 2281 1427 2326 Christi
1462 2291 1733 2341 praeceptum

338 2358 550 2410 expectet,
569 2360 620 2395 ut
641 2349 810 2406 dicunt,
833 2351 979 2410 legant
1001 2351 1031 2395 si
1051 2361 1248 2411 possunt.
1277 2352 1406 2405 Quod
1429 2354 1544 2396 enim
1564 2353 1732 2398 dictum

336 2429 400 2464 est
426 2439 435 2465 :
462 2422 559 2466 Non
582 2437 605 2465 a
624 2437 667 2466 se
690 2421 898 2482 loquetur
925 2441 933 2468 ι
959 2438 1047 2467 non
1071 2432 1135 2466 est
1163 2423 1329 2469 dictum
1350 2459 1361 2479 ,
1387 2439 1678 2485 quaecumque
1709 2440 1731 2468 a

381 2529 393 2546 ¹
413 2525 507 2556 Joan-
531 2535 608 2567 xvn,
625 2524 658 2568 4.
676 2542 718 2549 -
736 2532 749 2549 ²
771 2526 817 2559 ld.
852 2536 924 2567 xvi,
947 2525 998 2568 ¹4·
1022 2543 1055 2548 -
1075 2524 1088 2549 3
1109 2528 1199 2559 Rom.
1231 2538 1288 2569 ιιι,
1315 2537 1364 2559 10.
1380 2544 1421 2552 --
1438 2526 1453 2557 4
1470 2530 1562 2560 Joan.
1594 2529 1673 2560 xvi1.
1688 2543 1729 2551 —

337 2575 352 2600 ⁵
371 2578 417 2611 Id.
438 2588 506 2621 xvi,
528 2577 580 2612 15.
