1803 3250
353 270 515 300 CONTRA
550 270 854 300 ADVERsAmnM
887 272 1022 310 mors,
1058 272 1141 299 mn.
1178 272 1227 299 11.
1408 257 1492 298 425

109 339 216 383 lium
230 353 315 398 qua
328 337 502 382 fuerant
520 347 615 396 post
632 336 860 396 paululum
881 336 1094 391 morituri,
1117 337 1247 380 etiam
1265 336 1347 380 isto
1363 335 1496 380 modo

110 410 288 453 serviret
308 409 383 454 Dei
406 408 718 468 providentiae,
755 416 798 451 et
819 407 863 450 in
892 423 1018 451 usum
1053 408 1227 452 cederet
1254 406 1492 466 discplinae.

109 482 215 533 Quis
238 495 315 525 nos
333 495 422 525 non
438 481 481 523 in
503 489 644 523 totum
663 478 786 522 irasci
803 478 1029 536 prohibuit
1045 514 1054 532 ,
1080 477 1437 538 quandoquidem
1456 487 1498 521 et

111 552 201 610 ipse
218 552 352 595 iratus
369 559 431 594 est
446 549 524 593 ubi
546 549 741 608 oportuit
762 567 770 592 :
788 549 863 592 sed
882 548 1003 592 irasci
1025 558 1068 592 et
1086 564 1174 592 non
1194 563 1373 607 peccare
1386 564 1499 608 prae-

110 623 238 681 cepit.
266 624 362 681 Ipse
384 629 447 665 est
466 629 629 674 autem,
655 634 744 663 non
767 619 891 673 alius,
917 634 1005 663 non
1031 621 1106 680 qui
1127 620 1377 664 vindicandi
1395 635 1500 664 cau-

110 709 190 749 saS‚
216 694 325 738 sicut
344 694 424 738 iste
449 693 661 747 affirmat,
686 691 895 751 inquirit3
922 690 998 735 sed
1018 690 1301 736 vindicandas
1324 707 1470 736 causas
1487 727 1498 748 ‚

110 764 289 825 quando
305 766 397 824 ipse
415 765 557 819 novit,
590 761 791 808 advertit.
817 763 903 816 Qui
929 777 1029 817 nos,
1055 777 1111 806 ne
1134 762 1313 823 quando
1330 764 1503 823 jurare-

112 851 224 893 mus,
251 835 421 879 monuit
445 854 453 879 :
480 843 528 878 ut
551 834 758 894 quoniam
780 832 873 878 falli
896 849 1144 893 possumus,
1169 833 1299 893 longe
1323 833 1458 879 simus
1481 849 1504 879 a

113 907 303 966 perjurio
327 921 415 950 non
428 905 632 965 jurando.
663 909 758 965 Ipse
776 915 839 949 est
861 915 1007 949 autem
1023 941 1034 960 ,
1057 921 1147 950 non
1181 905 1290 950 alius
1306 941 1316 960 ,
1351 915 1402 950 ut
1434 906 1505 950 hic

112 988 264 1038 putat,
289 978 367 1037 qui
388 993 476 1022 suae
504 978 730 1021 sententiae
758 978 986 1021 veritatem
1016 976 1071 1021 ad
1093 975 1341 1021 incredulos
1362 978 1505 1021 incre-

116 1049 295 1110 pandos,
321 1049 398 1093 ubi
421 1066 530 1109 opus
555 1065 644 1094 esse
661 1048 899 1109 judicavit,
925 1049 1052 1093 etiam
1083 1048 1273 1110 jurando
1296 1049 1499 1094 firmavit.

116 1121 234 1166 Sicut
258 1130 403 1165 autem
428 1122 558 1165 homo
575 1122 727 1181 jurans
745 1120 924 1164 adhibet
937 1129 1090 1164 testem
1108 1124 1247 1164 Deum
1265 1156 1276 1175 ‚
1296 1121 1356 1164 ita
1374 1136 1418 1164 se
1437 1121 1504 1180 ip·-

114 1191 209 1236 sum
236 1194 361 1236 Deus.
388 1191 474 1244 Qui
498 1207 575 1236 nos
594 1192 639 1234 in
659 1189 745 1235 fide
768 1191 889 1234 verbi
912 1191 1002 1235 veri
1031 1200 1143 1235 stare
1159 1191 1301 1248 jussit.
1328 1195 1425 1251 Ipse
1444 1200 1507 1237 est

114 1262 246 1316 enim,
285 1277 373 1306 non
402 1261 538 1316 alius,
574 1262 686 1306 sicut
722 1261 793 1305 hic
816 1270 963 1321 putat,
1007 1277 1095 1306 non
1127 1262 1203 1322 qui
1236 1261 1507 1307 voluntatem

114 1348 252 1385 suam,
276 1333 386 1377 sicut
408 1333 488 1377 iste
512 1331 785 1392 blasphemat
805 1348 813 1372 :
841 1331 915 1376 sed
938 1333 1013 1392 qui
1029 1348 1095 1376 res
1118 1348 1224 1392 quas
1242 1333 1398 1388 voluit,
1419 1349 1508 1378 non

111 1412 277 1447 mutata
296 1403 524 1448 voluntate
553 1403 750 1447 mutavit.
776 1403 859 1456 Qui
883 1418 961 1447 nos
984 1403 1097 1447 viam
1120 1403 1311 1447 veritatis
1335 1403 1503 1448 docuit.

117 1478 214 1533 Ipse
235 1483 299 1518 est
322 1474 438 1518 enim
461 1483 504 1518 et
523 1476 636 1518 Deus
655 1474 990 1532 Prophetarum,
1016 1473 1091 1533 qui
1120 1489 1372 1533 nunquam,
1399 1475 1511 1518 sicut

115 1546 195 1590 iste
217 1545 510 1590 calumniatur
527 1580 537 1599 ,
563 1543 679 1588 falsis
710 1544 1066 1603 promissionibus
1088 1559 1186 1588 suos
1211 1545 1386 1604 decipit.
1425 1545 1508 1598 Qui

116 1633 195 1662 nos
218 1615 614 1676 irreprehensibiles
632 1630 722 1658 esse
743 1616 979 1660 mandavit.
1008 1619 1106 1675 Ipse
1123 1626 1186 1660 est
1203 1616 1318 1659 enim
1334 1625 1378 1660 et
1397 1619 1511 1660 Deus

120 1688 455 1747 Prophetarum,
481 1687 557 1746 qui
578 1701 822 1745 nunquam,
844 1687 955 1730 sicut
975 1686 1055 1730 iste
1073 1687 1344 1743 criminatur,
1363 1687 1512 1746 seipse

120 1758 416 1818 reprehendit,
437 1773 517 1801 nec
534 1773 634 1801 eum
655 1757 767 1801 sicut
781 1757 999 1801 hominem
1020 1758 1259 1819 quidquam
1275 1758 1508 1818 poenituit:

119 1830 194 1874 sed
228 1845 373 1873 rerum
408 1827 656 1872 futurarum
691 1829 1006 1884 mutationem,
1039 1846 1145 1889 quas
1168 1845 1211 1874 se
1238 1839 1512 1874 mutaturum

120 1901 211 1946 sine
232 1898 324 1944 ulla
344 1900 409 1943 sui
431 1899 674 1943 mutatione
689 1898 743 1942 ab
768 1899 1010 1943 aeternitate
1032 1900 1246 1959 praescivit
1262 1936 1272 1954 ,
1295 1900 1417 1944 velut
1433 1901 1513 1943 hu-

121 1986 250 2016 mana
270 1969 523 2014 hominibus
545 1969 766 2013 locutione
788 1969 1003 2028 praedixit.
1038 1971 1121 2024 Qui
1153 1970 1278 2015 nobis
1307 1971 1413 2014 iram
1437 1970 1511 2014 Dei

122 2041 404 2085 metuendam
428 2050 470 2090 et
493 2040 538 2083 in
560 2039 797 2099 Evangelio
821 2041 1157 2084 commendavit.
1191 2044 1287 2100 Ipse
1314 2051 1377 2085 est
1399 2041 1512 2085 enim

122 2122 166 2157 et
188 2111 506 2170 Prophetarum
531 2113 659 2165 Deus,
685 2111 864 2170 quinon
882 2110 946 2154 sui
969 2112 1101 2155 animi
1116 2112 1509 2171 perturbationem,

123 2184 197 2228 sed
215 2184 377 2243 justam
404 2196 685 2242 severamque
706 2181 964 2235 vindictam,
995 2183 1071 2225 irae
1106 2182 1177 2226 vel
1203 2182 1515 2242 indignationis

125 2255 302 2300 nornine
321 2254 608 2313 nuncupavit.
636 2254 719 2307 Qui
739 2254 923 2298 alterum
938 2254 991 2298 ab
1008 2254 1143 2299 altero
1162 2270 1250 2299 non
1273 2264 1514 2314 utcumque

124 2326 248 2381 laedi,
274 2325 350 2371 sed
371 2326 528 2385 injuria
550 2325 651 2369 laedi
673 2326 830 2370 noluit.
859 2329 954 2385 Ipse
978 2336 1042 2370 θεῖ
1064 2327 1178 2370 enim
1207 2336 1250 2370 et
1273 2327 1513 2386 Propheta-

125 2413 221 2442 rum
238 2400 368 2452 Deus,
391 2397 467 2456 qui
487 2397 576 2440 sive
592 2412 669 2456 per
688 2398 902 2451 homines,
925 2397 1011 2441 sive
1030 2412 1105 2456 per
1124 2397 1308 2455 Angelos
1326 2406 1509 2450 sanctos,

126 2469 256 2513 etiam
279 2469 592 2528 temporalibus
614 2484 845 2529 corporum
870 2469 1099 2523 mortibus,
1121 2484 1229 2529 quos
1245 2468 1398 2521 voluit,
1427 2468 1513 2511 uti-

129 2539 226 2584 liter
248 2549 324 2585 aut
345 2540 573 2585 mulctavit
591 2576 602 2595 ,
636 2550 712 2586 aut
733 2541 902 2585 terruit.
929 2541 1012 2594 Qui
1035 2540 1184 2585 docuit
1205 2540 1261 2583 ad
1281 2538 1511 2597 concupis-
