1803 3250
418 262 578 289 CONTRA
613 261 890 289 secunnmtm
923 261 1209 287 MANicnAEnM.
1423 249 1505 288 325

124 326 461 385 corrumpenda,
490 324 725 385 turpanda,
758 339 845 367 non
869 324 1089 378 vendidit,
1115 325 1188 368 sed
1219 325 1344 381 gratis
1367 325 1503 369 dedit.

125 397 192 441 Ad
210 412 364 457 quem,
389 398 421 440 si
445 406 608 456 posset,
633 405 748 440 certe
770 395 998 454 optaretis,
1021 405 1070 439 ut
1096 406 1179 438 tam
1205 394 1365 440 illibata
1391 395 1507 440 redi-

124 476 187 511 ret
209 467 264 511 ab
287 467 470 511 inimicis
489 467 574 510 suis
593 467 669 511 Dei
687 465 818 511 vestri
841 465 1046 524 praeclara
1069 474 1245 523 natura,
1266 481 1396 525 quam
1420 465 1507 510 illi-

123 539 221 581 b'ata
245 538 338 581 viro
360 536 527 580 reddita
549 545 612 580 est
631 539 746 581 Sara.

181 609 342 651 XXIV.
380 607 548 652 Laudas
567 622 706 652 mores
729 615 772 651 et
788 607 927 650 studia
952 605 1175 666 quondam
1193 621 1305 661 mea,
1329 617 1372 651 et
1393 625 1509 668 quae-

123 680 176 723 ris
205 680 300 739 quis
329 694 400 723 me
433 689 611 739 repente
648 678 897 723 mutaverit.
924 677 1091 722 Deinde
1123 677 1510 739 circumloquendo

120 765 431 795 commemoras
465 751 692 810 antiquum
721 751 891 794 hostem
925 748 1122 794 omnium
1156 748 1352 793 fidelium
1381 760 1511 811 atque

120 829 386 876 sanctorum,
407 830 451 865 et
473 822 608 881 ipsius
630 821 803 865 Domini
821 823 924 865 Jesu
940 820 1114 875 Christi,
1131 835 1261 880 quem
1280 821 1342 864 vis
1359 821 1512 881 utique

119 890 346 935 diabolum
359 890 559 951 intelligi.
576 890 693 945 Quid
704 907 782 950 ego
803 891 881 936 tibi
899 891 954 934 de
966 906 1062 934 mea
1075 891 1317 935 mutatione
1331 907 1512 951 respon—

120 960 246 1007 deam
261 997 272 1017 ,
298 978 429 1023 quam
454 963 534 1007 nisi
557 978 608 1006 eo
632 961 763 1006 modo
785 964 829 1006 in
852 961 1006 1005 melius
1029 962 1121 1006 fieri
1152 962 1371 1006 crederem
1386 999 1395 1017 ‚
1423 979 1510 1008 non

119 1032 271 1091 utique
293 1048 379 1087 me,
406 1042 547 1077 vestro
569 1047 713 1077 errore
735 1033 948 1077 detestato
967 1041 1098 1092 atque
1121 1032 1343 1088 damnato,
1366 1034 1418 1078 ad
1437 1050 1511 1079 ca-

117 1101 323 1147 tholicam
360 1103 598 1147 Ecclesiam
629 1102 851 1163 fidemque
889 1102 1149 1147 conferrem.
1191 1103 1321 1156 Quod
1362 1114 1511 1149 utrum

118 1181 234 1217 recte
255 1171 450 1227 fecerim,
477 1171 522 1215 id
546 1182 624 1224 est,
650 1188 672 1216 a
700 1172 815 1217 malo
838 1174 883 1217 in
916 1173 1082 1217 bonum
1112 1182 1305 1217 mutatus
1329 1176 1405 1218 sim
1426 1211 1436 1230 ,
1463 1185 1510 1219 tu

118 1244 224 1288 mihi
241 1244 332 1303 ipse
355 1243 482 1288 solvis
505 1244 790 1303 quaestionem
808 1244 853 1287 in
871 1243 1024 1288 eodem
1047 1245 1184 1288 verbo
1198 1245 1316 1304 quod
1332 1246 1511 1304 posuisti

117 1316 370 1361 mutationis
401 1331 523 1359 meae.
558 1315 715 1359 Anima
743 1315 857 1358 enim
881 1330 976 1359 mea
995 1349 1006 1369 ‚
1043 1315 1076 1358 si
1108 1316 1510 1374 (quemadmodum

117 1386 284 1443 dicitis)
309 1386 385 1430 Dei
408 1395 563 1430 natura
587 1396 724 1443 esset,
755 1387 842 1430 sive
871 1386 916 1429 in
939 1385 1093 1430 melius
1112 1421 1122 1441 ,
1159 1386 1268 1430 sicut
1303 1387 1476 1431 confido
1500 1410 1511 1445 3

116 1457 203 1502 sive
225 1458 270 1501 in
293 1458 499 1511 deterius,
529 1456 639 1501 sicut
662 1457 819 1514 arguis,
843 1457 1005 1500 mutari
1028 1457 1206 1501 omnino
1228 1473 1315 1502 non
1340 1469 1509 1517 posset:

118 1543 197 1572 nec
213 1543 237 1571 a
259 1542 303 1572 se
322 1528 430 1586 ipsa,
455 1542 535 1572 nec
557 1543 579 1571 a
602 1529 671 1587 cuj
681 1542 861 1587 usquam
878 1527 947 1571 vel
966 1527 1143 1572 alterius
1161 1527 1368 1587 impulsu.
1391 1529 1513 1573 Unde

117 1614 220 1644 cum
241 1614 430 1643 errorem
452 1599 586 1644 istum
610 1599 789 1659 reliqui,
821 1608 863 1642 et
886 1599 996 1658 elegi
1019 1615 1112 1643 earn
1136 1600 1267 1644 fidem
1285 1636 1294 1654 ‚
1328 1601 1403 1645 ubi
1436 1602 1510 1645 Dei

117 1680 273 1716 natura
294 1686 469 1731 prorsus
498 1669 869 1715 incommutabilis
891 1671 961 1730 pie
979 1672 1172 1716 creditur
1187 1707 1197 1726 ,
1225 1681 1273 1715 ut
1296 1673 1513 1732 sapienter

116 1742 386 1802 intelligatur
410 1762 419 1787 :
446 1758 534 1786 non
553 1742 752 1801 displicet
773 1743 958 1786 mutatio
981 1757 1094 1797 mea,
1121 1743 1202 1787 nisi
1231 1743 1391 1803 quibus
1420 1743 1510 1787 dis—

116 1813 624 1874 plicetincommutabilis
638 1816 764 1857 Deus.
786 1816 863 1856 Est
876 1822 1022 1857 autem
1041 1812 1241 1858 diabolus
1260 1824 1509 1858 sanctorum

117 1882 411 1939 adversarius,
452 1899 541 1928 non
569 1882 690 1944 quod
722 1882 926 1927 adversus
957 1898 1030 1927 eos
1058 1898 1111 1927 ex
1139 1883 1314 1928 alterius
1343 1895 1512 1928 naturae

116 1954 333 2000 contrario
356 1955 568 2014 principio
591 1963 825 2013 consurgat
843 1953 1066 2009 inimicuS,
1095 1953 1170 1998 sed
1193 1955 1294 2014 quia
1317 1955 1376 1999 eis
1396 1956 1511 1999 invi-

117 2026 193 2070 det
210 2027 423 2071 honorem
453 2025 694 2080 coelestem,
727 2024 846 2069 unde
867 2034 931 2069 est
963 2026 1052 2084 ipse
1080 2025 1287 2085 dejectus.
1315 2029 1512 2071 Mutatus

117 2098 233 2142 enim
255 2098 367 2156 ipse,
400 2096 505 2142 alios
526 2106 696 2141 mutare
717 2097 910 2141 molitur.
939 2098 1050 2142 Nam
1072 2097 1183 2140 sicut
1207 2113 1229 2140 a
1256 2097 1379 2141 vobis
1407 2101 1510 2141 Per-

116 2168 216 2213 sicae
237 2168 352 2212 illius
374 2167 538 2212 fabulae
566 2167 812 2227 prolixitate
842 2166 1126 2223 describitur,
1153 2167 1186 2211 si
1210 2183 1299 2212 non
1320 2177 1511 2212 mutatus

118 2238 222 2283 alios
239 2248 402 2292 mutat,
427 2237 625 2297 profecto
648 2239 784 2297 maj0r
803 2247 845 2282 et
866 2239 1005 2282 victor
1025 2247 1087 2282 est
1108 2257 1116 2282 :
1146 2238 1178 2281 si
1202 2247 1344 2281 autem
1363 2274 1373 2292 ,
1400 2240 1512 2283 sicut

118 2309 354 2363 affirmatis,
372 2317 531 2352 sanctae
552 2307 682 2365 lucis,
705 2325 794 2353 non
809 2309 1010 2353 inimicus
1028 2310 1102 2353 Dei
1121 2319 1184 2353 est
1200 2345 1210 2364 ,
1233 2309 1308 2352 sed
1327 2311 1506 2365 amicus,

115 2390 158 2426 et
178 2380 262 2424 illis
283 2379 435 2424 melior
457 2395 565 2440 quos
592 2379 777 2439 decipit,
805 2381 880 2440 qui
903 2396 975 2425 eos
996 2380 1150 2425 lumini
1178 2390 1332 2425 sancto
1355 2382 1504 2426 inimi-

118 2468 205 2507 cos,
230 2452 306 2514 qui
329 2461 391 2496 est
412 2452 502 2511 ipse
525 2452 703 2506 amicus,
726 2452 894 2496 efficit?
918 2452 1022 2497 Ideo
1044 2453 1207 2512 quippe
1236 2452 1344 2497 dicit
1364 2455 1509 2497 Mani-

119 2524 286 2579 chaeus,
324 2533 487 2568 aeterno
521 2522 734 2582 supplicio
763 2524 924 2566 animas
957 2524 1000 2566 in
1032 2522 1108 2567 illo
1141 2522 1339 2567 horribili
1378 2523 1508 2582 globo

120 2593 414 2651 damnandas,
453 2593 611 2655 «quod
637 2609 777 2639 errare
805 2609 848 2638 se
880 2609 903 2638 a
933 2594 1067 2653 priori
1087 2593 1233 2640 lucida
1255 2610 1331 2639 sua
1353 2604 1506 2639 natura
