1803 3250
350 199 403 234 3ss
786 202 820 232 s.
856 203 1085 234 Aucusnm
1120 206 1301 234 EPISCOPI

344 273 620 331 propagatio,
662 280 807 314 utrum
829 287 878 315 ex
909 288 1037 316 carne
1061 272 1263 326 Abrahae,
1289 270 1321 314 si
1344 270 1398 313 dc
1419 285 1463 314 sc
1485 271 1576 330 ipse.
1599 287 1731 328 genc-

340 353 452 386 raret
471 363 477 386 z
500 358 554 385 an
573 359 622 385 ex
641 342 883 398 voluntate,
905 344 936 387 si
959 343 1147 403 aliquem
1167 342 1279 387 sorte
1295 341 1523 401 adoptaret
1543 361 1551 386 :
1573 341 1733 386 deinde

337 414 368 456 si
391 413 444 456 de
467 427 596 455 carne
620 413 766 471 ipsius,
788 422 935 458 utrum
959 430 1007 456 cx
1030 417 1146 468 Sara,
1169 430 1223 457 an
1242 430 1291 457 cx
1309 412 1389 456 alia
1406 427 1597 472 prorsus,
1619 428 1730 458 non-

335 484 443 526 dum
462 483 785 528 manifestatum
805 484 907 529 fuit.
936 488 1116 542 Legunt,
1143 486 1340 544 inquam,
1367 485 1444 544 qui
1471 483 1661 538 volunt,
1691 492 1735 527 et

335 555 558 599 invenient
582 558 792 600 Faustum
815 565 891 600 aut
913 554 1005 599 salli
1028 554 1348 615 imprudenter,
1374 564 1449 599 aut
1472 553 1622 599 fallere
1652 554 1736 598 im—

335 625 566 684 pudenter.
591 629 743 686 ltaque
766 626 985 671 Abraham
1006 662 1017 680 ,
1048 642 1148 670 cum
1182 626 1263 670 sibi
1294 625 1464 671 videret
1495 641 1585 671 non
1617 625 1735 670 nasci

337 694 462 751 filios,
488 705 531 740 et
556 705 702 740 tamen
724 697 876 740 semini
898 711 977 742 suo
1005 697 1167 741 factam
1191 697 1521 755 promissionem
1540 704 1735 752 teneret,

347 768 488 826 primo
501 768 555 811 de
569 768 804 827 adoptione
822 769 1057 827 cogitabat.
1083 771 1176 813 Hoc
1194 768 1373 823 indicat,
1394 766 1515 828 quod
1531 782 1633 812 cum
1647 769 1739 812 Deo

344 838 544 899 loquens,
571 840 630 884 ait
654 838 709 884 de
730 839 966 884 vernaculo
982 855 1061 884 suo
1082 858 1092 884 ε
1117 859 1133 879 (ι
1157 839 1236 884 Hie
1263 841 1400 884 haeres
1421 854 1544 883 meus
1561 839 1663 883 erit¹
1687 857 1696 883 :
1719 858 1737 880 »

351 919 557 970 tanquam
582 909 766 965 diceret,
797 911 901 970 quia
922 909 977 954 de
1007 924 1077 953 me
1105 909 1199 969 ipso
1227 910 1333 954 mihi
1365 924 1513 954 semen
1545 924 1635 954 non
1663 909 1740 952 de-

351 980 474 1035 disti,
499 982 544 1024 in
562 982 643 1025 isto
665 980 838 1040 comple
859 980 980 1041 quod
1001 995 1099 1025 meo
1118 981 1272 1024 semini
1292 980 1540 1040 promisisti.
1563 980 1606 1024 Si
1625 979 1741 1023 enim

349 1067 498 1096 semen
519 1054 734 1112 cujusque
756 1067 845 1097 non
864 1051 1173 1112 appellaretur,
1198 1051 1279 1096 nisi
1292 1049 1413 1111 quod
1431 1050 1594 1112 dezejus
1614 1066 1744 1096 carne

343 1133 610 1178 nasceretur,
632 1139 712 1168 nec
730 1139 808 1168 nos
827 1123 1064 1183 appellaret
1077 1122 1312 1183 Apostolus
1334 1137 1482 1167 semen
1496 1122 1709 1167 Abrahae²
1725 1157 1737 1178 ‚

341 1196 419 1254 qui
442 1203 558 1238 certe
580 1195 791 1253 originem
814 1194 953 1238 carnis
978 1195 1033 1238 ab
1057 1193 1131 1238 illo
1153 1209 1240 1240 non
1260 1192 1478 1248 ducimus,
1503 1194 1579 1238 sed
1598 1193 1742 1239 imita-

341 1268 458 1309 tione
477 1264 580 1308 fidei
595 1280 744 1309 semen
761 1266 853 1325 ejus
866 1264 968 1309 lacti
989 1281 1155 1320 sumus,
1181 1265 1405 1310 credentes
1426 1265 1472 1308 in
1494 1265 1734 1321 Christum,

342 1337 466 1395 cujus
508 1351 609 1380 caro
643 1351 693 1380 ex
727 1335 842 1380 illius
879 1351 1008 1380 carne
1044 1345 1281 1395 propagata
1321 1345 1400 1380 est.
1446 1355 1466 1378 «
1490 1338 1611 1381 Tunc
1634 1351 1738 1395 ergo

346 1427 364 1448 »
390 1407 613 1451 Abraham
632 1405 798 1450 audivit
819 1423 843 1451 a
868 1407 1056 1451 Domino
1078 1426 1087 1452 ε
1112 1410 1210 1453 Non
1236 1407 1305 1451 hic
1334 1407 1416 1451 erit
1444 1407 1582 1451 haeres
1606 1416 1707 1451 tuus
1723 1442 1735 1463 ,

343 1496 364 1519 »
390 1478 464 1522 sed
486 1479 561 1538 qui
583 1478 694 1522 exiet
715 1477 770 1522 de
790 1487 915 1523 utero
940 1487 1034 1534 tuo,
1067 1479 1157 1538 ipse
1173 1479 1256 1522 erit
1273 1479 1410 1522 haeres
1432 1480 1570 1523 tuus³.
1595 1497 1615 1520 »
1639 1481 1738 1523 Jam

341 1558 444 1593 tunc
466 1550 712 1609 adoptionis
730 1550 992 1608 cogitatione
1014 1549 1200 1604 sublata,
1226 1564 1327 1594 cum
1343 1548 1397 1593 de
1419 1565 1463 1594 se
1477 1549 1572 1609 ipso
1589 1564 1739 1594 semen

337 1630 530 1679 speraret
551 1621 789 1675 Abraham,
817 1620 1003 1664 restabat
1025 1620 1256 1675 incertum,
1283 1629 1431 1664 utrum
1450 1636 1503 1664 ex
1529 1622 1630 1665 Sara
1645 1655 1656 1676 ,
1684 1636 1740 1665 an

339 1707 391 1734 ex
415 1691 496 1736 alia
519 1710 528 1735 ι
553 1690 674 1750 quod
699 1690 762 1734 illi
785 1693 900 1735 Deus
929 1690 1148 1735 occultare
1177 1691 1341 1746 voluit⁷
1374 1690 1516 1736 donec
1547 1691 1666 1751 prius
1687 1707 1739 1737 ex

339 1761 497 1806 ancilla
512 1765 644 1806 Vetus
661 1764 988 1807 Testamentum
1006 1763 1279 1820 figuraretur.
1304 1762 1423 1816 Quid
1436 1777 1539 1821 ergo
1557 1763 1736 1820 mirum,

338 1834 374 1878 si
394 1833 545 1878 videns
568 1833 789 1878 Abraham
811 1832 999 1877 sterilem
1024 1848 1201 1878 uxorem
1220 1868 1231 1888 ‚
1257 1833 1507 1893 cupientem
1530 1833 1613 1878 sibi
1635 1850 1739 1895 pro-

342 1904 453 1960 lem,
479 1920 610 1965 quam
635 1919 784 1964 parere
805 1905 895 1964 ipsa
917 1920 1006 1949 non
1035 1905 1201 1964 potuit,
1228 1920 1280 1949 ex
1308 1904 1475 1949 famula
1502 1921 1579 1951 sua
1615 1915 1659 1951 et
1686 1922 1737 1951 ex

342 1976 498 2020 marito
518 1977 768 2036 provenire,
797 1991 887 2021 non
919 1991 1008 2020 suae
1031 1975 1192 2020 carnali
1214 1975 1445 2035 cupiditati
1473 1977 1626 2032 cessit,
1660 1977 1737 2023 sed

344 2048 563 2108 conjugali
583 2047 786 2107 potestati
813 2048 1158 2108 obtemperavit3
1193 2048 1375 2093 eredens
1400 2049 1484 2094 hoc
1515 2052 1663 2095 Saram
1685 2065 1736 2094 ex

343 2120 421 2164 Dei
444 2128 558 2163 nutu
578 2119 781 2175 voluisse,
802 2120 877 2180 qui
893 2121 981 2179 jam
998 2135 1049 2164 ex
1069 2135 1113 2164 se
1134 2120 1227 2179 ipso
1248 2119 1312 2164 illi
1329 2120 1547 2165 haeredem
1570 2122 1737 2181 promi-

345 2200 458 2235 serat
476 2227 485 2246 ,
511 2191 584 2235 sed
608 2207 658 2235 ex
679 2208 765 2252 qua
788 2191 967 2236 foemina
984 2207 1075 2236 non
1092 2190 1386 2251 praedixerati'
1408 2195 1585 2237 Frustra
1604 2194 1736 2252 igitur

348 2265 534 2306 Faustus
556 2262 611 2306 ad
637 2261 931 2321 objiciendum
954 2262 1036 2306 hoc
1054 2263 1217 2306 crimen
1239 2262 1414 2306 insanus
1430 2261 1611 2320 insiluit,
1637 2274 1736 2309 tan-

349 2348 482 2392 quam
496 2332 717 2377 infidelem
731 2334 952 2378 Abraham
970 2332 1202 2377 infideliter
1215 2349 1413 2393 arguens.
1433 2336 1600 2380 Caetera
1616 2337 1733 2381 enim

346 2404 541 2448 caecitate
569 2420 657 2449 non
691 2404 895 2448 credendi
918 2420 997 2449 nec
1020 2403 1156 2449 valuit
1176 2404 1442 2463 intelligere,
1478 2406 1562 2452 hoc
1587 2417 1733 2452 autem

348 2473 528 2519 libidine
555 2475 852 2520 calumniandi
874 2474 1061 2535 neglexit
1084 2485 1127 2520 ct
1145 2475 1304 2535 legere.

396 2566 402 2582 ¹
427 2564 504 2593 Gen.
533 2572 588 2602 xv,
610 2561 639 2594 3.
661 2567 722 2584 —2
743 2561 810 2594 Gal.
831 2572 877 2603 ln,
903 2560 1140 2604 19.—-3Gen.
1163 2572 1215 2602 xv,
1237 2570 1255 2594 2
1282 2568 1312 2593 et
1339 2563 1370 2594 3.
