1803 3250
595 257 650 284 m:
681 251 850 284 NATURA
885 255 998 282 nom.
1400 243 1480 282 281

106 327 223 370 hunc
253 339 443 369 errorem
476 322 678 382 redargui
701 321 893 375 voluisti,
918 320 1028 365 sicut
1044 321 1133 381 jam
1161 319 1289 365 multi
1314 319 1486 365 liberati

103 405 220 450 sunt,
247 405 290 440 et
312 395 384 439 alii
414 394 677 448 liberentur,
714 401 756 436 et
786 392 873 435 sive
905 406 981 450 per
1009 401 1324 436 sacramentum
1350 393 1486 437 sancti

107 466 305 526 baptismi
324 465 412 519 tui,
439 464 526 508 sive
550 479 627 523 per
656 462 914 507 sacrificium
943 462 1223 506 contribulati
1245 463 1417 522 spiritus
1444 472 1488 508 et

103 530 244 581 cordis
267 535 442 580 contriti
459 534 499 577 ei
520 533 761 588 humiliati,
781 534 826 577 in
847 531 997 578 dolore
1022 534 1308 593 poeuitentiae,
1336 534 1488 578 remis-

106 608 270 652 sionem
289 615 564 666 peccatorum
585 614 628 649 et
642 604 1009 664 blasphemiarum
1028 620 1220 660 suarum,
1241 605 1399 665 quibus
1413 621 1490 665 per

103 679 392 738 ignorantiam
412 687 454 722 te
473 677 775 732 offenderunt,
801 677 993 735 accipere
1017 685 1279 721 mereantur.
1302 679 1489 722 Tantum

103 750 220 794 enirn
241 749 352 793 valet
369 747 629 808 praepollens
646 747 937 792 misericordia
958 757 1000 792 et
1017 756 1204 807 potestas
1223 756 1298 791 tua
1313 756 1355 791 et
1375 749 1490 792 veri-

104 831 166 866 tas
189 820 391 880 baptismi
413 821 500 876 tui,
525 819 753 880 clavesque
782 820 902 878 regni
927 819 1141 864 coelorum
1163 819 1207 863 in
1234 828 1379 863 sancta
1403 822 1489 864 Ec-

101 891 227 936 clesia
249 901 346 946 tua,
378 900 428 936 ut
461 907 541 936 nec
572 891 626 936 de
654 891 738 936 illis
771 891 1091 951 desperandum
1119 891 1189 946 sit,
1219 892 1415 951 quandiu
1444 892 1490 936 in

100 963 182 1007 hac
204 971 316 1006 terra
334 977 410 1022 per
440 971 557 1006 tuam
580 962 832 1022 patientiam
856 963 1032 1017 vivunt,
1057 963 1131 1022 qui
1155 962 1281 1006 etiam
1307 963 1488 1007 scientes

101 1042 313 1094 quantum
334 1033 499 1078 malum
519 1033 572 1077 sit
594 1034 694 1078 talia
713 1033 767 1078 de
787 1043 830 1078 te
851 1035 1011 1078 sentire
1028 1034 1097 1078 vel
1121 1033 1286 1088 dicere,
1311 1043 1489 1093 propter

102 1103 292 1165 aliquam
313 1105 561 1164 temporalis
593 1114 636 1149 et
664 1114 846 1149 terrenae
869 1103 1188 1149 commoditatis
1209 1104 1490 1149 consuetudi-

101 1191 201 1219 nem
223 1175 292 1221 vel
317 1175 593 1235 adeptionem
615 1175 661 1218 in
682 1175 755 1220 illa
776 1174 966 1234 maligna
990 1174 1256 1235 professione
1284 1175 1485 1220 detinen—

102 1255 187 1302 tur,
207 1248 241 1291 si
259 1246 314 1291 ad
335 1255 456 1291 tuam
473 1246 740 1290 ineffabilem
760 1247 995 1291 bonitatem
1011 1247 1161 1292 saltem
1176 1248 1386 1308 increpati
1401 1249 1486 1293 tuis

101 1316 448 1378 correptionibus
470 1316 657 1376 fugiant,
677 1326 719 1360 et
740 1317 943 1361 omnibus
960 1317 1141 1362 carnalis
1161 1318 1263 1363 vitae
1276 1318 1488 1364 illecebris

102 1388 323 1434 coelestem
339 1390 471 1434 vitam
495 1398 791 1449 aeternamque
810 1398 1083 1449 praeponant.
