1803 3250
342 280 505 314 con'rRA
537 281 840 312 ADVERSARIUM
872 282 1008 320 meas,
1040 282 1124 309 ΜΒ.
1159 283 1189 307 1.
1374 268 1458 307 369

81 350 187 396 dicit
209 349 264 395 ad
281 365 381 395 eum
402 350 480 410 qui
501 348 730 395 carnaliter
748 356 811 392 est
830 347 960 391 Isra'e'l
983 366 991 391 :
1021 366 1040 389 «
1057 348 1153 392 Non
1174 354 1237 390 est
1259 344 1365 389 mihi
1389 360 1463 389 vo-

83 440 105 465 »
129 422 274 468 luntas
296 424 341 467 in
365 423 506 477 vobis,
527 421 631 466 dicit
648 419 857 465 Dominus
879 420 1152 478 omnipotens
1170 453 1180 473 ,
1206 427 1249 462 et
1277 417 1462 462 hostiam

83 512 104 536 »
131 509 222 538 non
244 493 448 553 accipiam
470 491 524 536 de
541 491 740 536 manibus
757 489 908 534 vestris
922 491 951 532 ¹.
975 508 994 530 »
1020 491 1133 533 Ecce
1154 489 1274 548 quod
1301 497 1364 533 est
1395 503 1464 532 se-

81 565 277 610 cundum
299 564 497 608 ordinem
529 567 690 607 Aaron.
727 563 816 606 Cur
848 569 992 605 autem
1020 561 1105 604 hoc
1138 575 1226 604 non
1255 559 1464 618 accipiat,

81 634 204 680 addit
226 643 269 678 et
291 633 396 678 dicit
415 652 425 678 ε
454 653 473 675 «
494 634 603 687 Quia
619 632 674 676 ab
696 641 795 676 ortu
813 629 912 676 solis
928 646 1067 690 usque
1085 629 1141 674 ad
1160 645 1359 674 occasum
1379 628 1469 688 glo-

84 723 106 747 »
133 706 348 750 rificatum
370 713 432 749 est
450 720 612 749 nomen
635 719 781 748 meum
801 703 846 747 in
869 703 1087 762 gentibUS,
1111 711 1154 745 et
1176 702 1220 745 in
1239 702 1357 745 omni
1373 701 1470 745 loco

86 795 107 819 »
133 777 361 822 incensum
375 776 558 821 offertur
569 775 734 820 nomini
746 790 859 828 meo,
875 783 918 818 et
932 774 1069 818 hostia
1084 788 1191 832 pura
1208 793 1219 830 3
1240 772 1342 831 quia
1357 786 1471 830 mag-

88 866 108 889 »
133 863 241 892 num
264 857 327 891 est
349 863 510 892 nomen
532 861 680 890 meum
698 846 743 890 in
760 844 985 904 gentibus,
1007 844 1110 888 dicit
1136 843 1345 887 Dominus
1377 858 1473 886 om-

87 937 108 961 »
134 919 374 978 nipotens2.
400 935 421 959 »
444 919 556 962 Ecce
578 915 697 977 quod
721 925 784 961 est
803 915 1045 960 secundum
1067 914 1265 959 ordinem
1289 912 1473 958 Melchi-

85 989 256 1033 sedech.
302 991 535 1033 Incensum
577 987 692 1031 enim
732 986 852 1047 quod
890 996 954 1030 est
985 987 1136 1030 Graece
1157 991 1299 1037 θυμίαμα.
1317 1020 1327 1040 ,
1365 984 1476 1028 sicut

87 1061 263 1120 exponit
277 1063 301 1104 J
305 1075 464 1104 oannes
478 1060 525 1103 in
538 1057 816 1118 Apocalypsi,
834 1058 1048 1102 orationes
1062 1065 1163 1100 sunt
1178 1056 1473 1102 Sanctorum3.

87 1135 203 1176 Deus
223 1132 388 1192 quippe
415 1129 516 1186 ille,
542 1130 654 1175 sicut
681 1130 851 1174 canitur
872 1129 916 1172 in
944 1127 1127 1182 Psalmo,
1158 1128 1279 1181 «Qui
1307 1127 1477 1171 vocavit

90 1223 111 1246 »
138 1214 297 1249 terram
320 1220 344 1247 a
366 1203 466 1247 solis
490 1212 589 1247 ortu
619 1217 756 1262 usque
779 1200 833 1245 ad
856 1216 1053 1245 occasum
1072 1201 1086 1224 ⁴
1101 1221 1112 1256 3
1130 1219 1149 1240 »
1171 1201 1241 1243 cui
1265 1209 1410 1251 terrae,
1435 1197 1478 1242 {d

87 1283 167 1330 est,
191 1274 262 1318 cui
286 1273 451 1333 populo
472 1272 630 1317 diffuso
651 1288 674 1316 a
697 1273 796 1316 solis
818 1281 917 1315 ortu
943 1287 1079 1330 usque
1101 1270 1154 1313 ad
1178 1286 1396 1323 occasum,
1418 1268 1479 1312 di.

86 1355 203 1390 ceret
226 1365 236 1391 ι
265 1364 283 1387 ι(
302 1347 399 1391 Non
422 1345 629 1404 accipiam
652 1345 707 1388 de
729 1344 860 1388 domo
885 1354 958 1387 tua
980 1342 1160 1395 vitulos‚
1186 1342 1364 1386 immola
1388 1345 1479 1386 Deo

88 1436 109 1459 »
136 1417 396 1461 sacrificium
417 1415 559 1461 laudis
576 1418 590 1442 ⁵
612 1436 621 1460 :
647 1435 667 1457 »
699 1416 790 1475 ipse
822 1431 897 1474 per
923 1415 1040 1458 hunc
1062 1415 1326 1472 Prophetam
1359 1413 1480 1472 quod

88 1488 324 1533 certissime
344 1486 544 1531 futurum
567 1497 658 1530 erat
675 1488 765 1547 jam
794 1485 916 1530 velut
940 1486 1102 1529 factum
1124 1484 1365 1544 praedicans
1386 1484 1446 1527 ait
1469 1503 1477 1527 :

92 1579 112 1602 «
136 1559 205 1604 Ab
228 1569 328 1604 ortu
345 1558 444 1604 solis
462 1575 601 1619 usque
619 1556 673 1602 ad
696 1573 897 1602 occasum
921 1556 1209 1616 glorificatum
1233 1565 1296 1599 est
1318 1570 1481 1599 nomen

90 1649 110 1672 »
138 1645 284 1674 meum
310 1630 356 1673 in
381 1630 583 1687 gentibus
600 1665 611 1684 ‚
642 1639 685 1673 et
715 1630 759 1673 in
782 1628 901 1673 omni
924 1627 1020 1672 loco
1042 1628 1266 1670 incensum
1296 1626 1481 1670 offertur

91 1720 111 1743 »
135 1701 301 1746 nomini
329 1715 427 1745 meo
457 1709 498 1744 et
521 1700 662 1745 hostia
689 1715 824 1759 pura3
854 1699 958 1758 quia
985 1713 1194 1757 magnum
1223 1707 1286 1741 θεῖ
1319 1712 1480 1741 nomen

93 1792 111 1812 »
136 1787 285 1816 meum
307 1771 353 1814 in
376 1771 595 1829 gentibus.
618 1790 638 1812 »

145 1845 241 1888 XL.
266 1845 364 1888 Non
384 1843 499 1887 enim
516 1843 628 1886 sicut
643 1841 864 1885 hominem
881 1839 1066 1898 poenitet
1084 1842 1221 1882 Deum
1242 1860 1253 1895 3
1277 1838 1355 1883 sed
1369 1839 1479 1883 sicut

90 1917 228 1958 Deum
251 1933 260 1959 :
283 1913 658 1974 quemadmodum
680 1927 770 1956 non
792 1912 903 1956 sicut
923 1911 1056 1954 homo
1080 1910 1299 1962 irascitur,
1326 1926 1406 1954 nec
1422 1910 1480 1954 si-

89 1994 164 2029 cut
190 1985 324 2030 homo
351 1985 607 2040 miseretur,
634 1998 713 2028 nec
747 1983 858 2028 sicut
889 1983 1022 2026 homo
1055 1981 1191 2037 zelat3
1228 1981 1303 2024 sed
1334 1981 1480 2024 omnia

89 2057 200 2100 sicut
222 2059 351 2100 Deus.
374 2056 636 2100 Poenitentia
660 2054 737 2098 Dei
760 2068 847 2098 non
867 2062 929 2097 est
952 2061 1050 2111 post
1071 2067 1259 2095 errorem
1287 2071 1295 2095 ε
1317 2051 1379 2095 ira
1403 2052 1481 2095 Dei

90 2126 323 2171 nonhabet
337 2125 580 2185 perturbati
598 2124 728 2169 animi
745 2123 943 2168 ardorem
964 2143 972 2167 :
994 2121 1283 2166 misericordia
1302 2122 1379 2166 Dei
1392 2137 1482 2166 non

90 2197 225 2242 habet
241 2197 543 2257 compatientis
575 2197 780 2240 miserum
807 2211 881 2242 cor
900 2230 910 2249 ‚
935 2194 1054 2238 unde
1081 2193 1127 2236 in
1149 2194 1301 2237 Latina
1329 2192 1480 2251 lingua

91 2285 254 2314 nomcn
279 2271 444 2328 accepit
465 2288 474 2314 :
495 2269 612 2313 zelus
628 2267 706 2311 Dei
727 2282 817 2312 non
838 2267 972 2311 habet
990 2264 1145 2308 mentis
1167 2264 1363 2308 livorem.
1397 2263 1480 2308 Sed

93 2340 351 2401 poenitentia
373 2340 452 2384 Dei
471 2338 646 2393 dicitur,
668 2353 813 2382 rerum
831 2339 875 2381 in
894 2338 983 2397 ejus
999 2344 1208 2395 potestate
1226 2336 1479 2379 constituta-

95 2426 191 2454 rum
220 2409 472 2454 hominibus
506 2409 730 2469 inopinata
767 2408 979 2452 mutatio:
1004 2407 1065 2450 ira
1088 2409 1162 2449 Dei
1194 2414 1257 2448 est
1288 2406 1480 2449 vindicta

95 2481 260 2540 peccati
282 2499 290 2524 :
315 2478 604 2524 misericordia
618 2479 695 2523 Dei
712 2488 776 2523 est
791 2478 959 2522 bonitas
976 2475 1222 2535 opitulandi
1244 2495 1252 2519 2
1273 2475 1389 2519 zelus
1407 2476 1478 2518 Dei

145 2591 153 2606 ¹
172 2583 311 2616 Malach.
329 2595 354 2623 1,
376 2595 426 2616 ιο.
442 2600 484 2606 -
500 2589 512 2606 ²
531 2581 613 2614 Ibid.
638 2593 687 2613 11.
710 2599 744 2604 -
759 2579 773 2603 ³
792 2583 892 2623 Apoc.
912 2590 944 2620 v,
963 2577 1058 2611 8.—4
1078 2578 1158 2609 Psal.
1179 2588 1264 2618 κως,
1289 2576 1477 2609 1.—511›id.

96 2652 118 2681 9
135 2644 169 2672 et
188 2639 239 2681 14.

286 2703 470 2732 cxxxvi.
1246 2687 1289 2724 ⁵2<-
