<?xml version="1.0" encoding="UTF-8"?>
<!DOCTYPE html PUBLIC "-//W3C//DTD XHTML 1.0 Transitional//EN"
    "http://www.w3.org/TR/xhtml1/DTD/xhtml1-transitional.dtd">
<html xmlns="http://www.w3.org/1999/xhtml" xml:lang="en" lang="en">
 <head>
  <title>
</title>
<meta http-equiv="Content-Type" content="text/html;charset=utf-8" />
  <meta name='ocr-system' content='tesseract 3.04.00' />
  <meta name='ocr-capabilities' content='ocr_page ocr_carea ocr_par ocr_line ocrx_word'/>
</head>
<body>
  <div class='ocr_page' id='page_1' title='image "./operaomniaaccura29auguuoft/operaomniaaccura29auguuoft_0407.png"; bbox 0 0 1803 3250; ppageno 0'>
   <div class='ocr_carea' id='block_1_1' title="bbox 314 225 1443 274">
    <p class='ocr_par' dir='ltr' id='par_1_1' title="bbox 314 225 1443 274">
     <span class='ocr_line' id='line_1_1' title="bbox 314 225 1443 274; baseline 0 -12"><span class='ocrx_word' id='word_1_1' title='bbox 314 233 476 262; x_wconf 63' lang='lat' dir='ltr'>com-rm</span> <span class='ocrx_word' id='word_1_2' title='bbox 508 233 809 263; x_wconf 70' lang='lat' dir='ltr'>ADVERSAMUM</span> <span class='ocrx_word' id='word_1_3' title='bbox 843 236 977 274; x_wconf 79' lang='lat' dir='ltr'>LEGIS,</span> <span class='ocrx_word' id='word_1_4' title='bbox 1012 236 1095 263; x_wconf 70' lang='lat' dir='ltr'>Lus.</span> <span class='ocrx_word' id='word_1_5' title='bbox 1132 237 1179 262; x_wconf 82' lang='grc' dir='ltr'>ιι.</span> <span class='ocrx_word' id='word_1_6' title='bbox 1363 225 1443 263; x_wconf 89' lang='grc'>397</span> 
     </span>
    </p>
   </div>
   <div class='ocr_carea' id='block_1_2' title="bbox 67 300 1447 362">
    <p class='ocr_par' dir='ltr' id='par_1_2' title="bbox 67 300 1447 362">
     <span class='ocr_line' id='line_1_2' title="bbox 67 300 1447 362; baseline 0.001 -18"><span class='ocrx_word' id='word_1_7' title='bbox 67 302 184 345; x_wconf 88' lang='lat' dir='ltr'>natio</span> <span class='ocrx_word' id='word_1_8' title='bbox 207 301 270 345; x_wconf 89' lang='lat' dir='ltr'>his</span> <span class='ocrx_word' id='word_1_9' title='bbox 293 302 565 357; x_wconf 89' lang='lat' dir='ltr'>hominibus,</span> <span class='ocrx_word' id='word_1_10' title='bbox 591 303 666 362; x_wconf 89' lang='lat' dir='ltr'>qui</span> <span class='ocrx_word' id='word_1_11' title='bbox 687 306 847 360; x_wconf 85' lang='lat' dir='ltr'>Legem</span> <span class='ocrx_word' id='word_1_12' title='bbox 866 317 996 361; x_wconf 84' lang='lat' dir='ltr'>quam</span> <span class='ocrx_word' id='word_1_13' title='bbox 1022 302 1082 346; x_wconf 86' lang='lat' dir='ltr'>sic</span> <span class='ocrx_word' id='word_1_14' title='bbox 1101 300 1333 361; x_wconf 81' lang='lat' dir='ltr'>Apostolus</span> <span class='ocrx_word' id='word_1_15' title='bbox 1349 301 1447 345; x_wconf 91' lang='lat' dir='ltr'>lau-</span> 
     </span>
    </p>
   </div>
   <div class='ocr_carea' id='block_1_3' title="bbox 0 371 1448 426">
    <p class='ocr_par' dir='ltr' id='par_1_3' title="bbox 0 371 1448 426">
     <span class='ocr_line' id='line_1_3' title="bbox 0 371 1448 426; baseline 0.001 -12"><span class='ocrx_word' id='word_1_16' title='bbox 0 388 6 401; x_wconf 57' lang='lat'>*</span> <span class='ocrx_word' id='word_1_17' title='bbox 65 372 161 426; x_wconf 91' lang='lat' dir='ltr'>dat,</span> <span class='ocrx_word' id='word_1_18' title='bbox 190 371 369 416; x_wconf 87' lang='lat' dir='ltr'>anilium</span> <span class='ocrx_word' id='word_1_19' title='bbox 393 373 642 417; x_wconf 87' lang='lat' dir='ltr'>fabularum</span> <span class='ocrx_word' id='word_1_20' title='bbox 666 372 843 417; x_wconf 88' lang='lat' dir='ltr'>nomine</span> <span class='ocrx_word' id='word_1_21' title='bbox 861 373 1096 416; x_wconf 80' lang='lat' dir='ltr'>accusant?</span> <span class='ocrx_word' id='word_1_22' title='bbox 1114 381 1158 417; x_wconf 89' lang='lat' dir='ltr'>et</span> <span class='ocrx_word' id='word_1_23' title='bbox 1179 373 1261 417; x_wconf 84' lang='lat' dir='ltr'>hoc</span> <span class='ocrx_word' id='word_1_24' title='bbox 1278 387 1322 416; x_wconf 91' lang='lat' dir='ltr'>se</span> <span class='ocrx_word' id='word_1_25' title='bbox 1339 372 1448 416; x_wconf 85' lang='lat' dir='ltr'>exis—</span> 
     </span>
    </p>
   </div>
   <div class='ocr_carea' id='block_1_4' title="bbox 0 441 1451 2569">
    <p class='ocr_par' dir='ltr' id='par_1_4' title="bbox 62 441 1448 714">
     <span class='ocr_line' id='line_1_4' title="bbox 63 441 1448 503; baseline 0.002 -18"><span class='ocrx_word' id='word_1_26' title='bbox 63 441 220 486; x_wconf 87' lang='lat' dir='ltr'>timant</span> <span class='ocrx_word' id='word_1_27' title='bbox 246 441 388 487; x_wconf 87' lang='lat' dir='ltr'>facere</span> <span class='ocrx_word' id='word_1_28' title='bbox 416 442 609 503; x_wconf 86' lang='lat' dir='ltr'>ejusdem</span> <span class='ocrx_word' id='word_1_29' title='bbox 634 441 838 502; x_wconf 86' lang='lat' dir='ltr'>Epistolae</span> <span class='ocrx_word' id='word_1_30' title='bbox 863 443 1110 488; x_wconf 83' lang='lat' dir='ltr'>testimonio</span> <span class='ocrx_word' id='word_1_31' title='bbox 1126 478 1137 497; x_wconf 95' lang='lat'>,</span> <span class='ocrx_word' id='word_1_32' title='bbox 1166 443 1243 487; x_wconf 87' lang='lat' dir='ltr'>ubi</span> <span class='ocrx_word' id='word_1_33' title='bbox 1264 458 1358 487; x_wconf 88' lang='lat' dir='ltr'>eam</span> <span class='ocrx_word' id='word_1_34' title='bbox 1389 443 1448 488; x_wconf 87' lang='lat' dir='ltr'>sic</span> 
     </span>
     <span class='ocr_line' id='line_1_5' title="bbox 62 510 1447 572; baseline 0.001 -15"><span class='ocrx_word' id='word_1_35' title='bbox 62 510 295 571; x_wconf 82' lang='lat' dir='ltr'>Apostolus</span> <span class='ocrx_word' id='word_1_36' title='bbox 317 512 465 557; x_wconf 91' lang='lat' dir='ltr'>laudat</span> <span class='ocrx_word' id='word_1_37' title='bbox 487 533 496 558; x_wconf 90' lang='lat'>:</span> <span class='ocrx_word' id='word_1_38' title='bbox 523 512 716 557; x_wconf 89' lang='lat' dir='ltr'>volentes</span> <span class='ocrx_word' id='word_1_39' title='bbox 737 528 827 557; x_wconf 91' lang='lat' dir='ltr'>esse</span> <span class='ocrx_word' id='word_1_40' title='bbox 846 514 970 572; x_wconf 85' lang='lat' dir='ltr'>Legis</span> <span class='ocrx_word' id='word_1_41' title='bbox 985 549 995 569; x_wconf 88' lang='lat'>,</span> <span class='ocrx_word' id='word_1_42' title='bbox 1018 529 1106 558; x_wconf 92' lang='lat' dir='ltr'>non</span> <span class='ocrx_word' id='word_1_43' title='bbox 1128 513 1327 559; x_wconf 88' lang='lat' dir='ltr'>doctores</span> <span class='ocrx_word' id='word_1_44' title='bbox 1342 549 1353 569; x_wconf 95' lang='lat'>,</span> <span class='ocrx_word' id='word_1_45' title='bbox 1373 513 1447 558; x_wconf 90' lang='lat' dir='ltr'>sed</span> 
     </span>
     <span class='ocr_line' id='line_1_6' title="bbox 63 581 1448 646; baseline 0.001 -20"><span class='ocrx_word' id='word_1_46' title='bbox 63 581 453 642; x_wconf 77' lang='lat' dir='ltr'>blasphematores,</span> <span class='ocrx_word' id='word_1_47' title='bbox 479 598 569 627; x_wconf 91' lang='lat' dir='ltr'>non</span> <span class='ocrx_word' id='word_1_48' title='bbox 590 583 875 643; x_wconf 83' lang='lat' dir='ltr'>intelligendo</span> <span class='ocrx_word' id='word_1_49' title='bbox 896 600 996 644; x_wconf 85' lang='lat' dir='ltr'>quae</span> <span class='ocrx_word' id='word_1_50' title='bbox 1026 584 1280 646; x_wconf 87' lang='lat' dir='ltr'><strong>loquantur,</strong></span> <span class='ocrx_word' id='word_1_51' title='bbox 1306 600 1448 646; x_wconf 86' lang='lat' dir='ltr'>neque</span> 
     </span>
     <span class='ocr_line' id='line_1_7' title="bbox 62 653 569 714; baseline -0.002 -17"><span class='ocrx_word' id='word_1_52' title='bbox 62 653 117 697; x_wconf 92' lang='lat' dir='ltr'>de</span> <span class='ocrx_word' id='word_1_53' title='bbox 137 654 299 714; x_wconf 91' lang='lat' dir='ltr'>quibus</span> <span class='ocrx_word' id='word_1_54' title='bbox 319 655 569 699; x_wconf 82' lang='lat' dir='ltr'>affirment?</span> 
     </span>
    </p>

    <p class='ocr_par' dir='ltr' id='par_1_5' title="bbox 0 725 1451 2498">
     <span class='ocr_line' id='line_1_8' title="bbox 122 725 1447 787; baseline 0.001 -17"><span class='ocrx_word' id='word_1_55' title='bbox 122 727 200 770; x_wconf 87' lang='lat' dir='ltr'>IX.</span> <span class='ocrx_word' id='word_1_56' title='bbox 239 725 365 772; x_wconf 89' lang='lat' dir='ltr'>«Sed</span> <span class='ocrx_word' id='word_1_57' title='bbox 392 726 485 770; x_wconf 85' lang='lat' dir='ltr'>fieri</span> <span class='ocrx_word' id='word_1_58' title='bbox 513 741 603 771; x_wconf 91' lang='lat' dir='ltr'>non</span> <span class='ocrx_word' id='word_1_59' title='bbox 636 726 810 786; x_wconf 87' lang='lat' dir='ltr'>potuit,</span> <span class='ocrx_word' id='word_1_60' title='bbox 845 726 1012 787; x_wconf 82' lang='lat' dir='ltr'>inquit,</span> <span class='ocrx_word' id='word_1_61' title='bbox 1053 735 1103 772; x_wconf 87' lang='lat' dir='ltr'>ut</span> <span class='ocrx_word' id='word_1_62' title='bbox 1134 744 1159 771; x_wconf 89' lang='lat' dir='ltr'>a</span> <span class='ocrx_word' id='word_1_63' title='bbox 1193 727 1447 772; x_wconf 86' lang='lat' dir='ltr'>Judaeorum</span> 
     </span>
     <span class='ocr_line' id='line_1_9' title="bbox 63 797 1448 856; baseline 0 -15"><span class='ocrx_word' id='word_1_64' title='bbox 63 797 289 856; x_wconf 84' lang='lat' dir='ltr'>Prophetis</span> <span class='ocrx_word' id='word_1_65' title='bbox 313 798 542 843; x_wconf 89' lang='lat' dir='ltr'>Salvatoris</span> <span class='ocrx_word' id='word_1_66' title='bbox 577 798 711 842; x_wconf 84' lang='lat' dir='ltr'>nostri</span> <span class='ocrx_word' id='word_1_67' title='bbox 745 799 1078 842; x_wconf 85' lang='lat' dir='ltr'>annuntiaretur</span> <span class='ocrx_word' id='word_1_68' title='bbox 1106 797 1333 842; x_wconf 89' lang='lat' dir='ltr'>adventus.</span> <span class='ocrx_word' id='word_1_69' title='bbox 1359 800 1448 843; x_wconf 91' lang='lat' dir='ltr'>Cur</span> 
     </span>
     <span class='ocr_line' id='line_1_10' title="bbox 63 867 1450 929; baseline 0.002 -19"><span class='ocrx_word' id='word_1_70' title='bbox 63 867 154 911; x_wconf 87' lang='lat' dir='ltr'>fieri</span> <span class='ocrx_word' id='word_1_71' title='bbox 177 883 265 912; x_wconf 92' lang='lat' dir='ltr'>non</span> <span class='ocrx_word' id='word_1_72' title='bbox 288 869 453 927; x_wconf 85' lang='lat' dir='ltr'>potuit,</span> <span class='ocrx_word' id='word_1_73' title='bbox 472 885 574 913; x_wconf 88' lang='lat' dir='ltr'>eum</span> <span class='ocrx_word' id='word_1_74' title='bbox 588 868 704 914; x_wconf 80' lang='lat' dir='ltr'>dicat</span> <span class='ocrx_word' id='word_1_75' title='bbox 719 869 953 929; x_wconf 84' lang='lat' dir='ltr'>Apostolus</span> <span class='ocrx_word' id='word_1_76' title='bbox 970 904 981 924; x_wconf 94' lang='lat'>,</span> <span class='ocrx_word' id='word_1_77' title='bbox 1006 869 1150 923; x_wconf 86' lang='lat' dir='ltr'>«Quia</span> <span class='ocrx_word' id='word_1_78' title='bbox 1166 869 1330 914; x_wconf 86' lang='lat' dir='ltr'>credita</span> <span class='ocrx_word' id='word_1_79' title='bbox 1347 878 1450 913; x_wconf 86' lang='lat' dir='ltr'>sunt</span> 
     </span>
     <span class='ocr_line' id='line_1_11' title="bbox 65 938 1450 999; baseline 0.003 -19"><span class='ocrx_word' id='word_1_80' title='bbox 65 957 84 979; x_wconf 92' lang='lat'>»</span> <span class='ocrx_word' id='word_1_81' title='bbox 110 938 195 982; x_wconf 93' lang='lat' dir='ltr'>illis</span> <span class='ocrx_word' id='word_1_82' title='bbox 216 939 387 999; x_wconf 88' lang='lat' dir='ltr'>eloquia</span> <span class='ocrx_word' id='word_1_83' title='bbox 410 941 539 984; x_wconf 82' lang='lat' dir='ltr'>Dei¹P</span> <span class='ocrx_word' id='word_1_84' title='bbox 557 959 576 982; x_wconf 76' lang='lat' dir='ltr'>n</span> <span class='ocrx_word' id='word_1_85' title='bbox 608 940 692 986; x_wconf 87' lang='lat' dir='ltr'>Sed</span> <span class='ocrx_word' id='word_1_86' title='bbox 715 950 816 985; x_wconf 87' lang='lat' dir='ltr'>ante</span> <span class='ocrx_word' id='word_1_87' title='bbox 840 941 1071 986; x_wconf 85' lang='lat' dir='ltr'>Salvatoris</span> <span class='ocrx_word' id='word_1_88' title='bbox 1091 941 1350 996; x_wconf 75' lang='lat' dir='ltr'>adventum,</span> <span class='ocrx_word' id='word_1_89' title='bbox 1381 940 1450 984; x_wconf 86' lang='lat' dir='ltr'>in-</span> 
     </span>
     <span class='ocr_line' id='line_1_12' title="bbox 60 1010 1442 1071; baseline 0.001 -18"><span class='ocrx_word' id='word_1_90' title='bbox 60 1010 181 1070; x_wconf 89' lang='lat' dir='ltr'>quit,</span> <span class='ocrx_word' id='word_1_91' title='bbox 206 1011 388 1070; x_wconf 80' lang='lat' dir='ltr'>Spiritus</span> <span class='ocrx_word' id='word_1_92' title='bbox 408 1021 580 1056; x_wconf 87' lang='lat' dir='ltr'>sanetus</span> <span class='ocrx_word' id='word_1_93' title='bbox 603 1028 652 1056; x_wconf 82' lang='lat' dir='ltr'>ac</span> <span class='ocrx_word' id='word_1_94' title='bbox 673 1011 847 1056; x_wconf 91' lang='lat' dir='ltr'>divinus</span> <span class='ocrx_word' id='word_1_95' title='bbox 869 1028 959 1057; x_wconf 92' lang='lat' dir='ltr'>non</span> <span class='ocrx_word' id='word_1_96' title='bbox 980 1022 1071 1057; x_wconf 88' lang='lat' dir='ltr'>erat</span> <span class='ocrx_word' id='word_1_97' title='bbox 1087 1028 1216 1071; x_wconf 88' lang='lat' dir='ltr'>super</span> <span class='ocrx_word' id='word_1_98' title='bbox 1236 1022 1442 1057; x_wconf 88' lang='lat' dir='ltr'>terram.»</span> 
     </span>
     <span class='ocr_line' id='line_1_13' title="bbox 62 1083 1447 1144; baseline 0.001 -18"><span class='ocrx_word' id='word_1_99' title='bbox 62 1084 155 1126; x_wconf 87' lang='lat' dir='ltr'>Hoc</span> <span class='ocrx_word' id='word_1_100' title='bbox 176 1083 363 1138; x_wconf 79' lang='lat' dir='ltr'>vanitas,</span> <span class='ocrx_word' id='word_1_101' title='bbox 389 1099 478 1128; x_wconf 92' lang='lat' dir='ltr'>non</span> <span class='ocrx_word' id='word_1_102' title='bbox 493 1083 648 1128; x_wconf 86' lang='lat' dir='ltr'>veritas</span> <span class='ocrx_word' id='word_1_103' title='bbox 665 1083 877 1143; x_wconf 81' lang='lat' dir='ltr'>loquitur.</span> <span class='ocrx_word' id='word_1_104' title='bbox 904 1086 1012 1129; x_wconf 89' lang='lat' dir='ltr'>Nam</span> <span class='ocrx_word' id='word_1_105' title='bbox 1035 1100 1123 1144; x_wconf 92' lang='lat' dir='ltr'>quo</span> <span class='ocrx_word' id='word_1_106' title='bbox 1141 1099 1232 1128; x_wconf 90' lang='lat' dir='ltr'>non</span> <span class='ocrx_word' id='word_1_107' title='bbox 1248 1084 1328 1128; x_wconf 92' lang='lat' dir='ltr'>nisi</span> <span class='ocrx_word' id='word_1_108' title='bbox 1353 1084 1447 1142; x_wconf 91' lang='lat' dir='ltr'>Spi-</span> 
     </span>
     <span class='ocr_line' id='line_1_14' title="bbox 62 1144 1446 1214; baseline 0.001 -18"><span class='ocrx_word' id='word_1_109' title='bbox 62 1144 147 1197; x_wconf 85' lang='lat' dir='ltr'>ritu</span> <span class='ocrx_word' id='word_1_110' title='bbox 169 1163 318 1198; x_wconf 87' lang='lat' dir='ltr'>sancto</span> <span class='ocrx_word' id='word_1_111' title='bbox 340 1156 576 1214; x_wconf 87' lang='lat' dir='ltr'>Prophetas</span> <span class='ocrx_word' id='word_1_112' title='bbox 598 1170 697 1199; x_wconf 91' lang='lat' dir='ltr'>suos</span> <span class='ocrx_word' id='word_1_113' title='bbox 720 1155 929 1200; x_wconf 90' lang='lat' dir='ltr'>Dominus</span> <span class='ocrx_word' id='word_1_114' title='bbox 952 1154 1176 1214; x_wconf 91' lang='lat' dir='ltr'>implevit,</span> <span class='ocrx_word' id='word_1_115' title='bbox 1208 1154 1264 1198; x_wconf 90' lang='lat' dir='ltr'>de</span> <span class='ocrx_word' id='word_1_116' title='bbox 1287 1154 1446 1214; x_wconf 84' lang='lat' dir='ltr'>quibus</span> 
     </span>
     <span class='ocr_line' id='line_1_15' title="bbox 60 1225 1447 1286; baseline 0.001 -18"><span class='ocrx_word' id='word_1_117' title='bbox 60 1228 105 1268; x_wconf 88' lang='lat' dir='ltr'>in</span> <span class='ocrx_word' id='word_1_118' title='bbox 122 1225 329 1284; x_wconf 86' lang='lat' dir='ltr'>Epistolae</span> <span class='ocrx_word' id='word_1_119' title='bbox 345 1227 521 1271; x_wconf 82' lang='lat' dir='ltr'>exordio</span> <span class='ocrx_word' id='word_1_120' title='bbox 535 1225 700 1271; x_wconf 88' lang='lat' dir='ltr'>dictum</span> <span class='ocrx_word' id='word_1_121' title='bbox 720 1235 783 1270; x_wconf 90' lang='lat' dir='ltr'>est</span> <span class='ocrx_word' id='word_1_122' title='bbox 798 1225 853 1270; x_wconf 90' lang='lat' dir='ltr'>ad</span> <span class='ocrx_word' id='word_1_123' title='bbox 868 1230 1103 1282; x_wconf 90' lang='lat' dir='ltr'>Romanos,</span> <span class='ocrx_word' id='word_1_124' title='bbox 1124 1225 1246 1286; x_wconf 89' lang='lat' dir='ltr'>quod</span> <span class='ocrx_word' id='word_1_125' title='bbox 1259 1235 1302 1270; x_wconf 89' lang='lat' dir='ltr'>et</span> <span class='ocrx_word' id='word_1_126' title='bbox 1318 1240 1447 1285; x_wconf 86' lang='lat' dir='ltr'>supra</span> 
     </span>
     <span class='ocr_line' id='line_1_16' title="bbox 0 1297 1446 1357; baseline 0.001 -17"><span class='ocrx_word' id='word_1_127' title='bbox 0 1346 2 1350; x_wconf 18' lang='lat' dir='ltr'>y</span> <span class='ocrx_word' id='word_1_128' title='bbox 59 1297 417 1342; x_wconf 82' lang='lat' dir='ltr'>commemoravi:</span> <span class='ocrx_word' id='word_1_129' title='bbox 438 1297 624 1342; x_wconf 89' lang='lat' dir='ltr'>«Paulus</span> <span class='ocrx_word' id='word_1_130' title='bbox 638 1313 784 1342; x_wconf 86' lang='lat' dir='ltr'>servus</span> <span class='ocrx_word' id='word_1_131' title='bbox 799 1298 959 1342; x_wconf 85' lang='lat' dir='ltr'>Christi</span> <span class='ocrx_word' id='word_1_132' title='bbox 976 1300 1286 1352; x_wconf 88' lang='lat' dir='ltr'>Jesu‚vocatus</span> <span class='ocrx_word' id='word_1_133' title='bbox 1303 1299 1446 1357; x_wconf 90' lang='lat' dir='ltr'>Apos-</span> 
     </span>
     <span class='ocr_line' id='line_1_17' title="bbox 61 1368 1446 1429; baseline 0.001 -19"><span class='ocrx_word' id='word_1_134' title='bbox 61 1386 80 1409; x_wconf 87' lang='lat'>»</span> <span class='ocrx_word' id='word_1_135' title='bbox 107 1368 242 1424; x_wconf 89' lang='lat' dir='ltr'>tolus,</span> <span class='ocrx_word' id='word_1_136' title='bbox 268 1378 515 1428; x_wconf 85' lang='lat' dir='ltr'>segregatus</span> <span class='ocrx_word' id='word_1_137' title='bbox 546 1370 593 1413; x_wconf 91' lang='lat' dir='ltr'>in</span> <span class='ocrx_word' id='word_1_138' title='bbox 624 1369 861 1428; x_wconf 85' lang='lat' dir='ltr'>Evangelio</span> <span class='ocrx_word' id='word_1_139' title='bbox 884 1370 985 1423; x_wconf 89' lang='lat' dir='ltr'>Dei,</span> <span class='ocrx_word' id='word_1_140' title='bbox 1013 1368 1135 1429; x_wconf 88' lang='lat' dir='ltr'>quod</span> <span class='ocrx_word' id='word_1_141' title='bbox 1156 1378 1257 1413; x_wconf 90' lang='lat' dir='ltr'>ante</span> <span class='ocrx_word' id='word_1_142' title='bbox 1279 1369 1446 1429; x_wconf 89' lang='lat' dir='ltr'>promi-</span> 
     </span>
     <span class='ocr_line' id='line_1_18' title="bbox 64 1437 1447 1500; baseline 0 -18"><span class='ocrx_word' id='word_1_143' title='bbox 64 1458 82 1481; x_wconf 88' lang='lat'>»</span> <span class='ocrx_word' id='word_1_144' title='bbox 107 1450 220 1485; x_wconf 90' lang='lat' dir='ltr'>serat</span> <span class='ocrx_word' id='word_1_145' title='bbox 249 1456 326 1500; x_wconf 89' lang='lat' dir='ltr'>per</span> <span class='ocrx_word' id='word_1_146' title='bbox 354 1441 591 1500; x_wconf 88' lang='lat' dir='ltr'>Prophetas</span> <span class='ocrx_word' id='word_1_147' title='bbox 613 1456 710 1485; x_wconf 92' lang='lat' dir='ltr'>suos</span> <span class='ocrx_word' id='word_1_148' title='bbox 732 1440 779 1483; x_wconf 90' lang='lat' dir='ltr'>in</span> <span class='ocrx_word' id='word_1_149' title='bbox 802 1439 1032 1499; x_wconf 87' lang='lat' dir='ltr'>Scripturis</span> <span class='ocrx_word' id='word_1_150' title='bbox 1064 1439 1222 1484; x_wconf 89' lang='lat' dir='ltr'>sanctis</span> <span class='ocrx_word' id='word_1_151' title='bbox 1251 1437 1306 1483; x_wconf 90' lang='lat' dir='ltr'>de</span> <span class='ocrx_word' id='word_1_152' title='bbox 1336 1438 1447 1483; x_wconf 89' lang='lat' dir='ltr'>Filio</span> 
     </span>
     <span class='ocr_line' id='line_1_19' title="bbox 63 1509 1446 1574; baseline 0.001 -22"><span class='ocrx_word' id='word_1_153' title='bbox 63 1529 82 1551; x_wconf 72' lang='lat' dir='ltr'>n</span> <span class='ocrx_word' id='word_1_154' title='bbox 109 1527 209 1566; x_wconf 86' lang='lat' dir='ltr'>suo,</span> <span class='ocrx_word' id='word_1_155' title='bbox 235 1513 312 1574; x_wconf 86' lang='lat' dir='ltr'>qui</span> <span class='ocrx_word' id='word_1_156' title='bbox 334 1513 475 1558; x_wconf 88' lang='lat' dir='ltr'>factus</span> <span class='ocrx_word' id='word_1_157' title='bbox 498 1520 560 1555; x_wconf 90' lang='lat' dir='ltr'>est</span> <span class='ocrx_word' id='word_1_158' title='bbox 580 1511 618 1555; x_wconf 89' lang='lat' dir='ltr'>ei</span> <span class='ocrx_word' id='word_1_159' title='bbox 641 1527 692 1555; x_wconf 87' lang='lat' dir='ltr'>ex</span> <span class='ocrx_word' id='word_1_160' title='bbox 720 1511 883 1554; x_wconf 90' lang='lat' dir='ltr'>semine</span> <span class='ocrx_word' id='word_1_161' title='bbox 906 1509 1043 1555; x_wconf 87' lang='lat' dir='ltr'>David</span> <span class='ocrx_word' id='word_1_162' title='bbox 1076 1510 1319 1555; x_wconf 88' lang='lat' dir='ltr'>secundum</span> <span class='ocrx_word' id='word_1_163' title='bbox 1349 1525 1446 1554; x_wconf 87' lang='lat' dir='ltr'>car-</span> 
     </span>
     <span class='ocr_line' id='line_1_20' title="bbox 64 1581 1443 1643; baseline 0.001 -19"><span class='ocrx_word' id='word_1_164' title='bbox 64 1604 80 1624; x_wconf 82' lang='lat'>»</span> <span class='ocrx_word' id='word_1_165' title='bbox 106 1599 206 1628; x_wconf 90' lang='lat' dir='ltr'>nem</span> <span class='ocrx_word' id='word_1_166' title='bbox 221 1587 255 1628; x_wconf 81' lang='lat'>².</span> <span class='ocrx_word' id='word_1_167' title='bbox 281 1603 300 1625; x_wconf 90' lang='lat'>»</span> <span class='ocrx_word' id='word_1_168' title='bbox 326 1586 382 1628; x_wconf 91' lang='lat' dir='ltr'>Et</span> <span class='ocrx_word' id='word_1_169' title='bbox 402 1584 487 1628; x_wconf 87' lang='lat' dir='ltr'>hoe</span> <span class='ocrx_word' id='word_1_170' title='bbox 506 1582 683 1643; x_wconf 87' lang='lat' dir='ltr'>quidem</span> <span class='ocrx_word' id='word_1_171' title='bbox 707 1582 1004 1627; x_wconf 89' lang='lat' dir='ltr'>testimonium</span> <span class='ocrx_word' id='word_1_172' title='bbox 1027 1582 1156 1626; x_wconf 83' lang='lat' dir='ltr'>etiam</span> <span class='ocrx_word' id='word_1_173' title='bbox 1177 1581 1256 1626; x_wconf 89' lang='lat' dir='ltr'>iste</span> <span class='ocrx_word' id='word_1_174' title='bbox 1274 1582 1443 1642; x_wconf 85' lang='lat' dir='ltr'>posuit,</span> 
     </span>
     <span class='ocr_line' id='line_1_21' title="bbox 60 1652 1446 1714; baseline 0 -17"><span class='ocrx_word' id='word_1_175' title='bbox 60 1654 294 1713; x_wconf 86' lang='lat' dir='ltr'>prohibens</span> <span class='ocrx_word' id='word_1_176' title='bbox 317 1670 417 1699; x_wconf 90' lang='lat' dir='ltr'>eum</span> <span class='ocrx_word' id='word_1_177' title='bbox 440 1654 493 1699; x_wconf 90' lang='lat' dir='ltr'>ad</span> <span class='ocrx_word' id='word_1_178' title='bbox 511 1669 641 1714; x_wconf 89' lang='lat' dir='ltr'>quem</span> <span class='ocrx_word' id='word_1_179' title='bbox 662 1654 811 1698; x_wconf 87' lang='lat' dir='ltr'>scribit</span> <span class='ocrx_word' id='word_1_180' title='bbox 832 1653 924 1698; x_wconf 88' lang='lat' dir='ltr'>aliis</span> <span class='ocrx_word' id='word_1_181' title='bbox 942 1654 1168 1713; x_wconf 89' lang='lat' dir='ltr'>Prophetis</span> <span class='ocrx_word' id='word_1_182' title='bbox 1195 1652 1370 1698; x_wconf 90' lang='lat' dir='ltr'>credere</span> <span class='ocrx_word' id='word_1_183' title='bbox 1391 1653 1446 1698; x_wconf 91' lang='lat' dir='ltr'>de</span> 
     </span>
     <span class='ocr_line' id='line_1_22' title="bbox 58 1726 1446 1788; baseline -0.001 -17"><span class='ocrx_word' id='word_1_184' title='bbox 58 1727 259 1781; x_wconf 90' lang='lat' dir='ltr'>Christo,</span> <span class='ocrx_word' id='word_1_185' title='bbox 286 1737 443 1787; x_wconf 79' lang='lat' dir='ltr'>praeter</span> <span class='ocrx_word' id='word_1_186' title='bbox 474 1726 571 1771; x_wconf 89' lang='lat' dir='ltr'>illos</span> <span class='ocrx_word' id='word_1_187' title='bbox 604 1742 714 1788; x_wconf 90' lang='lat' dir='ltr'>quos</span> <span class='ocrx_word' id='word_1_188' title='bbox 747 1727 983 1786; x_wconf 90' lang='lat' dir='ltr'>Prophetas</span> <span class='ocrx_word' id='word_1_189' title='bbox 1016 1727 1106 1786; x_wconf 89' lang='lat' dir='ltr'>ejus</span> <span class='ocrx_word' id='word_1_190' title='bbox 1139 1726 1194 1771; x_wconf 93' lang='lat' dir='ltr'>ad</span> <span class='ocrx_word' id='word_1_191' title='bbox 1225 1729 1446 1771; x_wconf 87' lang='lat' dir='ltr'>Romanos</span> 
     </span>
     <span class='ocr_line' id='line_1_23' title="bbox 60 1795 1446 1858; baseline 0 -17"><span class='ocrx_word' id='word_1_192' title='bbox 60 1795 164 1842; x_wconf 87' lang='lat' dir='ltr'>dicit</span> <span class='ocrx_word' id='word_1_193' title='bbox 186 1797 420 1857; x_wconf 85' lang='lat' dir='ltr'>Apostolus</span> <span class='ocrx_word' id='word_1_194' title='bbox 449 1817 457 1843; x_wconf 87' lang='lat'>:</span> <span class='ocrx_word' id='word_1_195' title='bbox 495 1813 604 1858; x_wconf 90' lang='lat' dir='ltr'>quos</span> <span class='ocrx_word' id='word_1_196' title='bbox 639 1797 769 1843; x_wconf 88' lang='lat' dir='ltr'>credo</span> <span class='ocrx_word' id='word_1_197' title='bbox 807 1813 896 1842; x_wconf 91' lang='lat' dir='ltr'>non</span> <span class='ocrx_word' id='word_1_198' title='bbox 938 1797 1173 1842; x_wconf 88' lang='lat' dir='ltr'>arbitratur</span> <span class='ocrx_word' id='word_1_199' title='bbox 1208 1798 1446 1857; x_wconf 89' lang='lat' dir='ltr'>Prophetas</span> 
     </span>
     <span class='ocr_line' id='line_1_24' title="bbox 60 1867 1443 1928; baseline 0 -16"><span class='ocrx_word' id='word_1_200' title='bbox 60 1867 190 1912; x_wconf 89' lang='lat' dir='ltr'>fuisse</span> <span class='ocrx_word' id='word_1_201' title='bbox 209 1871 234 1913; x_wconf 92' lang='lat' dir='ltr'><strong>J</strong></span> <span class='ocrx_word' id='word_1_202' title='bbox 238 1869 481 1913; x_wconf 85' lang='lat' dir='ltr'>udaeorum.</span> <span class='ocrx_word' id='word_1_203' title='bbox 500 1867 582 1914; x_wconf 88' lang='lat' dir='ltr'>Sed</span> <span class='ocrx_word' id='word_1_204' title='bbox 596 1867 829 1928; x_wconf 82' lang='lat' dir='ltr'>cujuslibet</span> <span class='ocrx_word' id='word_1_205' title='bbox 845 1884 917 1913; x_wconf 93' lang='lat' dir='ltr'>eos</span> <span class='ocrx_word' id='word_1_206' title='bbox 932 1867 1063 1913; x_wconf 88' lang='lat' dir='ltr'>fuisse</span> <span class='ocrx_word' id='word_1_207' title='bbox 1080 1870 1215 1927; x_wconf 85' lang='lat' dir='ltr'>gentis</span> <span class='ocrx_word' id='word_1_208' title='bbox 1224 1869 1443 1928; x_wconf 86' lang='lat' dir='ltr'>opinetur,</span> 
     </span>
     <span class='ocr_line' id='line_1_25' title="bbox 63 1938 1445 1999; baseline 0.003 -20"><span class='ocrx_word' id='word_1_209' title='bbox 63 1957 83 1979; x_wconf 85' lang='lat'>»</span> <span class='ocrx_word' id='word_1_210' title='bbox 109 1955 187 1984; x_wconf 88' lang='lat' dir='ltr'>cur</span> <span class='ocrx_word' id='word_1_211' title='bbox 209 1939 268 1983; x_wconf 89' lang='lat' dir='ltr'>ibi</span> <span class='ocrx_word' id='word_1_212' title='bbox 290 1955 379 1984; x_wconf 92' lang='lat' dir='ltr'>non</span> <span class='ocrx_word' id='word_1_213' title='bbox 407 1938 618 1994; x_wconf 88' lang='lat' dir='ltr'>advertit,</span> <span class='ocrx_word' id='word_1_214' title='bbox 654 1939 818 1992; x_wconf 88' lang='lat' dir='ltr'>«Quod</span> <span class='ocrx_word' id='word_1_215' title='bbox 841 1948 941 1983; x_wconf 84' lang='lat' dir='ltr'>ante</span> <span class='ocrx_word' id='word_1_216' title='bbox 962 1940 1216 1999; x_wconf 89' lang='lat' dir='ltr'>promiserat</span> <span class='ocrx_word' id='word_1_217' title='bbox 1236 1954 1313 1998; x_wconf 87' lang='lat' dir='ltr'>per</span> <span class='ocrx_word' id='word_1_218' title='bbox 1340 1941 1445 1983; x_wconf 89' lang='lat' dir='ltr'>Pro-</span> 
     </span>
     <span class='ocr_line' id='line_1_26' title="bbox 64 2009 1447 2070; baseline 0.003 -20"><span class='ocrx_word' id='word_1_219' title='bbox 64 2029 82 2051; x_wconf 87' lang='lat'>»</span> <span class='ocrx_word' id='word_1_220' title='bbox 104 2010 254 2069; x_wconf 84' lang='lat' dir='ltr'>phetas</span> <span class='ocrx_word' id='word_1_221' title='bbox 269 2012 395 2055; x_wconf 81' lang='lat' dir='ltr'>suos?</span> <span class='ocrx_word' id='word_1_222' title='bbox 416 2031 433 2052; x_wconf 87' lang='lat'>»</span> <span class='ocrx_word' id='word_1_223' title='bbox 450 2013 532 2054; x_wconf 90' lang='lat' dir='ltr'>Per</span> <span class='ocrx_word' id='word_1_224' title='bbox 549 2009 768 2070; x_wconf 87' lang='lat' dir='ltr'>quoslibet</span> <span class='ocrx_word' id='word_1_225' title='bbox 785 2011 899 2055; x_wconf 90' lang='lat' dir='ltr'>enim</span> <span class='ocrx_word' id='word_1_226' title='bbox 916 2011 1154 2070; x_wconf 86' lang='lat' dir='ltr'>Prophetas</span> <span class='ocrx_word' id='word_1_227' title='bbox 1169 2025 1268 2055; x_wconf 94' lang='lat' dir='ltr'>suos</span> <span class='ocrx_word' id='word_1_228' title='bbox 1290 2012 1325 2055; x_wconf 91' lang='lat' dir='ltr'>si</span> <span class='ocrx_word' id='word_1_229' title='bbox 1345 2019 1447 2054; x_wconf 89' lang='lat' dir='ltr'>ante</span> 
     </span>
     <span class='ocr_line' id='line_1_27' title="bbox 62 2080 1449 2143; baseline -0.001 -18"><span class='ocrx_word' id='word_1_230' title='bbox 62 2081 257 2140; x_wconf 87' lang='lat' dir='ltr'>promisit</span> <span class='ocrx_word' id='word_1_231' title='bbox 270 2080 557 2140; x_wconf 84' lang='lat' dir='ltr'>Evangelium</span> <span class='ocrx_word' id='word_1_232' title='bbox 579 2081 634 2125; x_wconf 91' lang='lat' dir='ltr'>de</span> <span class='ocrx_word' id='word_1_233' title='bbox 652 2081 762 2126; x_wconf 88' lang='lat' dir='ltr'>Filio</span> <span class='ocrx_word' id='word_1_234' title='bbox 777 2097 872 2135; x_wconf 88' lang='lat' dir='ltr'>suo,</span> <span class='ocrx_word' id='word_1_235' title='bbox 892 2082 1002 2142; x_wconf 78' lang='lat' dir='ltr'>quid</span> <span class='ocrx_word' id='word_1_236' title='bbox 1023 2091 1086 2127; x_wconf 92' lang='lat' dir='ltr'>est</span> <span class='ocrx_word' id='word_1_237' title='bbox 1102 2081 1224 2143; x_wconf 90' lang='lat' dir='ltr'>quod</span> <span class='ocrx_word' id='word_1_238' title='bbox 1245 2082 1324 2126; x_wconf 89' lang='lat' dir='ltr'>iste</span> <span class='ocrx_word' id='word_1_239' title='bbox 1343 2081 1449 2125; x_wconf 87' lang='lat' dir='ltr'>dicit</span> 
     </span>
     <span class='ocr_line' id='line_1_28' title="bbox 60 2152 1447 2213; baseline -0.001 -15"><span class='ocrx_word' id='word_1_240' title='bbox 60 2163 258 2198; x_wconf 87' lang='lat' dir='ltr'>sanctum</span> <span class='ocrx_word' id='word_1_241' title='bbox 273 2170 322 2198; x_wconf 87' lang='lat' dir='ltr'>ae</span> <span class='ocrx_word' id='word_1_242' title='bbox 339 2152 538 2198; x_wconf 88' lang='lat' dir='ltr'>divinum</span> <span class='ocrx_word' id='word_1_243' title='bbox 558 2153 766 2212; x_wconf 89' lang='lat' dir='ltr'>Spiritum</span> <span class='ocrx_word' id='word_1_244' title='bbox 779 2169 908 2213; x_wconf 89' lang='lat' dir='ltr'>super</span> <span class='ocrx_word' id='word_1_245' title='bbox 923 2162 1082 2198; x_wconf 88' lang='lat' dir='ltr'>terram</span> <span class='ocrx_word' id='word_1_246' title='bbox 1099 2169 1189 2199; x_wconf 93' lang='lat' dir='ltr'>non</span> <span class='ocrx_word' id='word_1_247' title='bbox 1203 2153 1336 2198; x_wconf 90' lang='lat' dir='ltr'>fuisse</span> <span class='ocrx_word' id='word_1_248' title='bbox 1347 2161 1447 2196; x_wconf 91' lang='lat' dir='ltr'>ante</span> 
     </span>
     <span class='ocr_line' id='line_1_29' title="bbox 63 2224 1447 2284; baseline -0.001 -15"><span class='ocrx_word' id='word_1_249' title='bbox 63 2224 290 2270; x_wconf 80' lang='lat' dir='ltr'>Salvatoris</span> <span class='ocrx_word' id='word_1_250' title='bbox 319 2224 585 2269; x_wconf 83' lang='lat' dir='ltr'>adventum?</span> <span class='ocrx_word' id='word_1_251' title='bbox 609 2228 663 2269; x_wconf 87' lang='lat' dir='ltr'>Et</span> <span class='ocrx_word' id='word_1_252' title='bbox 684 2234 831 2269; x_wconf 88' lang='lat' dir='ltr'>tamen</span> <span class='ocrx_word' id='word_1_253' title='bbox 860 2225 929 2269; x_wconf 89' lang='lat' dir='ltr'>isti</span> <span class='ocrx_word' id='word_1_254' title='bbox 957 2224 1075 2269; x_wconf 91' lang='lat' dir='ltr'>unde</span> <span class='ocrx_word' id='word_1_255' title='bbox 1097 2233 1338 2284; x_wconf 87' lang='lat' dir='ltr'>potuerunt</span> <span class='ocrx_word' id='word_1_256' title='bbox 1358 2239 1447 2268; x_wconf 87' lang='lat' dir='ltr'>esse</span> 
     </span>
     <span class='ocr_line' id='line_1_30' title="bbox 61 2295 1444 2355; baseline 0 -16"><span class='ocrx_word' id='word_1_257' title='bbox 61 2297 309 2355; x_wconf 81' lang='lat' dir='ltr'>Prophetae,</span> <span class='ocrx_word' id='word_1_258' title='bbox 324 2296 633 2340; x_wconf 88' lang='lat' dir='ltr'>annuntiantes</span> <span class='ocrx_word' id='word_1_259' title='bbox 655 2296 877 2341; x_wconf 89' lang='lat' dir='ltr'>Christum</span> <span class='ocrx_word' id='word_1_260' title='bbox 891 2311 943 2340; x_wconf 80' lang='lat' dir='ltr'>ex</span> <span class='ocrx_word' id='word_1_261' title='bbox 955 2295 1120 2340; x_wconf 91' lang='lat' dir='ltr'>semine</span> <span class='ocrx_word' id='word_1_262' title='bbox 1138 2295 1276 2340; x_wconf 89' lang='lat' dir='ltr'>David</span> <span class='ocrx_word' id='word_1_263' title='bbox 1293 2309 1444 2340; x_wconf 85' lang='lat' dir='ltr'>secun-</span> 
     </span>
     <span class='ocr_line' id='line_1_31' title="bbox 61 2366 1451 2428; baseline -0.001 -17"><span class='ocrx_word' id='word_1_264' title='bbox 61 2366 166 2411; x_wconf 87' lang='lat' dir='ltr'>dum</span> <span class='ocrx_word' id='word_1_265' title='bbox 183 2382 373 2422; x_wconf 85' lang='lat' dir='ltr'>carnem,</span> <span class='ocrx_word' id='word_1_266' title='bbox 394 2367 474 2411; x_wconf 88' lang='lat' dir='ltr'>nisi</span> <span class='ocrx_word' id='word_1_267' title='bbox 491 2368 614 2428; x_wconf 81' lang='lat' dir='ltr'>cujus</span> <span class='ocrx_word' id='word_1_268' title='bbox 632 2367 771 2426; x_wconf 89' lang='lat' dir='ltr'>gentis</span> <span class='ocrx_word' id='word_1_269' title='bbox 792 2376 882 2411; x_wconf 89' lang='lat' dir='ltr'>erat</span> <span class='ocrx_word' id='word_1_270' title='bbox 894 2366 984 2426; x_wconf 83' lang='lat' dir='ltr'>ipse</span> <span class='ocrx_word' id='word_1_271' title='bbox 1000 2367 1154 2421; x_wconf 90' lang='lat' dir='ltr'>David,</span> <span class='ocrx_word' id='word_1_272' title='bbox 1171 2367 1227 2411; x_wconf 93' lang='lat' dir='ltr'>de</span> <span class='ocrx_word' id='word_1_273' title='bbox 1243 2368 1366 2427; x_wconf 85' lang='lat' dir='ltr'>cujus</span> <span class='ocrx_word' id='word_1_274' title='bbox 1382 2381 1451 2410; x_wconf 90' lang='lat' dir='ltr'>se-</span> 
     </span>
     <span class='ocr_line' id='line_1_32' title="bbox 62 2437 1450 2498; baseline -0.002 -16"><span class='ocrx_word' id='word_1_275' title='bbox 62 2439 177 2482; x_wconf 91' lang='lat' dir='ltr'>mine</span> <span class='ocrx_word' id='word_1_276' title='bbox 193 2439 389 2483; x_wconf 89' lang='lat' dir='ltr'>Christus</span> <span class='ocrx_word' id='word_1_277' title='bbox 406 2453 429 2482; x_wconf 88' lang='lat' dir='ltr'>a</span> <span class='ocrx_word' id='word_1_278' title='bbox 445 2438 671 2497; x_wconf 87' lang='lat' dir='ltr'>Prophetis</span> <span class='ocrx_word' id='word_1_279' title='bbox 685 2438 761 2482; x_wconf 90' lang='lat' dir='ltr'>Dei</span> <span class='ocrx_word' id='word_1_280' title='bbox 776 2438 1009 2498; x_wconf 88' lang='lat' dir='ltr'>promissus</span> <span class='ocrx_word' id='word_1_281' title='bbox 1023 2447 1087 2482; x_wconf 91' lang='lat' dir='ltr'>est</span> <span class='ocrx_word' id='word_1_282' title='bbox 1103 2452 1194 2482; x_wconf 90' lang='lat' dir='ltr'>esse</span> <span class='ocrx_word' id='word_1_283' title='bbox 1215 2437 1450 2483; x_wconf 78' lang='lat' dir='ltr'>venturus?</span> 
     </span>
    </p>

    <p class='ocr_par' dir='ltr' id='par_1_6' title="bbox 119 2507 1449 2569">
     <span class='ocr_line' id='line_1_33' title="bbox 119 2507 1449 2569; baseline -0.001 -17"><span class='ocrx_word' id='word_1_284' title='bbox 119 2511 174 2552; x_wconf 85' lang='lat' dir='ltr'>X.</span> <span class='ocrx_word' id='word_1_285' title='bbox 204 2510 288 2554; x_wconf 90' lang='lat' dir='ltr'>Sed</span> <span class='ocrx_word' id='word_1_286' title='bbox 310 2512 415 2564; x_wconf 87' lang='lat' dir='ltr'>Lex,</span> <span class='ocrx_word' id='word_1_287' title='bbox 439 2509 604 2569; x_wconf 89' lang='lat' dir='ltr'>inquit,</span> <span class='ocrx_word' id='word_1_288' title='bbox 629 2524 707 2569; x_wconf 87' lang='lat' dir='ltr'>per</span> <span class='ocrx_word' id='word_1_289' title='bbox 727 2511 911 2566; x_wconf 87' lang='lat' dir='ltr'>Moysen</span> <span class='ocrx_word' id='word_1_290' title='bbox 933 2507 1033 2555; x_wconf 92' lang='lat' dir='ltr'>data</span> <span class='ocrx_word' id='word_1_291' title='bbox 1061 2517 1148 2565; x_wconf 89' lang='lat' dir='ltr'>est,</span> <span class='ocrx_word' id='word_1_292' title='bbox 1182 2508 1340 2555; x_wconf 87' lang='lat' dir='ltr'>veritas</span> <span class='ocrx_word' id='word_1_293' title='bbox 1368 2523 1449 2552; x_wconf 93' lang='lat' dir='ltr'>au-</span> 
     </span>
    </p>
   </div>
   <div class='ocr_carea' id='block_1_5' title="bbox 112 2594 638 2637">
    <p class='ocr_par' dir='ltr' id='par_1_7' title="bbox 112 2594 638 2637">
     <span class='ocr_line' id='line_1_34' title="bbox 112 2594 638 2637; baseline 0 -9"><span class='ocrx_word' id='word_1_294' title='bbox 112 2601 118 2617; x_wconf 90' lang='lat'>¹</span> <span class='ocrx_word' id='word_1_295' title='bbox 138 2597 228 2628; x_wconf 84' lang='lat' dir='ltr'>Rom.</span> <span class='ocrx_word' id='word_1_296' title='bbox 250 2606 296 2637; x_wconf 75' lang='lat' dir='ltr'>iu,</span> <span class='ocrx_word' id='word_1_297' title='bbox 316 2604 349 2628; x_wconf 86' lang='lat'>2.</span> <span class='ocrx_word' id='word_1_298' title='bbox 363 2612 404 2620; x_wconf 87' lang='lat'>-—</span> <span class='ocrx_word' id='word_1_299' title='bbox 418 2601 431 2619; x_wconf 81' lang='lat'>²</span> <span class='ocrx_word' id='word_1_300' title='bbox 448 2595 497 2628; x_wconf 87' lang='lat' dir='ltr'>ld.</span> <span class='ocrx_word' id='word_1_301' title='bbox 517 2607 543 2637; x_wconf 83' lang='lat'>1,</span> <span class='ocrx_word' id='word_1_302' title='bbox 565 2594 638 2628; x_wconf 82' lang='lat'>1-3.</span> 
     </span>
    </p>
   </div>
  </div>
 </body>
</html>
