1803 3250
597 269 739 300 suano
771 268 1041 299 ARIANORUM.
1428 259 1514 302 459

128 351 231 382 eum
247 337 324 397 qui
337 345 433 381 orat
447 369 459 391 ,
489 345 533 380 et
555 336 632 396 qui
661 335 857 392 exaudit3
873 350 971 378 eum
994 336 1068 396 qui
1085 336 1240 394 gratias
1258 336 1362 396 agit,
1382 346 1426 382 et
1437 339 1515 398 qui

128 408 373 466 benedicit3
396 421 497 451 eum
516 407 592 467 qui
611 405 803 465 suscepit
822 405 1094 461 mandatum,
1116 416 1158 450 et
1179 422 1280 451 eum
1302 407 1379 467 qui
1393 408 1516 453 dedit

125 476 407 534 mandatum3
441 485 487 520 et
519 477 766 521 ministrum
803 477 1095 535 praecipienti,
1128 477 1368 538 supplicem
1404 478 1515 522 emi-

126 549 273 602 nenti,
316 547 542 593 subditum
573 547 814 606 superiori,
851 547 1188 607 primogenitum
1219 549 1511 608 sempiterno,

125 619 401 678 unigenitum
422 618 642 676 ingenito,
671 617 938 662 sacerdotem
971 622 1057 662 Deo
1078 633 1216 663 unum
1239 628 1370 679 atque
1390 634 1515 664 eum-

126 690 228 734 dem
250 704 356 734 esse.
377 707 398 730 »

183 762 395 805 XXXIII.
435 778 455 802 «
481 760 567 804 Sed
590 769 632 804 et
650 762 764 804 Deus
789 759 881 803 sine
903 760 1116 819 principio
1136 760 1340 819 praescius
1357 769 1448 804 erat
1471 775 1516 805 se

125 831 339 890 unigeniti
361 830 438 875 Dei
454 832 577 890 pueri
599 832 663 875 sui
684 840 851 890 patrem
882 830 1108 875 futurum:
1138 834 1275 875 Deum
1300 841 1447 876 autem
1471 846 1516 876 se

124 901 323 947 futurum
341 915 568 961 nunquam
591 902 822 961 praescivit,
847 901 949 961 quia
976 902 1197 960 ingenitus
1218 911 1281 946 est
1296 936 1308 957 ,
1334 911 1378 946 et
1394 917 1515 946 nun-

122 987 256 1032 quam
273 973 409 1031 coepit
428 987 509 1018 nec
533 973 747 1031 praescire,
765 987 845 1016 nec
862 973 984 1016 scire.
1003 972 1121 1025 Quid
1139 982 1202 1016 est
1220 981 1367 1016 autem
1379 987 1514 1031 praes-

123 1044 296 1098 cientia,
322 1043 403 1087 nisi
424 1042 673 1088 futurorum
702 1044 908 1088 scientia?
940 1047 1068 1087 Pater
1097 1053 1241 1087 autem
1264 1043 1514 1102 generando

123 1113 300 1168 Filium,
325 1114 380 1158 ab
410 1114 505 1173 ipso
529 1113 641 1159 Filio
664 1125 728 1158 est
758 1123 1065 1173 nuncupatu83
1089 1124 1131 1158 et
1154 1115 1246 1173 ipso
1269 1114 1484 1158 revelante
1499 1149 1511 1170 ,

122 1184 178 1228 ab
210 1183 414 1229 omnibus
440 1185 696 1230 Christianis
729 1189 840 1229 Deus
871 1195 914 1229 et
946 1188 1072 1229 Pater
1107 1185 1319 1243 unigeniti
1351 1185 1424 1228 Dei
1450 1193 1516 1229 est

121 1256 345 1314 cognitus„
375 1265 418 1299 et
448 1271 609 1314 magno
641 1257 777 1315 major
808 1267 850 1300 et
882 1257 998 1300 bono
1030 1254 1181 1299 melior
1216 1264 1279 1299 est
1309 1254 1514 1300 manifes-

122 1334 252 1370 tatus.
281 1344 301 1367 υ

181 1397 387 1440 XXXIV.
417 1414 438 1437 «
459 1398 515 1440 Et
531 1395 634 1454 quia
652 1397 935 1440 Homousiani
952 1396 1109 1440 dicunt
1129 1396 1394 1441 Salvatorem
1411 1411 1515 1441 nos-

121 1475 238 1510 trum
259 1464 516 1510 humilitatis
534 1466 669 1524 gratia
699 1468 791 1510 haec
810 1467 953 1510 omnia
980 1465 1035 1510 de
1067 1469 1201 1510 Patris
1226 1466 1512 1524 praescientia,

121 1536 228 1580 etde
243 1551 320 1580 sua
336 1537 608 1595 subjectione
622 1552 711 1580 esse
726 1536 942 1590 locutum,
957 1552 1034 1580 nos
1051 1551 1155 1581 vero
1169 1537 1404 1581 Christiani
1419 1552 1516 1581 cre-

122 1606 266 1651 dimus
285 1610 412 1651 Patre
436 1606 677 1665 imperante
695 1616 738 1650 et
761 1605 874 1650 Filio
896 1607 1228 1665 obtemperante
1246 1599 1350 1651 'haec
1369 1608 1515 1652 omnia

122 1692 211 1721 esse
230 1692 331 1721 eum
350 1675 550 1721 locutum
568 1695 577 1720 :
603 1675 788 1720 dicimus
805 1687 847 1720 et
866 1677 1101 1735 probamus
1119 1676 1240 1737 quod
1258 1678 1448 1722 haeretici
1465 1692 1516 1721 ex

121 1749 208 1792 suis
228 1747 354 1792 dictis
377 1757 622 1805 arguuntur
640 1756 683 1790 et
700 1747 1095 1806 reprehenduntur.
1116 1749 1159 1793 Si
1174 1749 1291 1792 enim
1312 1764 1355 1792 se
1377 1748 1515 1792 humi-

121 1817 244 1862 liavit
257 1852 269 1871 ,
295 1818 386 1877 ipsa
410 1816 632 1861 humilitas
649 1818 739 1876 ejus
755 1818 1051 1861 obedientiam
1068 1818 1258 1863 ostendit
1276 1838 1284 1862 ;
1306 1820 1395 1877 ipsa
1413 1834 1515 1862 vero

122 1888 371 1940 obedientia
391 1887 525 1932 alium
549 1902 678 1946 supra
695 1888 975 1942 eminentem,
1001 1888 1133 1932 alium
1149 1890 1456 1933 subsistentem
1473 1898 1517 1933 et

121 1960 367 2018 subjectum
384 1957 593 2012 declarat,
620 1958 747 2002 sicuti
771 1959 830 2002 ait
856 1958 1089 2018 Apostolus
1116 1979 1123 2003 :
1156 1979 1176 2001 «
1196 1959 1451 2003 Humiliavit
1471 1974 1515 2004 se

125 2047 146 2072 »
171 2028 380 2074 obediens
402 2028 544 2073 factus
567 2029 683 2073 Patri
707 2045 845 2088 usque
868 2029 923 2073 ad
946 2041 1131 2074 mortem
1148 2033 1177 2074 ¹.
1200 2049 1218 2070 »
1247 2033 1303 2074 Et
1319 2030 1409 2088 ipsa
1427 2031 1513 2074 hu-

122 2100 280 2145 militas
300 2101 409 2159 ·ejus,
426 2100 582 2144 veritas
597 2109 677 2155 est,
697 2116 786 2144 non
804 2099 980 2144 falsitas.
998 2102 1104 2154 Quis
1119 2101 1234 2144 enirn
1250 2102 1318 2144 vel
1333 2101 1515 2159 quando

121 2172 291 2231 sapiens
311 2181 544 2216 contentus
557 2180 620 2215 est
635 2187 680 2216 se
698 2172 943 2226 humiliare,
971 2172 1050 2216 nisi
1072 2172 1228 2216 habeat
1246 2174 1451 2232 majorem
1471 2182 1516 2217 et

121 2241 348 2287 meliorem
368 2242 441 2287 cui
462 2241 639 2286 festinet
659 2258 736 2302 per
762 2242 1053 2287 humilitatem
1071 2242 1270 2302 placere?
1295 2263 1314 2285 «
1337 2246 1393 2287 Et
1413 2258 1512 2302 ego,

127 2331 146 2354 »
165 2313 326 2373 inquit,
345 2327 448 2372 quae
470 2311 626 2371 placita
643 2322 745 2357 sunt
766 2314 805 2357 ei
823 2312 935 2358 facio
955 2317 1165 2373 semper?
1187 2333 1205 2354 »
1235 2313 1376 2359 Semel
1398 2314 1514 2357 enim

122 2392 223 2428 ante
256 2383 402 2427 omnia
436 2383 594 2428 saecula
623 2383 849 2428 voluntate
874 2384 948 2427 Dei
982 2393 1132 2433 natus,
1157 2383 1209 2428 ad
1240 2384 1514 2428 voluntatem

119 2453 255 2513 ipsius
271 2453 417 2498 omnia
434 2463 656 2513 operatur.
677 2455 720 2499 Si
735 2464 879 2499 autem
903 2470 947 2498 se
962 2455 1222 2509 humiliavit,
1243 2464 1287 2499 et
1302 2455 1512 2499 mentitus

123 2533 202 2583 est,
225 2524 347 2585 quod
372 2524 510 2583 absit3
538 2533 581 2569 et
602 2525 636 2569 si
660 2526 815 2570 veritas
845 2525 1076 2581 mentitur,
1101 2525 1222 2586 quod
1244 2524 1510 2586 impossibile

173 2616 182 2632 ¹
205 2608 317 2653 Philip.
336 2620 372 2653 n,
392 2611 424 2644 8.
441 2627 481 2634 —
496 2617 510 2634 ²
529 2612 621 2644 Ioan-
641 2621 709 2651 viu,
735 2619 789 2652 29.
