1803 3250
304 205 356 244 58
737 209 770 240 s.
808 209 1039 240 Anausrnu
1075 211 1255 240 mscom

302 280 441 326 carnis
475 293 648 323 sensum
684 292 771 323 non
800 278 1004 338 pertinet,
1042 276 1180 322 verbis
1206 291 1334 320 carne
1355 275 1480 321 editis
1501 277 1687 337 exprimi

301 367 389 396 non
413 357 567 409 potest,
591 348 711 408 eligit
731 347 928 394 doctrina
951 348 1171 408 sapientiae
1190 363 1266 407 per
1287 346 1503 408 quaslibet
1532 364 1688 408 corpo-

300 436 391 464 reas
424 419 630 477 imagines
660 427 702 463 et
731 419 1034 464 similitudines
1062 428 1301 479 utcumque
1328 417 1560 478 cogitanda
1582 419 1688 464 insi-

301 505 434 535 nuare
454 489 616 544 divina,
639 507 771 551 quam
789 491 844 535 ab
862 491 1006 536 ollicio
1031 492 1131 536 talia
1152 490 1339 536 docendi
1361 506 1525 536 cessare
1545 509 1554 536 z
1577 492 1688 535 sicut

299 562 430 621 elegit
465 561 627 606 Rachel
662 577 712 606 ex
746 565 837 607 viro
868 578 948 607 suo
981 573 1024 607 et
1055 562 1206 608 ancilla
1238 563 1453 622 suscipere
1482 562 1686 618 liberos¹,

301 648 432 693 quam
446 634 537 678 sine
552 633 648 678 filiis
666 634 845 679 omnino
862 650 1097 679 remanere.
1119 635 1216 678 Bala
1234 635 1397 694 quippe
1414 634 1689 693 interpretari

299 703 458 749 dicitur
475 707 716 750 inveterata
735 724 742 750 :
765 706 875 750 hanc
889 705 1042 750 habuit
1060 705 1260 750 ancillam
1279 704 1454 750 Rachel.
1476 708 1535 749 De
1546 713 1691 750 vetere

298 776 462 836 quippe
484 777 569 821 vita
588 776 834 820 carnalibus
857 777 1052 821 sensibus
1069 775 1216 820 dedita
1231 791 1448 833 corporeae
1465 777 1692 821 concitan-

300 856 373 891 tur
393 848 616 906 imagines,
641 849 772 892 etiam
795 863 896 892 cum
919 847 1085 907 aliquid
1105 845 1159 891 de
1184 847 1363 907 spiritali
1386 856 1429 891 et
1445 848 1693 892 incommu-

299 917 420 962 tabili
441 918 682 962 substantia
700 916 934 962 divinitatis
952 916 1144 961 auditur.

360 990 450 1031 LV.
488 989 671 1047 Suscipit
705 996 749 1031 et
781 988 855 1032 Lia
883 987 939 1033 de
970 987 1126 1032 ancilla
1156 1003 1231 1031 sua
1264 986 1391 1042 filios,
1430 1002 1576 1032 amore
1611 988 1693 1033 ha-

300 1057 456 1102 bendae
498 1059 803 1104 numerosioris
846 1057 979 1119 prolis
1015 1074 1207 1104 accensa.
1256 1058 1507 1103 Invenimus
1548 1068 1692 1103 autem

303 1129 509 1189 Zelpham
534 1131 624 1189 ejus
646 1129 846 1174 ancillam
869 1130 1144 1190 interpretari
1165 1131 1223 1174 Os
1246 1130 1385 1174 hians.
1416 1132 1693 1189 Quapropter

299 1201 342 1243 in
367 1199 719 1259 praedicationem
738 1199 839 1243 fidei
867 1199 1130 1259 evangelicae
1151 1215 1342 1261 quorum
1362 1215 1408 1244 os
1430 1200 1522 1244 hiat
1546 1209 1590 1244 et
1618 1215 1693 1245 cor

298 1286 387 1315 non
404 1271 511 1325 hiat,
529 1286 629 1315 curn
649 1271 693 1314 in
715 1269 945 1330 Scripturis
963 1269 1291 1324 adverterimus,
1318 1271 1410 1315 haec
1431 1270 1692 1330 intelligitur

299 1340 456 1386 ancilla
479 1342 580 1386 Liae.
606 1343 822 1401 Scriptum
847 1351 909 1386 est
931 1342 1047 1386 enim
1068 1342 1123 1386 de
1145 1341 1407 1402 quibusdam
1427 1361 1436 1387 :
1458 1361 1477 1384 «
1499 1342 1693 1402 Populus

301 1431 321 1454 »
358 1413 428 1458 hic
460 1412 584 1458 labiis
618 1429 688 1457 me
723 1414 924 1466 honorat,
963 1429 1038 1458 cor
1066 1422 1212 1458 autem
1241 1429 1391 1458 eorum
1423 1413 1554 1472 longe
1581 1423 1691 1458 esta

300 1503 320 1527 »
357 1487 466 1529 me2.
491 1504 511 1526 »
535 1488 588 1530 Et
611 1485 772 1530 talibus
803 1485 1036 1546 Apostolus
1058 1485 1189 1530 dicit:
1214 1504 1233 1528 «
1255 1485 1340 1539 Qui
1362 1485 1573 1545 praedicas
1601 1501 1690 1530 non

299 1575 319 1598 »
355 1557 608 1613 furandum,
637 1556 819 1615 furaris,
844 1559 919 1618 qui
939 1558 1043 1602 dicis
1066 1573 1155 1602 non
1177 1557 1533 1613 adulterandum,
1558 1556 1681 1602 adul-

301 1647 321 1670 »
357 1630 507 1674 teras³.
533 1631 883 1673 »Verumtamen
904 1638 954 1673 ut
968 1629 1097 1673 etiam
1123 1643 1200 1688 per
1220 1629 1333 1672 hanc
1346 1628 1688 1673 conditionalem

297 1697 433 1742 libera
455 1699 529 1743 illa
551 1715 658 1744 uxor
679 1699 815 1744 Jacob
838 1698 1040 1744 laborans
1060 1698 1171 1744 filios
1193 1698 1387 1744 haeredes
1415 1700 1534 1758 regni
1556 1700 1691 1744 susci-

297 1770 404 1829 piat,
428 1770 529 1815 ideo
554 1770 762 1814 Dominus
783 1770 916 1814 dicit:
942 1789 962 1812 «
984 1773 1093 1824 Quae
1114 1770 1286 1824 dicunt,
1313 1768 1470 1828 facite3
1495 1786 1595 1830 quae
1613 1787 1691 1814 au·

302 1859 322 1882 »
357 1850 445 1885 tem
466 1839 647 1895 faciunt,
662 1839 803 1885 facere
820 1840 997 1885 nolite4.
1013 1860 1032 1882 »
1046 1840 1173 1885 Unde
1187 1842 1232 1885 in
1246 1839 1395 1885 labore
1411 1839 1690 1885 vinculorum

299 1912 385 1956 vita
419 1912 680 1971 apostolica:
710 1931 730 1954 «
759 1911 881 1966 Sive,
914 1912 1080 1972 inquit,
1114 1912 1360 1967 occasione,
1393 1912 1482 1956 sive
1509 1912 1690 1957 veritate

303 2000 323 2023 »
358 1982 555 2027 Christus
588 1982 890 2037 annuntietur,
925 1991 969 2026 et
997 1983 1042 2026 in
1076 1983 1159 2027 hoc
1186 1982 1377 2041 gaudeo,
1414 1981 1489 2027 sed
1515 1991 1559 2027 et
1583 1999 1691 2042 gau-

302 2071 323 2094 »
356 2052 472 2097 debo
486 2055 500 2079 ⁵
520 2073 528 2098 :
550 2072 570 2094 »
592 2062 801 2113 tanquam
821 2063 863 2098 et
886 2052 1040 2097 ancilla
1059 2053 1254 2112 pariente
1271 2052 1327 2097 de
1342 2053 1464 2113 prole
1481 2068 1690 2098 numero-

298 2125 408 2168 siore
424 2123 585 2168 laetata.

359 2197 471 2238 LVI.
507 2197 583 2238 Est
607 2210 710 2239 vero
732 2193 910 2254 quidam
936 2194 1025 2238 Liae
1056 2193 1188 2237 foetus
1215 2209 1266 2237 ex
1292 2194 1503 2239 beneficio
1524 2194 1688 2239 Rachel

298 2264 462 2319 editus,
494 2280 594 2309 cum
628 2265 770 2308 virum
810 2280 937 2309 suum
975 2280 1121 2309 secum
1155 2263 1302 2308 debita
1340 2274 1470 2309 nocte
1510 2265 1690 2309 cubitu-

300 2351 396 2380 rum
418 2337 605 2394 acceptis
638 2352 660 2379 a
690 2336 779 2381 filio
803 2336 892 2380 Liae
916 2336 1252 2394 mandragoricis
1275 2335 1398 2380 malis
1424 2350 1524 2379 cum
1545 2350 1690 2380 sorore

299 2407 460 2451 cubare
497 2407 751 2466 permittitfi.
791 2409 851 2450 De
886 2406 968 2450 hoc
1008 2417 1152 2450 autem
1185 2407 1302 2465 pomi
1339 2421 1495 2464 genere
1523 2407 1690 2465 opinari

351 2515 360 2532 ¹
388 2511 469 2542 Gen.
489 2520 564 2549 xxx,
586 2509 615 2540 3.
635 2526 676 2532 -
697 2515 708 2530 ²
729 2508 802 2540 lsai.
821 2518 911 2549 xxix,
936 2507 989 2540 13.
1010 2524 1050 2531 —
1067 2506 1082 2531 3
1107 2510 1197 2541 Rom.
1221 2519 1255 2548 n,
1276 2518 1328 2539 21.
1359 2525 1399 2530 —
1419 2508 1434 2534 4
1452 2507 1565 2540 Matth.
1593 2518 1688 2549 xxm,

301 2568 334 2601 3.
350 2565 420 2592 -5
438 2567 553 2610 Philip.
572 2578 597 2609 1,
619 2565 751 2601 18.—⁶
767 2569 850 2600 Gen.
870 2577 948 2608 xxx,
974 2566 1024 2597 15.
