1803 3250
332 208 377 244 11³,
388 205 406 243 -ί
755 215 786 241 s.
825 212 1053 241 Aceusmm
1088 214 1267 241 nmscom

325 297 420 325 cero
439 316 448 334 ‚
475 279 593 338 quod
616 278 721 322 facit
739 287 891 323 contra
906 277 952 322 id
974 279 1094 338 quod
1113 278 1317 323 novimus
1333 278 1379 323 in
1399 287 1570 324 natura.
1591 281 1714 324 Hanc

324 353 438 396 enim
462 349 590 393 etiam
613 347 883 408 appellamus
902 358 1100 393 naturam
1120 383 1131 404 ,
1158 348 1384 407 cognitum
1400 349 1523 394 nobis
1538 365 1715 395 cursum

323 423 586 482 solitumque
607 430 776 466 naturae
793 457 804 478 ,
830 430 983 467 contra
998 437 1131 483 quem
1150 423 1266 466 Deus
1283 437 1384 466 cum
1402 421 1570 482 aliquid
1590 422 1711 478 facit,

322 491 534 552 magnalia
567 491 636 537 vel
671 492 885 538 mirabilia
918 494 1217 538 nominantur.
1253 493 1418 538 Contra
1452 492 1573 538 illam
1612 508 1716 539 vero

321 579 537 609 summam
559 572 727 608 naturae
747 564 887 623 legem
904 597 917 620 ,
952 580 976 608 a
997 564 1153 609 notitia
1174 572 1389 608 remotam
1406 598 1418 620 ,
1443 565 1534 610 sive
1564 564 1717 624 impio-

320 650 420 681 rum
435 670 448 691 ,
473 635 559 680 sive
579 635 724 681 adhuc
747 635 1040 691 infirmorum,
1060 644 1149 680 tam
1167 638 1282 679 Deus
1299 633 1423 680 nullo
1440 634 1574 680 modo
1591 635 1712 691 facit,

320 723 452 769 quam
472 716 624 752 contra
646 722 691 752 se
712 707 856 767 ipsum
881 722 971 752 non
991 706 1113 751 facit.
1138 706 1351 765 Spiritalis
1365 716 1513 752 autem
1537 705 1718 752 eadem-

320 795 406 840 que
427 777 646 824 rationalis
670 788 891 833 creatura,
922 779 969 822 in
990 793 1080 839 quo
1102 792 1259 836 genere
1281 787 1325 824 et
1349 779 1494 824 anima
1521 779 1716 824 humana

317 859 407 907 est,
431 858 599 910 quanto
620 848 806 909 amplius
835 847 952 892 illius
980 849 1355 894 incommutabilis
1380 850 1487 909 legis
1514 850 1716 910 lucisque

319 923 369 966 fit
391 921 631 981 particeps,
658 928 780 964 tanto
800 919 937 978 magis
958 918 1078 964 videt
1105 920 1216 980 quid
1238 921 1333 965 fieri
1355 921 1517 980 possit,
1552 920 1717 980 quidve

320 1007 410 1037 non
431 991 565 1051 possit
584 1012 595 1049 3
620 999 788 1051 quanto
811 998 960 1035 autem
981 990 1189 1035 remotior
1211 990 1314 1035 inde
1331 989 1465 1036 fuerit
1480 1025 1492 1047 ,
1517 1006 1569 1036 eo
1586 993 1720 1051 magis

320 1063 504 1108 miratur
526 1060 728 1118 insolita,
753 1077 843 1122 quo
864 1061 1011 1105 minus
1033 1061 1174 1106 cernit
1194 1059 1361 1106 futura.

381 1136 457 1178 IV.
493 1136 556 1178 Ac
578 1149 655 1194 per
675 1134 759 1178 hoc
780 1132 890 1194 quid
907 1132 962 1177 de
984 1132 1082 1177 Elia
1097 1131 1266 1187 factum
1285 1133 1364 1188 sit,
1377 1134 1593 1178 nescimus
1608 1152 1618 1179 ι
1635 1134 1720 1180 hoc

320 1204 375 1250 de
397 1204 474 1249 illo
495 1213 644 1249 tamen
677 1203 896 1249 credimus
912 1238 924 1259 ,
960 1202 1083 1264 quod
1103 1218 1237 1248 verax
1269 1204 1493 1264 Scriptura
1514 1213 1715 1250 testatur.

320 1275 439 1321 Illud
455 1291 558 1321 sane
580 1275 739 1320 scimus
756 1309 768 1331 ,
791 1275 878 1319 hoc
899 1274 955 1318 de
975 1272 1053 1318 illo
1070 1273 1238 1318 factum
1259 1275 1382 1335 quod
1407 1276 1487 1320 Dei
1515 1274 1720 1322 voluntas

320 1348 482 1408 habet,
505 1348 627 1409 quod
648 1356 796 1392 autem
816 1347 895 1392 Dei
917 1345 1119 1392 voluntas
1142 1362 1232 1394 non
1248 1346 1399 1403 habet,
1425 1347 1521 1392 fieri
1538 1347 1718 1409 dequo·

321 1435 457 1481 quam
489 1420 670 1466 omnino
698 1433 790 1463 non
816 1432 957 1479 posse.
992 1417 1182 1463 Proinde
1207 1418 1242 1462 si
1274 1418 1384 1462 mihi
1404 1418 1577 1464 dicatur
1596 1435 1722 1479 posse

321 1491 442 1548 fieri,
467 1500 518 1536 ut
538 1506 639 1536 caro
655 1526 666 1547 ,
690 1489 816 1535 verbi
847 1488 982 1548 gratia
999 1523 1010 1544 ,
1048 1489 1181 1548 hujus
1212 1487 1283 1533 vel
1303 1487 1420 1533 illius
1452 1490 1641 1536 hominis
1674 1491 1722 1536 in

322 1576 481 1622 corpus
502 1561 681 1607 coeleste
702 1569 899 1605 mutetur
917 1579 927 1605 ε
952 1557 1147 1605 concedo
1168 1558 1263 1603 fieri
1287 1573 1410 1618 posse
1426 1594 1438 1615 ,
1464 1559 1542 1605 sed
1570 1570 1722 1606 utrum

325 1632 527 1678 futurum
548 1633 602 1677 sit
620 1631 793 1690 nescio,
821 1639 866 1675 et
887 1630 987 1675 ideo
1014 1630 1183 1686 nescio,
1219 1629 1324 1689 quia
1345 1628 1456 1690 quid
1483 1630 1644 1677 habeat
1665 1632 1722 1677 de

324 1706 407 1750 hac
429 1719 475 1749 re
494 1704 575 1750 Dei
597 1703 799 1749 voluntas
815 1737 828 1759 ,
853 1717 923 1747 me
940 1701 1048 1747 latet
1067 1721 1076 1747 :
1094 1700 1208 1746 illud
1223 1717 1294 1746 me
1315 1710 1465 1747 tamen
1478 1717 1570 1749 non
1584 1703 1691 1750 latet
1708 1739 1721 1762 ‚

325 1775 418 1820 sine
438 1774 575 1821 dubio
601 1773 802 1819 futurum
819 1808 830 1829 ,
856 1773 891 1818 si
911 1773 996 1818 hoe
1021 1772 1099 1817 Dei
1122 1771 1323 1818 voluntas
1345 1773 1495 1819 habet.
1525 1777 1662 1820 Porro
1689 1776 1725 1821 si

326 1845 530 1902 audiam,
564 1844 687 1904 quod
717 1843 883 1904 aliquid
914 1842 1118 1888 futurum
1139 1852 1260 1900 erat,
1296 1842 1373 1889 sed
1405 1847 1521 1889 Deus
1542 1843 1649 1890 feeit
1669 1861 1726 1892 ne

324 1917 477 1975 fieret,
516 1914 718 1960 fidissime
751 1912 1050 1974 respondebo,
1081 1913 1195 1959 illud
1227 1914 1375 1975 potius
1406 1914 1608 1961 futurum
1630 1927 1724 1964 erat

326 1988 449 2049 quod
470 1990 585 2033 Deus
613 1985 739 2044 fecit,
764 2001 855 2032 nou
881 1985 995 2031 illud
1025 1983 1147 2046 quod
1173 1985 1208 2031 si
1239 1984 1444 2031 futurum
1464 1996 1604 2044 esset,
1640 1988 1726 2035 hoe

326 2058 514 2104 fecisset.
538 2060 648 2105 Nam
665 2061 781 2104 Deus
801 2056 924 2119 quod
944 2057 1141 2103 facturus
1163 2066 1255 2103 erat
1268 2092 1279 2114 ‚
1305 2058 1461 2119 utique
1475 2056 1657 2116 sciebat,
1681 2070 1727 2106 et

328 2131 428 2176 ideo
465 2130 597 2175 simul
628 2129 793 2175 sciebat
824 2128 952 2174 illum
978 2128 1182 2174 futurum
1211 2144 1304 2175 non
1330 2128 1463 2176 fuisse
1482 2164 1495 2187 ‚
1525 2130 1648 2192 quod
1668 2146 1727 2178 ne

328 2202 453 2247 fieret
486 2200 681 2247 facturus
715 2210 808 2246 erat
832 2219 841 2246 :
866 2210 911 2246 et
942 2200 1098 2261 procul
1131 2200 1271 2246 dubio
1302 2201 1449 2261 potius
1470 2216 1626 2248 verum
1661 2212 1727 2249 est

328 2272 451 2333 quod
472 2274 553 2318 scit
575 2276 690 2318 Deus
706 2308 718 2330 ,
753 2287 888 2334 quam
915 2271 1038 2333 quod
1064 2271 1272 2332 opinatur
1292 2272 1442 2318 homo.
1480 2271 1607 2318 Unde
1633 2282 1725 2319 tam

330 2360 421 2390 non
441 2354 624 2406 possunt
645 2345 797 2392 futura
816 2360 908 2391 non
924 2344 1036 2402 fieri,
1061 2359 1197 2405 quam
1217 2359 1308 2390 non
1324 2342 1456 2389 fuisse
1475 2342 1593 2390 facta
1607 2360 1724 2405 prae-

330 2417 457 2463 terita
482 2435 493 2464 ι
518 2418 728 2479 quoniam
743 2433 835 2464 non
851 2426 915 2463 est
930 2417 978 2462 in
993 2416 1071 2462 Dei
1087 2415 1332 2473 voluntate,
1352 2425 1404 2462 ut
1415 2431 1468 2462 eo
1483 2416 1538 2462 sit
1554 2415 1724 2478 aliquid

332 2486 491 2535 falsum
507 2523 520 2546 ,
544 2505 634 2550 quo
654 2505 808 2536 verum
828 2497 908 2534 est.
934 2490 1212 2548 Quapropter
1234 2488 1381 2534 omnia
1402 2503 1503 2548 quae
1522 2501 1625 2534 vere
1646 2487 1723 2533 fu-

336 2568 431 2604 tura
453 2569 554 2605 sunt
572 2596 583 2615 ,
609 2562 700 2605 sine
718 2559 856 2606 dubio
877 2560 1014 2619 fient,
1037 2560 1071 2605 si
1093 2568 1240 2604 autem
1263 2558 1379 2605 facta
1406 2574 1497 2605 non
1520 2558 1686 2605 fuerint
1705 2595 1717 2616 ,
