1803 3250
298 165 377 202 219.
736 167 770 194 s.
807 167 1035 213 Aucus‘rmi
1073 170 1250 198 Efflscopl

291 256 370 298 ego
397 259 404 281 2
434 252 519 280 non
544 238 622 277 hocv
657 234 922 292 respondeo,
962 244 1007 279 ut
1041 235 1178 294 legem
1214 251 1352 280 meam
1377 252 1531 295 negem
1561 247 1677 282 anter

293 324 425 369 quam
450 307 624 350 alteram
645 304 868 364 accipiam.
891 325 910 346 »

353 380 459 419 Ace.
487 371 594 416 dixit
620 390 629 415 :
658 372 742 417 Sed
761 374 879 433 prius
895 374 950 419 de
972 392 1069 421 vase
1086 377 1289 422 funditur
1308 378 1427 438 quod
1453 377 1682 423 adversum

293 446 450 492 habet:
475 453 519 487 et
540 444 598 488 sic
620 443 829 505 impletur
845 447 967 506 quod
985 448 1152 493 bonum
1170 459 1233 494 cst
1256 469 1264 494 :
1290 459 1366 494 aut
1382 450 1417 494 si
1439 449 1583 495 adhuc
1599 450 1683 495 du-

291 519 402 563 bitas
419 515 618 571 fundere,
637 516 826 562 defende
840 535 928 579 quo
949 520 1100 579 plenus
1116 537 1174 566 es.
1197 522 1433 566 Ostendam
1451 522 1563 566 enim
1586 523 1681 577 tibi,

291 598 506 649 quantum
538 604 607 632 me
639 590 851 634 Dominus
884 592 1092 651 adjuvat,
1136 603 1301 653 quanta
1336 593 1615 638 immunditia
1643 602 1687 638 et

292 659 570 720 blasphemiis
586 659 711 719 plena
728 661 780 704 sit
796 661 993 706 doctrina
1006 663 1254 718 Manichaei,
1270 664 1302 707 si
1319 665 1543 723 permittas
1557 673 1607 708 ut
1621 663 1687 708 le—

291 741 414 791 gatur
436 730 509 776 illa
531 731 729 791 epistola,
752 732 805 775 de
820 734 946 792 cujus
969 734 1092 778 initio
1108 737 1199 795 jam
1221 736 1514 791 tractavimus,
1539 746 1584 780 et
1597 752 1686 781 non

290 802 468 863 potuisti
490 804 674 861 probare
698 802 943 861 apostolum
966 805 1127 848 Christi
1145 820 1234 849 esse
1254 807 1549 851 Manichaeum
1571 826 1580 851 :
1608 806 1686 851 sed

225 897 237 909 -
291 874 388 919 ideo
410 873 766 929 morasinnectis,
787 889 841 917 ne
864 884 1018 919 caetcra
1043 874 1264 935 legantur,
1290 878 1367 921 ubi
1385 887 1533 936 aperte
1547 887 1688 922 vestra

290 945 509 1003 sacrilegia
534 944 952 1004 deprehendunturz,
976 954 1053 990 aut
1069 947 1104 990 si
1125 949 1356 1006 permittis,
1377 947 1596 1007 legantur.

352 1019 380 1060 F
387 1034 454 1060 m..
479 1014 621 1060 dixit:
654 1034 675 1058 «
698 1015 931 1075 Permitt03
966 1017 1068 1077 quia
1102 1017 1247 1062 dixisti
1281 1019 1427 1063 omnia
1460 1018 1687 1064 immunda

290 1086 443 1144 fundi,
468 1097 512 1131 et
534 1087 593 1132 sic
614 1087 731 1132 hona
752 1087 930 1132 immitti
953 1106 961 1133 2
988 1089 1072 1132 hoc
1095 1089 1211 1132 enim
1241 1088 1410 1133 dictum
1436 1098 1499 1133 est
1519 1089 1690 1134 Sancti-

293 1160 390 1205 tatis
413 1162 532 1204 Tuae.
569 1158 638 1203 Ad
671 1158 792 1219 quod
821 1169 865 1204 et
887 1175 968 1219 ego
991 1159 1089 1204 dico
1112 1178 1121 1204 2
1148 1158 1304 1206 Nullus
1331 1175 1491 1220 aquam
1513 1158 1688 1216 fundit,

293 1231 377 1276 nisi
398 1230 505 1275 alter
529 1229 792 1291 impleverit.
818 1249 838 1272 »

350 1307 463 1350 Auo.
489 1303 600 1347 dixit
626 1322 634 1348 2
662 1305 755 1347 Hoc
776 1302 895 1347 vides
917 1318 1052 1363 quam
1075 1303 1397 1348 inconsiderate
1420 1302 1580 1348 dixeris
1595 1338 1606 1359 ,
1641 1313 1691 1349 ut

295 1376 438 1421 mitius
458 1375 642 1437 loquar,
675 1386 718 1419 et
745 1391 836 1419 non
855 1375 999 1420 dicam
1028 1376 1194 1419 insane.
1223 1376 1383 1435 Utique
1407 1373 1461 1419 de
1483 1391 1584 1420 vase
1613 1375 1691 1420 tibi

293 1448 621 1495 similitudinem
653 1449 776 1508 posui
799 1468 808 1493 :
834 1449 877 1491 in
906 1463 978 1491 vas
1002 1447 1182 1505 plenum
1203 1462 1332 1492 nemo
1359 1457 1504 1507 potest
1526 1447 1693 1509 aliquid

295 1521 482 1576 mittere,
508 1521 589 1564 nisi
611 1518 825 1563 fundatur
847 1518 958 1563 illud
980 1535 1070 1579 quo
1092 1520 1270 1579 plenum
1294 1528 1401 1562 erat.

355 1596 460 1637 FEL.
486 1591 594 1636 dixit
619 1611 628 1637 ε
658 1611 678 1633 «
702 1594 845 1635 Unum
862 1591 1032 1646 dixisti,
1059 1602 1102 1635 et
1124 1607 1206 1650 ego
1228 1590 1318 1634 dixi
1335 1589 1440 1635 duo.
1465 1608 1484 1631 »

360 1669 472 1709 Auo.
489 1664 599 1708 dixit
615 1683 624 1708 ι
639 1664 682 1708 Si
695 1663 785 1707 duo
797 1678 895 1706 vasa
910 1662 1070 1715 dixisti,
1086 1662 1148 1707 vis
1163 1661 1285 1706 illum
1303 1677 1448 1721 parem
1462 1671 1585 1706 tuum
1600 1662 1697 1706 fun-

298 1738 442 1781 dimus
459 1746 500 1781 et
522 1735 755 1796 implemus
769 1734 911 1789 illum,
929 1744 979 1778 ut
993 1735 1124 1794 possis
1140 1743 1190 1778 tu
1204 1732 1390 1778 fundere
1402 1735 1524 1794 quod
1541 1735 1697 1779 habes?

359 1812 466 1853 Fu.
490 1808 598 1852 dixit
623 1827 631 1852 :
661 1827 682 1849 «
700 1809 844 1851 Ambo
868 1821 1001 1850 unam
1023 1822 1182 1866 aquam
1206 1806 1434 1850 habemus.
1452 1824 1471 1848 »

363 1886 476 1925 Ace„
504 1879 642 1924 dixit:
669 1881 781 1924 Cum
811 1894 914 1938 ergo
948 1879 1077 1922 ambo
1108 1878 1227 1938 pleni
1261 1878 1351 1922 sitis
1384 1894 1497 1939 aqua
1527 1888 1695 1934 vestra,

300 1952 409 2013 quid
435 1951 734 2011 implebimus,
761 1959 810 1994 ut
833 1950 1065 1995 doceamus
1087 1965 1159 1995 vos
1177 1985 1187 2005 ,
1205 1949 1297 2015 *nisi
1325 1949 1484 2009 aliquis
1506 1959 1699 1994 vestrum

296 2022 461 2070 fuderit
483 2022 606 2082 quod
623 2023 785 2066 habet?
805 2024 896 2065 Aut
917 2021 952 2065 si
981 2021 1149 2066 bonum
1173 2029 1261 2076 est,
1289 2030 1332 2064 et
1351 2020 1451 2065 ideo
1473 2019 1608 2065 debet
1629 2030 1699 2065 te-

306 2096 398 2140 neri
422 2103 470 2139 ut
491 2092 755 2138 defendatur
773 2102 816 2137 et
836 2093 1008 2152 legatur
1023 2092 1097 2137 illa
1122 2091 1321 2153 epistola,
1339 2091 1562 2136 videamus
1583 2091 1619 2136 si
1632 2090 1702 2137 vel

305 2176 462 2212 caetera
486 2174 670 2226 possunt
697 2163 904 2220 defendi,
928 2164 961 2208 si
983 2165 1029 2208 in
1051 2165 1145 2224 ipso
1167 2164 1292 2209 initio
1315 2162 1513 2208 defecisti
1539 2181 1548 2208 :
1574 2172 1649 2207 aut
1668 2162 1704 2207 si

308 2240 415 2284 dicis
438 2248 479 2284 te
501 2239 547 2282 in
568 2238 644 2283 illo
666 2253 757 2283 non
779 2237 1003 2293 defecisse,
1021 2237 1161 2296 proba
1178 2236 1305 2280 nobis
1326 2233 1552 2294 quomodo
1567 2232 1704 2278 Mani-

313 2313 460 2356 ehaeus
478 2311 531 2355 sit
554 2309 776 2369 apostolus
797 2307 973 2352 Christi.

370 2386 488 2428 XIV.
517 2386 621 2427 FEL.
650 2382 755 2425 dixit
784 2400 792 2424 ;
825 2380 1057 2425 «Christus
1087 2378 1196 2422 dixit
1229 2397 1237 2423 :
1267 2378 1475 2438 Spiritum
1504 2385 1708 2422 sanctum

313 2457 542 2502 missurum
565 2470 609 2500 se
624 2457 654 2510 1,
681 2453 756 2514 qui
775 2453 819 2496 in
843 2465 1020 2497 omnem
1043 2451 1266 2494 veritatem
1288 2449 1483 2495 inducat.
1507 2467 1526 2490 a>

367 2548 376 2565 ¹
401 2544 493 2575 Joau.
516 2551 581 2582 xvi,
603 2540 654 2573 13.
