1803 3250
405 232 569 262 cowrmt
603 231 817 271 ΓΑυεΤυΜ,
852 235 935 262 Lm.
971 236 1082 263 xx11.
1387 225 1441 263 27

58 298 164 342 mini
185 306 333 343 sancto
354 299 613 353 extiterunt,
651 297 706 342 ad
734 298 817 342 hoc
836 299 999 358 ⁴utique
1031 300 1087 343 ab
1119 300 1245 344 hoste
1283 309 1447 345 coactae

58 378 181 423 sunt,
207 369 276 413 cui
295 370 329 413 si
352 370 544 413 resistere
567 383 659 413 non
680 368 932 423 valuerunt,
956 369 1209 415 innocentes
1236 371 1447 415 damnan-

58 449 129 484 tur
153 459 162 484 :
188 440 221 484 si
242 449 388 485 autem
407 438 657 493 valuerunt,
682 455 761 483 nec
782 439 1036 493 voluerunt,
1061 442 1167 499 quid
1190 441 1336 487 adhuc
1359 451 1447 487 tam

57 509 257 554 fabulose
277 510 481 554 inducitis
500 519 698 554 naturam
721 510 850 565 mali,
873 525 975 554 cum
993 527 1016 553 a
1034 511 1207 569 propria
1222 511 1450 557 voluntate

56 581 110 625 sit
132 581 253 638 origo
275 580 475 639 peccati?
501 583 594 624 Hoc
616 580 732 624 enim
750 589 866 624 certe
884 595 959 624 sua
978 580 1123 639 culpa,
1149 595 1239 625 non
1253 582 1295 625 vi
1309 581 1448 627 aliena

55 651 278 704 fecerunt,
317 650 439 710 quod
471 665 573 694 cum
610 659 786 709 possent
817 649 935 695 malo
967 651 1162 695 resistere
1190 650 1444 697 noluerunt.

55 719 186 774 Quod
204 720 320 763 enim
335 721 368 764 si
386 720 598 775 facerent,
618 720 731 764 bene
751 720 973 779 facerent,
997 721 1032 765 si
1053 729 1198 765 autem
1221 736 1311 766 non
1331 720 1450 766 face—

56 800 178 846 rent,
207 792 394 850 graviter
417 792 753 852 immaniterque
772 801 1003 852 peccarent
1025 811 1033 837 :
1053 793 1088 836 si
1109 801 1379 851 potuerunt,
1405 801 1449 837 et

55 877 144 907 non
163 861 387 917 fecerunt,
422 863 574 922 utique
597 862 851 907 noluerunt.
875 863 918 908 Si
938 878 1040 921 ergo
1064 863 1334 919 noluerunt,
1371 878 1449 908 vo-

54 931 233 976 luntatis
265 932 429 977 crimen
451 942 538 987 est,
574 949 662 978 non
694 934 972 978 necessitatis.
998 937 1036 978 A
1068 934 1295 979 voluntate
1316 935 1449 993 igitur

36 1001 226 1048 ¹initium
244 1004 408 1062 peccati
428 1022 437 1048 :
459 1003 578 1048 unde
596 1014 741 1049 autem
763 1005 932 1049 initium
952 1006 1134 1064 peccati,
1156 1005 1258 1049 inde
1274 1005 1447 1050 initium

55 1073 170 1128 mali,
194 1073 263 1118 vel
282 1073 472 1117 faciendi
489 1083 639 1118 contra
656 1076 824 1133 justum
849 1085 1132 1134 praeceptum,
1156 1075 1225 1121 vel
1247 1076 1447 1134 patiendi

53 1144 293 1189 secundum
312 1146 483 1204 justum
502 1144 736 1204 judicium.

116 1215 306 1259 Proinde
320 1214 441 1258 nulla
455 1230 582 1258 causa
601 1224 665 1259 est
677 1250 688 1269 ,
713 1230 791 1259 cur
803 1225 1046 1274 quaerentes
1060 1215 1179 1260 unde
1198 1217 1251 1260 sit
1264 1216 1445 1274 malum,

53 1286 315 1330 irrueritisin
328 1286 458 1345 hujus
476 1286 630 1330 erroris
649 1296 736 1330 tam
755 1301 962 1343 magnum
981 1287 1164 1341 malum,
1183 1297 1232 1331 ut
1246 1296 1447 1332 naturam

55 1365 120 1401 tot
137 1357 262 1401 bonis
284 1356 604 1411 abundantem,
634 1366 833 1401 naturam
859 1357 961 1402 mali
991 1357 1213 1409 diceretis;
1238 1367 1281 1402 et
1308 1358 1354 1401 in
1376 1374 1450 1403 na-

58 1438 152 1472 tura
174 1430 332 1472 summi
347 1428 450 1473 boni
467 1438 567 1473 ante
582 1429 938 1473 commixtionem
953 1439 1122 1473 naturae
1138 1444 1174 1472 m
1182 1429 1255 1484 ali,
1272 1430 1451 1474 horren-

55 1499 161 1543 dum
191 1500 454 1544 necessitatis
481 1499 646 1544 malum
664 1501 898 1559 poneretis.
925 1503 981 1544 Et
1007 1501 1136 1560 hujus
1159 1500 1275 1544 enim
1295 1503 1450 1547 erroris

55 1570 184 1614 vestri
197 1586 323 1615 causa
335 1571 534 1630 superbia
551 1580 631 1625 est,
652 1587 784 1630 quam
798 1587 888 1615 non
901 1571 1117 1616 habebitis
1131 1571 1165 1615 si
1181 1571 1325 1616 nolitis
1344 1592 1352 1616 :
1374 1572 1449 1617 sed

57 1655 131 1686 vos
143 1639 250 1684 dum
261 1640 392 1685 vultis
406 1640 516 1684 illud
531 1657 621 1700 quo
634 1641 833 1696 irruistis,
852 1657 1031 1700 quoquo
1047 1640 1178 1686 modo
1193 1640 1446 1698 defendere,

57 1711 236 1756 aufertis
257 1712 467 1770 originem
490 1712 655 1770 peccati
688 1728 710 1756 a
735 1711 972 1756 voluntatis
999 1712 1203 1768 arbitrio,
1226 1723 1270 1756 et
1290 1714 1450 1772 ponitis

55 1783 101 1827 in
122 1798 232 1828 vana
249 1792 293 1827 et
314 1781 418 1827 falsa
440 1781 587 1827 fabula
616 1793 815 1827 naturam
842 1783 960 1826 mali.
989 1787 1050 1827 Ac
1080 1800 1156 1842 per
1178 1785 1261 1828 hoc
1284 1794 1449 1842 restat,

55 1862 104 1898 ut
118 1853 269 1898 dicatis
282 1854 409 1898 etiam
424 1853 519 1898 illas
532 1854 696 1897 animas
714 1855 759 1897 in
776 1854 974 1898 horribili
995 1854 1126 1912 globo
1143 1863 1305 1898 aeterna
1324 1855 1449 1899 colli—

55 1925 227 1985 gatione
238 1923 524 1980 damnandas,
540 1941 629 1969 non
641 1924 885 1980 voluntate,
903 1925 978 1969 sed
992 1926 1243 1970 necessitate
1255 1926 1450 1972 inimicas

55 1994 209 2040 lumini
239 2005 387 2040 sancto
410 1996 620 2053 extitisse3
649 1995 869 2055 talemque
890 1995 1023 2039 deum
1046 2005 1235 2040 vestrum
1252 1995 1448 2056 judicem

55 2066 343 2121 constituatis,
361 2066 478 2126 apud
492 2081 624 2127 quem
641 2066 749 2110 nihil
766 2066 969 2126 prodesse
986 2067 1154 2126 possitis
1168 2068 1243 2122 eis,
1261 2084 1447 2128 quarum

55 2152 227 2181 causam
242 2136 538 2182 demonstrata
554 2137 808 2181 necessitate
821 2136 1078 2194 defenditis,
1099 2147 1142 2182 et
1160 2138 1288 2182 talem
1304 2154 1446 2197 regem

55 2223 79 2251 a
104 2223 194 2267 quo
226 2206 431 2252 fratribus
460 2208 633 2261 vestris,
659 2207 758 2252 filiis
780 2216 823 2252 et
855 2208 1058 2252 membris
1090 2207 1228 2263 illius,
1256 2225 1448 2270 quorum

52 2277 296 2322 inimicitias
318 2277 522 2322 adversus
543 2293 619 2322 vos
642 2287 685 2321 et
706 2278 867 2337 ipsum,
894 2294 983 2322 non
1004 2277 1248 2335 voluntate,
1274 2280 1350 2324 sed
1367 2295 1448 2324 ne·-

52 2348 247 2393 cessitate
266 2349 456 2394 extitisse
482 2348 720 2408 perhibetis
735 2384 746 2404 ,
771 2363 852 2413 nec
875 2348 1193 2407 indulgentiam
1215 2351 1448 2410 impetrare

53 2419 241 2464 valeatis.
261 2421 298 2463 Ο
314 2420 670 2465 immanissimam
684 2419 988 2465 crudelitatem
1005 2422 1022 2463 ⁶?
1035 2421 1117 2465 nisi
1131 2421 1252 2481 quod
1266 2437 1447 2468 conver-

53 2491 139 2535 titis
157 2506 234 2535 vos
257 2491 312 2535 ad
332 2492 463 2550 ipsius
484 2490 802 2547 defensionem,
829 2501 879 2536 ut
899 2507 1000 2535 eum
1022 2508 1200 2553 quoque
1222 2493 1301 2538 ista
1324 2493 1446 2553 quod

54 2561 304 2606 necessitate
326 2560 456 2606 faciat
477 2562 704 2607 excusetis.
728 2562 770 2607 Si
794 2576 897 2620 ergo
918 2562 1097 2621 possetis
1121 2563 1317 2609 invenire
1337 2563 1446 2610 alte-
