1803 3250
0 305 4 404 ι

394 184 557 219 con-ru
591 190 866 218 SECUNDINUM
903 184 1190 216 MAivxcnAEnM.
1403 174 1482 216 317

97 256 266 302 luntate
286 265 452 316 peccat,
478 256 658 316 quando
680 270 769 299 non
791 253 1018 298 voluntate
1038 252 1271 298 consentit.
1302 250 1386 296 Sed
1409 266 1487 312 ego

97 326 242 373 adhuc
273 344 449 388 quaero,
487 328 605 372 unde
638 327 683 370 in
712 324 785 369 illa
813 324 867 368 sit
889 340 1012 383 posse
1035 325 1178 383 decipi
1200 323 1233 367 si
1256 322 1484 382 decipitur.

92 399 347 458 Antequam
370 397 487 442 enim
506 396 795 455 deciperetur,
841 394 920 437 nisi
945 404 1055 439 esset
1083 395 1130 437 in
1155 409 1204 438 ea
1226 402 1276 437 ut
1299 394 1380 438 hoc
1404 396 1492 453 pati

94 477 256 528 posset,
273 483 502 528 nunquam
517 467 671 527 utique
685 473 922 525 pateretur.
941 466 1208 525 Quanquam
1222 462 1346 509 nullo
1359 464 1492 509 modo

94 538 175 583 nisi
206 537 434 584 voluntate
467 537 709 583 consentit:
735 536 771 580 si
792 544 939 579 autem
962 535 1151 595 cogitur,
1173 534 1327 580 cedere
1349 535 1493 595 potius

93 624 227 669 quam
254 609 499 654 consentire
531 607 719 652 dicenda
750 615 830 651 est.
858 604 944 651 Sed
967 621 1057 666 quo
1085 605 1287 665 quolibet
1316 607 1493 650 nomine

92 679 211 725 istud
235 680 444 740 appelles,
469 695 620 740 quaero
643 678 720 723 abs
738 687 782 723 te
803 687 933 723 acuto
955 686 999 722 et
1020 677 1168 722 solerti
1187 677 1298 732 viro,
1313 686 1356 721 et
1378 693 1402 721 a
1419 686 1493 722 tuo

93 753 295 796 Romano
315 760 366 796 ut
384 751 578 811 gloriaris
595 750 789 809 ingenio,
806 749 924 794 unde
936 749 1096 794 habeat
1115 749 1194 793 ista
1211 748 1318 793 boni
1339 759 1491 793 natura

93 823 184 882 pati
206 837 330 882 posse
352 822 475 883 quod
497 823 677 881 patitur,
712 831 763 866 ut
794 822 1040 867 consentiat
1075 820 1206 866 malo.
1236 821 1357 866 Sicut
1378 822 1491 864 enim

92 893 140 938 in
170 893 291 952 ligno
322 902 558 955 antequam
591 893 818 952 frangatur
859 894 971 938 inest
999 892 1236 952 fragilitas,
1283 907 1384 952 quae
1415 892 1495 936 nisi

92 964 267 1021 inesset,
290 964 430 1025 frangi
445 965 626 1010 omnino
643 981 733 1010 non
747 975 915 1024 posset,
939 981 1019 1010 nec
1041 965 1142 1009 ideo
1157 980 1247 1009 non
1262 973 1326 1008 est
1341 962 1495 1021 fragile

91 1035 280 1095 lignum,
299 1037 333 1081 si
350 1037 498 1081 nullus
514 1036 675 1082 fractor
690 1036 895 1082 accedat:
921 1037 981 1081 sic
997 1052 1150 1097 quaero
1164 1037 1210 1080 in
1227 1036 1306 1080 ista
1318 1044 1491 1090 natura,

93 1107 213 1152 unde
234 1108 289 1152 sit
310 1108 514 1168 quaedam
536 1108 602 1153 vel
627 1108 838 1167 fragilitas
859 1108 929 1153 vel
952 1107 1216 1162 flexibilitas,
1255 1115 1490 1166 antequam

93 1177 150 1223 ad
181 1177 337 1222 malam
370 1179 700 1223 consensionem
735 1178 805 1223 vel
835 1179 879 1223 vi
911 1178 1156 1238 frangatur,
1192 1177 1264 1223 vel
1295 1178 1493 1223 suasione

94 1250 311 1295 flectatur.
335 1252 425 1295 Aut
451 1251 485 1294 si
515 1249 618 1294 mali
641 1249 860 1294 vicinitate
880 1251 971 1310 jam
999 1249 1211 1309 fragilitas
1238 1259 1352 1306 erat,
1383 1251 1494 1295 sicut

93 1320 235 1367 solent
257 1337 440 1382 corpora
462 1321 617 1365 vicinae
638 1320 812 1381 paludis
834 1320 1110 1365 exhalatione
1132 1322 1382 1381 corrumpi:
1403 1322 1490 1382 jam

93 1409 199 1454 ergo
214 1393 510 1454 corruptibilis
527 1402 634 1449 erat,
658 1394 691 1438 si
713 1394 859 1453 potuit
881 1409 977 1438 eam
993 1393 1227 1439 vicinitatis
1248 1393 1365 1438 illius
1383 1408 1492 1437 con-0

92 1465 207 1523 tagio
241 1465 533 1525 pestilentiosa
568 1479 864 1524 corrumpere.
902 1467 1064 1518 Quaero
1100 1464 1236 1524 igitur
1267 1463 1387 1509 unde
1420 1462 1493 1507 illa

91 1536 450 1596 corruptibilitas.
511 1552 520 1559 ¹

152 1610 311 1662 Quaeso
326 1607 504 1654 attende
522 1608 631 1668 quid
650 1607 823 1668 loquar,
850 1616 896 1652 et
910 1607 1018 1653 cede
1034 1608 1276 1668 perspicuae
1291 1607 1462 1653 veritati
1481 1625 1490 1652 ε

91 1694 181 1725 non
203 1682 318 1725 enim
337 1696 487 1742 quaero
510 1680 630 1725 unde
646 1679 894 1740 corruptio,
918 1679 1201 1740 respondebis
1219 1680 1336 1725 enim
1353 1695 1378 1724 a
1391 1695 1490 1725 cor·

91 1759 287 1812 ruptore,
305 1752 598 1812 eumdemque
613 1760 916 1811 corruptorem
931 1751 1078 1796 nescio
1094 1766 1227 1813 quern
1246 1751 1489 1812 principem

91 1823 231 1881 gentis
249 1823 530 1867 tenebrarum
553 1837 644 1867 esse
664 1821 911 1877 contendis,
936 1831 987 1867 ut
1009 1823 1140 1867 etiam
1162 1821 1372 1867 fabulosis
1394 1831 1490 1880 teg-

90 1893 284 1938 minibus
315 1892 564 1939 involutum
602 1892 802 1938 evolvere
840 1907 889 1937 ac
919 1901 1070 1937 tenere
1102 1894 1175 1938 vix
1212 1893 1346 1953 possit
1366 1911 1376 1938 ε
1416 1890 1491 1936 sed

91 1981 243 2026 quaero
255 1965 376 2010 unde
392 1964 735 2025 corruptibilitas
752 1965 882 2009 etiam
900 1973 1137 2025 antequam
1153 1974 1386 2026 corruptor
1416 1978 1490 2007 ac-

91 2036 287 2096 cederet,
312 2053 412 2098 quae
430 2037 510 2081 nisi
527 2046 652 2093 esset,
673 2046 749 2081 aut
771 2035 920 2080 nullus
941 2036 1158 2092 existeret,
1183 2046 1260 2082 aut
1279 2034 1391 2082 nihil
1412 2051 1492 2080 no-

91 2117 209 2154 ceret
221 2109 456 2170 cujuslibet
469 2110 736 2168 corruptoris
750 2108 952 2153 accessio.
966 2110 1080 2153 Cum
1093 2123 1198 2168 ergo
1211 2117 1261 2153 tu
1274 2107 1491 2153 inveneris

92 2178 211 2224 unde
241 2181 286 2224 in
303 2180 419 2225 bona
443 2188 599 2225 natura
615 2180 696 2224 ista
713 2177 1055 2238 corruptibilitas
1069 2214 1080 2234 ,
1112 2188 1347 2240 antequam
1366 2194 1389 2222 a
1409 2192 1490 2221 na-

91 2259 190 2295 tura
209 2251 443 2308 ,contraria
477 2259 808 2311 corrumpatur,
836 2259 912 2294 aut
943 2250 1090 2295 sinon
1123 2251 1187 2294 vis
1219 2266 1315 2294 eam
1349 2249 1492 2292 dicere

91 2324 330 2379 corrumpi,
355 2323 476 2367 unde
497 2333 614 2368 certe
634 2323 715 2367 ista
738 2321 1025 2380 mutabilitas,
1063 2331 1298 2382 antequam
1317 2337 1366 2364 ex
1392 2320 1492 2362 lios—

92 2390 157 2434 tili
181 2389 441 2435 adversitate
463 2397 721 2433 mutaretur.
748 2396 847 2433 Nou
869 2392 986 2431 enim
1008 2408 1098 2434 non
1116 2403 1312 2436 mutatur
1336 2398 1491 2432 natura

94 2461 141 2505 in
161 2461 368 2516 deterius,
388 2476 488 2521 quae
511 2461 561 2504 fit
577 2475 628 2504 ex
649 2461 844 2519 sapiente
864 2457 1013 2514 stulta,
1041 2468 1084 2502 et
1106 2475 1205 2518 quae
1223 2459 1491 2504 obliviscitur

28 2557 31 2559 ·
96 2533 177 2578 sui.
205 2535 270 2577 Tu
299 2532 416 2577 enim
444 2532 522 2577 ista
551 2532 687 2577 verba
716 2528 975 2591 apposuisti,
1008 2530 1185 2576 dicens:
1213 2549 1233 2573 «
1261 2530 1304 2576 Si
1325 2546 1427 2576 cum
1448 2547 1492 2574 se
