1803 3250
651 203 706 232 AD
731 204 1027 233 AUGUszrlNUM.
1446 197 1529 237 435

152 268 262 314 verit
278 267 474 316 Christus
487 301 498 323 ,
517 275 560 312 et
575 268 761 314 affixerit
773 269 892 314 cruci
906 285 984 329 per
995 270 1236 329 passionem
1262 285 1381 315 suam
1398 290 1407 316 :
1426 273 1537 318 sicut

148 339 239 399 ipse
264 337 555 384 Priscillianus
575 339 622 382 in
642 338 831 399 quadam
854 339 1035 399 epistola
1058 355 1135 385 sua
1158 339 1263 385 dicit
1288 360 1297 386 ι
1323 343 1426 387 Haec
1447 343 1536 404 pri-

148 425 220 459 ma
236 409 445 469 sapientia
462 417 548 464 est,
569 409 615 454 in
645 411 888 456 animarum
919 412 1035 470 typis
1056 411 1306 455 divinarum
1322 412 1533 459 virtutum

148 478 391 539 intelligere
404 487 596 535 naturaS,
617 489 662 524 et
676 480 869 540 corporis
887 480 1229 542 dispositionem.
1253 484 1304 526 In
1323 498 1410 542 qua
1428 483 1536 529 obli-

150 559 300 608 gatum
332 549 495 596 coelum
534 549 704 596 videtur
738 560 782 595 et
812 561 949 608 terra,
985 567 1224 612 omnesque
1266 553 1534 614 principatus

148 620 297 671 saeculi
319 620 527 667 videntur
548 621 711 666 astricti
726 631 978 666 sanctorum
995 621 1296 681 dispositiones
1315 639 1531 684 superare.

148 694 258 743 Nam
279 693 469 753 primum
492 692 571 738 Dei
593 692 805 738 circulum
823 702 867 738 et
887 691 1199 737 mittendarum
1222 693 1268 737 in
1289 710 1419 739 carne
1443 697 1537 740 ani-

147 777 318 813 marum
342 761 539 807 divinum
561 763 922 823 chirographum,
941 762 1211 822 Angelorum
1227 772 1269 807 et
1284 765 1359 807 Dei
1374 775 1417 809 et
1439 781 1534 810 om—

147 833 272 883 niurn
306 833 550 882 animarum
580 836 863 880 consensibus
891 832 1153 879 fabricatum
1188 835 1449 880 Patriarchae
1474 845 1539 881 te—

150 912 281 961 nent,
310 905 391 964 qui
413 915 565 950 contra
588 905 783 951 formalis
808 905 971 950 militiae
993 921 1104 966 opus
1125 905 1348 965 possident
1374 925 1383 952 :
1409 916 1452 952 et
1473 922 1541 950 re-

147 974 286 1036 liqua,
330 974 527 1021 Tradidit
562 985 709 1022 autem
749 976 926 1021 nomnia
959 976 1310 1021 Patriarcharum
1348 978 1544 1022 membra

147 1037 239 1093 esSe
262 1046 439 1104 animae,
464 1063 516 1093 eo
534 1048 656 1108 quod
677 1057 787 1093 esset
813 1048 971 1092 Ruben
988 1048 1032 1092 in
1054 1048 1213 1108 capite,
1239 1051 1263 1093 J
1269 1049 1354 1094 uda
1376 1049 1421 1093 in
1440 1064 1542 1109 pec-

148 1126 268 1175 tore,
293 1118 398 1163 Levi
420 1119 467 1162 in
490 1118 649 1176 corde,
675 1119 901 1179 Benjamin
929 1119 975 1163 in
1005 1118 1243 1164 femoribus
1264 1140 1273 1165 :
1307 1129 1351 1165 et
1371 1120 1540 1174 similia.

149 1190 314 1240 Contra
334 1197 481 1234 autem
497 1189 541 1234 in
563 1190 769 1240 membris
788 1190 995 1249 corporiS,
1017 1188 1118 1234 coeli
1139 1189 1258 1249 signa
1280 1205 1370 1235 esse
1393 1191 1542 1252 dispo-

148 1258 246 1313 sita,
264 1258 312 1306 id
323 1267 402 1314 est,
424 1259 615 1309 Arietem
628 1260 673 1303 in
687 1261 827 1319 capite
840 1295 851 1314 ,
871 1262 1064 1304 Taurum
1082 1261 1126 1303 in
1145 1261 1545 1318 cervice,Geminos

147 1330 195 1375 in
216 1329 427 1385 brach-HS,
448 1330 667 1380 Cancrum
689 1330 734 1374 in
756 1339 956 1390 pectore,
981 1339 1064 1374 etc.
1091 1331 1253 1376 Volens
1275 1332 1543 1392 subintelligi

148 1400 351 1450 tenebras
366 1408 553 1451 aeternas
568 1434 579 1455 ,
604 1408 648 1443 et
669 1415 721 1444 ex
743 1400 810 1445 his
832 1400 1074 1460 principem
1098 1402 1251 1444 mundi
1270 1403 1540 1461 processisse.

147 1472 205 1515 Et
226 1471 311 1516 hoc
333 1470 476 1530 ipsum
499 1471 763 1515 confirmans
785 1461 837 1514 ex
853 1470 968 1515 libro
995 1469 1188 1528 quodam
1202 1505 1212 1524 ,
1243 1472 1320 1532 qui
1342 1474 1543 1518 inscribi-

148 1549 221 1586 tur
253 1541 464 1586 Memoria
501 1540 813 1599 Apostolorum
830 1574 841 1596 ,
883 1539 959 1582 ubi
994 1539 1191 1584 Salvator
1224 1542 1483 1602 interrogari
1520 1561 1544 1589 a

149 1612 381 1671 Discipulis
403 1610 578 1656 videtur
600 1619 789 1665 secreto,
813 1620 856 1655 et
869 1609 1116 1666 ostendere,
1141 1612 1244 1673 quia
1266 1613 1321 1658 de
1334 1615 1539 1672 parabola

147 1682 409 1741 Evangelica
431 1697 532 1741 quae
546 1681 682 1726 habet
708 1700 717 1725 ι
742 1700 762 1722 «
788 1681 904 1725 Exiit
926 1682 1142 1726 seminans
1164 1684 1377 1729 seminare
1393 1701 1542 1731 semen

151 1771 172 1796 »
207 1741 359 1808 suum,
387 1769 408 1793 »
429 1767 520 1796 non
541 1750 675 1796 fuerit
696 1752 932 1796 seminator
954 1752 1097 1796 bonus
1122 1771 1131 1797 :
1156 1768 1369 1812 asserens,
1390 1757 1492 1817 quia
1507 1757 1541 1802 si

146 1824 288 1875 bonus
301 1824 480 1879 fuisset,
497 1838 588 1868 non
610 1822 762 1867 fuisset
779 1822 1003 1881 negligens
1018 1857 1029 1877 ,
1056 1838 1145 1868 non
1162 1824 1231 1869 vel
1254 1841 1375 1876 secus
1392 1828 1507 1873 viam
1525 1863 1536 1884 ,

147 1893 218 1942 vel
235 1894 283 1941 in
302 1893 507 1953 petrosis,
534 1892 604 1937 vel
628 1893 674 1936 in
700 1891 877 1936 incultis
904 1893 1068 1954 jaceret
1088 1908 1237 1939 semen
1262 1911 1271 1937 ε
1297 1897 1448 1941 volens
1473 1899 1541 1943 in-

146 1963 286 2023 telligi
308 1965 427 2014 hunc
444 1978 534 2008 esse
551 1963 857 2018 seminantem,
876 1963 953 2023 qui
975 1963 1137 2008 animas
1156 1974 1303 2024 captas
1317 1979 1538 2033 spargeret

147 2036 193 2085 in
207 2050 389 2094 corpora
410 2035 579 2076 diversa
591 2048 692 2092 quae
714 2033 859 2078 vellet.
887 2036 986 2088 Quo
1000 2033 1131 2078 etiam
1147 2035 1193 2078 in
1208 2035 1321 2081 libro
1343 2036 1399 2082 de
1417 2041 1539 2100 prin-

145 2106 243 2169 cipe
263 2103 550 2149 humidorum
578 2111 622 2146 et
650 2102 705 2147 de
725 2102 1043 2162 principeignis
1065 2103 1254 2162 plurima
1273 2108 1387 2154 dicta
1409 2122 1533 2169 sunt,

145 2175 296 2222 volens
317 2173 529 2233 intelligi,
554 2182 645 2218 arte
660 2208 672 2230 ,
697 2189 788 2218 non
812 2173 1009 2233 potentia
1030 2174 1129 2230 Dei,
1155 2177 1301 2222 omnia
1329 2179 1446 2226 bona
1469 2185 1538 2243 agi

145 2246 193 2292 in
208 2247 294 2296 hoc
310 2244 494 2290 mundo.
516 2245 631 2290 Dicit
645 2245 760 2289 enim
779 2259 868 2289 esse
890 2244 1102 2304 virginem
1117 2248 1355 2307 quamdam
1371 2251 1532 2311 lucem,

146 2332 279 2380 quam
313 2319 456 2372 Deus,
491 2315 642 2361 volens
674 2314 778 2359 dare
808 2313 999 2375 pluviam
1034 2316 1288 2363 hominibus
1307 2355 1318 2376 ,
1349 2323 1536 2388 principi

145 2386 432 2438 humidorum
454 2385 656 2430 ostendat
677 2404 685 2430 :
711 2386 788 2445 qui
810 2384 916 2430 dum
940 2401 1033 2430 eam
1051 2389 1379 2447 apprehendere
1395 2397 1532 2456 cupit,

147 2467 393 2505 commotus
409 2455 638 2512 consudet,
657 2465 701 2503 et
710 2455 903 2516 pluviam
921 2455 1072 2514 faciat,
1090 2467 1133 2504 et
1146 2459 1382 2509 destitutus
1396 2465 1452 2512 ab
1460 2482 1507 2518 ea
1520 2505 1531 2525 ,

198 2550 210 2568 ¹
231 2542 345 2583 Matth.
366 2553 435 2585 xm,
454 2541 486 2574 3.

1285 2599 1349 2641 28.
