1803 3250
341 219 424 256 386
766 231 796 253 s.
837 228 1061 254 Αυιὶωίἰω
1101 228 1276 254 eviscovi

335 441 1722 461 &mmmmmmmmsswwwwm

848 635 1076 686 LIBER
1124 636 1203 687 II.

377 860 409 890 lin
428 869 488 895 Quo
506 860 590 892 Novi
608 861 805 891 Tzsuussnri
835 869 923 900 ιοοΛ,
945 870 1011 895 Qum
1040 861 1133 892 mes
1157 870 1194 892 m·
1214 861 1446 893 Pnomnnnuu
1464 864 1677 895 Anvssnsfflus

623 925 720 947 νειυτ
746 925 794 946 ms
819 925 994 947 comnmu
1015 924 1182 957 concurr,
1205 926 1434 949 DISCU'HUNTUR.

389 1350 422 1391 1.
454 1349 544 1391 JAM
570 1362 688 1391 nunc
718 1362 765 1390 ea
797 1345 1071 1391 discutienda
1104 1356 1207 1390 sunt
1226 1382 1237 1402 ,
1274 1362 1374 1407 quae
1407 1348 1487 1390 iste
1523 1346 1578 1391 de
1608 1349 1721 1393 Novi

331 1418 594 1462 Testamenti
622 1417 742 1462 libris
764 1417 992 1476 suffragari
1015 1417 1097 1461 sibi
1120 1418 1355 1461 arbitratur
1378 1417 1582 1462 adversus
1616 1421 1722 1463 Pro·

329 1490 522 1549 phetieas
538 1489 718 1543 litteras,
739 1481 949 1549 tanquam
972 1504 1041 1532 eas
1064 1488 1259 1547 Apostoli
1275 1489 1435 1533 Christi
1452 1505 1528 1533 sua
1546 1500 1723 1533 senten-

327 1562 386 1603 tia
407 1558 808 1603 condemnaverint.
836 1559 966 1612 Quod
989 1574 1089 1616 ergo
1107 1557 1308 1618 profanas
1330 1569 1373 1603 et
1396 1559 1532 1604 aniles
1550 1559 1722 1605 fabulas

330 1640 373 1674 et
395 1631 664 1690 genealogias
678 1629 1117 1689 infinitasappellasse
1140 1625 1397 1690 Apostolum
1421 1632 1633 1676 existimat
1656 1631 1722 1675 di-

329 1702 429 1747 vina
453 1703 625 1762 eloquia
649 1702 772 1760 Legis
795 1711 838 1745 et
863 1702 1182 1760 Prophetarum
1199 1737 1210 1757 ‚
1235 1702 1339 1762 quia
1361 1702 1468 1747 dixit
1490 1722 1499 1748 z
1529 1722 1549 1744 «
1569 1702 1722 1747 Profa-

335 1792 354 1814 »
380 1790 456 1818 nas
469 1783 512 1818 et
524 1773 657 1818 aniles
672 1772 843 1817 fabulas
856 1771 1000 1817 devita
1014 1775 1044 1817 ¹:
1064 1791 1082 1813 »
1099 1775 1156 1817 Et
1171 1772 1255 1818 alio
1273 1773 1369 1818 loco
1388 1794 1396 1819 :
1419 1776 1507 1820 «Ne
1525 1772 1722 1818 intendas

335 1863 354 1886 »
382 1845 538 1890 sabulis
561 1845 755 1890 Juda'i'cis
777 1854 820 1888 et
842 1843 1099 1902 genealogiis
1120 1846 1317 1900 infinitis,
1343 1862 1441 1906 quae
1460 1846 1723 1906 quaestiones

337 1936 356 1959 υ
378 1928 586 1978 praestant
601 1918 751 1977 magis,
772 1931 904 1977 quam
921 1916 1253 1960 aedificationem
1269 1921 1301 1958 ²:
1320 1939 1335 1959 »
1352 1919 1449 1978 quis
1464 1919 1521 1963 ita
1540 1919 1619 1962 nisi
1633 1920 1724 1963 hae-

333 1993 490 2034 retieus
521 1989 711 2033 multum
740 2003 880 2033 caecus
913 1998 1074 2032 erraret
1099 1990 1116 2032 P
1144 2004 1223 2033 eur
1245 1989 1361 2033 enim
1384 1990 1467 2033 hoc
1489 1990 1724 2050 Apostolus

333 2061 423 2121 ipse
438 2077 526 2106 non
544 2060 664 2116 fecit,
689 2061 722 2105 si
740 2061 817 2104 has
838 2075 927 2103 esse
945 2059 1077 2103 aniles
1097 2058 1267 2104 fabulas
1281 2061 1529 2121 judicavit?
1550 2064 1640 2107 Cur
1657 2061 1725 2106 di-

334 2133 393 2178 cit
414 2134 467 2177 ad
486 2134 684 2178 Galatas:
714 2152 733 2175 «
746 2132 883 2176 Dicite
904 2131 1011 2175 mihi
1032 2132 1113 2176 sub
1136 2132 1231 2192 lege
1248 2133 1442 2178 volentes
1461 2149 1564 2188 esse,
1581 2133 1721 2193 legem

338 2222 357 2244 n
385 2220 474 2248 non
490 2204 682 2264 legistis?
707 2203 923 2263 Scriptum
944 2212 1007 2246 est
1033 2203 1148 2246 enim
1165 2238 1175 2258 ,
1208 2204 1328 2263 quod
1361 2205 1583 2249 Abraham
1612 2204 1723 2249 duos

339 2293 358 2315 »
383 2275 494 2320 filios
515 2277 687 2331 habuit,
713 2290 852 2319 unum
874 2274 929 2317 de
951 2272 1122 2329 ancilla,
1149 2283 1191 2318 et
1210 2290 1346 2318 unum
1364 2275 1569 2319 delibera
1588 2294 1596 2320 :
1623 2291 1723 2335 quae

340 2365 359 2387 n
385 2348 545 2392 suntin
560 2347 765 2407 allegoria
784 2367 795 2405 3
816 2346 910 2390 haec
925 2345 1041 2389 enim
1054 2355 1154 2390 sunt
1177 2346 1266 2391 duo
1289 2349 1605 2391 Testamentass.
1627 2367 1644 2388 ι)
1668 2349 1724 2391 Et

336 2417 390 2462 ad
408 2420 656 2465 Corinthios
677 2438 687 2465 :
714 2438 735 2462 «
754 2417 867 2465 Nolo
884 2416 1001 2461 enim
1022 2432 1098 2462 vos
1120 2417 1335 2476 ignorare,
1359 2419 1530 2472 fratres,
1552 2418 1629 2478 qui
1646 2434 1723 2478 pa-

389 2529 554 2562 =1Tim.
577 2539 621 2570 iv,
645 2524 1228 2571 7.—²1d.i‚4.—3Gal.1v‚
1263 2536 1317 2559 21.
1339 2530 1373 2560 et
1400 2529 1584 2575 qen-uu
1607 2526 1667 2566 15,
1690 2529 1749 2559 et·

334 2597 398 2624 ui,
424 2594 454 2618 2.
