1803 3250
405 213 565 243 CONTRA
599 213 813 250 FAus‘rtJM,
849 216 930 241 Lus.
968 213 1077 241 xxn.
1378 205 1432 241 35

50 278 357 325 conscientiam
391 279 540 338 culpat
562 278 704 322 uxoris
724 312 734 330 ,
772 276 833 320 ibi
860 277 974 322 malo
1005 277 1183 337 quidem
1223 279 1369 322 animo
1391 288 1435 322 et

50 349 292 394 intentione
328 347 604 409 vituperandi
624 383 634 404 ,
673 346 749 392 sed
784 357 929 392 tamen
970 350 1164 394 nesciens
1203 359 1246 393 et
1286 350 1440 394 nolens

53 430 290 482 utrumque
312 419 547 466 collaudat.
572 422 724 480 Neque
754 419 872 464 enim
893 420 1203 465 conscientiam
1223 436 1344 466 suam
1366 421 1442 466 ssa-

52 492 161 551 gitio
182 491 378 553 conjugis
400 492 599 546 miscuit,
638 506 726 550 quo
753 490 827 535 ille
850 505 971 535 suam
993 490 1220 535 libidinem
1249 493 1365 551 turpi
1398 501 1443 537 et

50 562 200 608 illicita
227 561 454 622 voluptate
485 562 659 607 satiaret
684 580 692 607 :
717 562 794 606 sed
821 562 950 606 etiam
983 560 1055 606 illa
1079 562 1268 607 naturali
1289 564 1440 607 ordine

51 632 162 679 filios
176 633 341 689 volens,
358 648 490 694 seque
508 632 695 677 sterilem
718 634 872 689 sciens,
899 632 1112 677 ancillaris
1134 633 1248 678 uteri
1266 631 1439 679 foecun—

50 703 232 749 ditatem
253 705 300 749 in
321 720 449 750 usum
465 704 575 765 juris
596 704 662 748 sui
688 713 899 764 potestate
916 704 1033 750 licita
1055 704 1295 751 vindicavit
1313 726 1325 764 3
1351 721 1441 751 non

50 774 208 820 cedens
220 775 314 821 viro
326 776 664 836 concupiscenti,
680 775 756 820 sed
763 776 925 837 jubens
936 776 1176 821 obedienti.
1188 779 1341 838 Neque
1356 777 1441 823 hoc

49 846 298 892 inordinata
320 847 523 908 superbia
545 866 553 892 ε
580 848 675 909 quis
692 848 807 892 enim
821 848 961 893 nescit
976 864 1155 894 uxorem
1174 848 1330 895 marito
1344 859 1443 894 tan-

51 933 186 979 quam
206 917 386 964 domino
407 919 567 963 debere
587 919 780 963 servire?
804 918 888 964 Sed
910 919 1032 979 quod
1049 919 1104 964 ad
1127 920 1324 965 membra
1342 936 1443 965 cor-

50 989 167 1049 poris
188 991 366 1045 attinet,
391 990 553 1051 quibus
581 1005 704 1035 sexus
737 991 828 1049 ipse
857 989 1167 1050 distinguitur,
1210 991 1444 1052 Apostolus

50 1059 157 1105 dicit
174 1079 183 1105 :
207 1078 228 1103 «
248 1060 452 1105 Similiter
471 1070 515 1104 et
535 1061 601 1105 vir
616 1062 680 1104 sui
695 1061 888 1119 corporis
905 1070 1168 1120 potestatem
1182 1077 1270 1106 non
1291 1063 1441 1118 habet,

57 1151 75 1173 »
100 1129 177 1176 sed
197 1129 379 1175 mulier1
397 1149 407 1176 ε
433 1151 451 1173 »
478 1139 528 1175 ut
549 1146 649 1175 cum
671 1131 717 1175 in
738 1131 905 1175 caeteris
927 1131 1097 1176 actibus
1125 1131 1181 1175 ad
1205 1132 1445 1177 humanam

52 1216 205 1262 pacem
223 1201 560 1262 pertinentibus,
585 1200 743 1245 mulier
763 1201 857 1246 viro
879 1200 1040 1247 debeat
1062 1202 1334 1258 servitutem,
1360 1205 1448 1248 hu-

49 1273 119 1333 jus
136 1273 266 1317 unius
286 1272 376 1328 rei,
403 1288 488 1333 qua
516 1287 643 1317 sexus
670 1272 895 1333 utriusque
916 1273 1080 1317 carnali
1101 1282 1216 1319 sorte
1238 1275 1448 1319 discerni-

54 1355 140 1401 tur,
165 1354 210 1390 et
235 1343 397 1390 carnali
433 1345 738 1389 commixtione
775 1345 1080 1402 concernitur,
1117 1345 1303 1390 similem
1332 1344 1378 1391 in
1405 1362 1450 1391 se

53 1417 246 1462 habeant
267 1425 525 1477 potestatem
541 1452 551 1472 ,
587 1417 652 1461 vir
686 1416 732 1460 in
768 1432 948 1461 uxorem
964 1452 975 1473 ,
1012 1426 1056 1462 et
1082 1433 1191 1463 uxor
1212 1418 1258 1462 in
1285 1419 1448 1463 virum.

55 1487 228 1533 Prolem
247 1489 400 1547 igitur,
436 1503 569 1548 quam
599 1487 654 1532 de
682 1503 726 1532 se
746 1488 910 1533 habere
935 1490 1038 1534 Sara
1060 1505 1151 1534 non
1173 1498 1368 1550 poterat,
1393 1491 1449 1535 de

56 1559 213 1605 ancilla
231 1559 392 1604 habere
413 1559 553 1605 voluit
575 1578 583 1604 ε
609 1575 659 1603 ex
682 1574 733 1603 eo
754 1567 901 1604 tamen
923 1560 1108 1616 semine,
1133 1576 1184 1606 ex
1205 1577 1295 1621 quo
1324 1571 1368 1606 et
1395 1559 1451 1605 de

58 1646 118 1686 se,
142 1631 176 1676 si
191 1639 335 1691 posset
350 1665 361 1685 ,
386 1631 547 1675 habere
568 1630 774 1677 debebat,
798 1632 1036 1692 Nunquam
1056 1632 1141 1677 hoc
1168 1631 1331 1677 faceret
1351 1647 1451 1677 mu—

57 1702 152 1759 lier,
176 1703 210 1747 si
232 1703 278 1747 in
300 1717 481 1762 corpore
512 1702 593 1745 viri
620 1702 782 1746 carnali
814 1702 1168 1761 concupiscentia
1196 1712 1449 1762 teneretur,

58 1773 216 1818 zelaret
232 1773 348 1819 enim
366 1772 512 1832 potius
538 1771 735 1831 pellicem
749 1807 760 1828 ,
785 1787 876 1817 non
896 1773 1059 1817 faceret
1082 1783 1267 1819 matrem
1296 1793 1305 1820 ε
1331 1790 1451 1820 nunc

59 1860 160 1890 vero
182 1853 412 1906 propterea
433 1844 493 1888 sic
513 1843 783 1904 propagandi
798 1843 1000 1889 voluntas
1018 1844 1089 1904 pia
1106 1843 1209 1901 fuit,
1226 1845 1329 1906 quia
1345 1861 1453 1891 con-

59 1916 298 1962 cumbendi
318 1915 521 1962 voluntas
542 1913 773 1960 libidinosa
794 1930 885 1961 non
906 1913 1005 1960 fuit.

117 1989 307 2034 XXXII.
346 1985 464 2032 Illud
491 2001 594 2030 sane
621 1985 800 2031 defendi
829 2001 919 2032 non
957 1995 1130 2047 potest,
1154 1987 1188 2032 si
1211 1987 1449 2044 Abraham,

59 2060 171 2105 sicut
203 2062 390 2104 Faustus
423 2058 615 2118 objecit,
660 2057 840 2103 minime
875 2057 1058 2103 credens
1096 2060 1215 2114 Deo,
1250 2059 1334 2120 ³qui
1368 2060 1451 2104 sibi

55 2132 148 2193 jam
170 2130 339 2192 prolem
359 2130 414 2175 de
438 2132 539 2176 Sara
561 2131 831 2190 promiserat,
856 2129 913 2175 de
930 2134 1046 2190 Agar
1062 2131 1278 2191 suscipere
1291 2130 1447 2177 voluit.

62 2202 149 2249 Sed
162 2203 426 2264 apertissime
443 2200 602 2247 falsum
619 2211 684 2247 est
704 2221 713 2247 ε
733 2201 935 2247 nondum
947 2203 1032 2247 hoc
1047 2202 1304 2262 promiserat
1317 2206 1448 2248 Deus.

60 2277 332 2320 Recenseant
361 2273 594 2333 Scripturae
618 2272 732 2317 illius
755 2274 992 2333 superiora,
1017 2273 1095 2334 qui
1117 2272 1300 2333 volunt,
1332 2274 1451 2320 inve-

60 2344 184 2391 nient
215 2345 367 2390 semini
401 2344 620 2389 Abraham
647 2345 739 2404 jam
775 2343 906 2389 fuisse
939 2345 1192 2405 promissam
1223 2355 1380 2390 terram
1405 2354 1449 2390 et

61 2415 393 2462 innumerabilis
405 2414 696 2461 multitudinis
711 2416 1068 2471 abundantiam2,
1086 2416 1286 2461 nondum
1304 2426 1451 2461 tamen

63 2486 195 2532 fuisse
229 2485 495 2548 patefactum
531 2485 753 2546 quomodo
788 2486 904 2531 illius
942 2486 1116 2531 seminis
1162 2496 1272 2532 esset
1305 2486 1451 2532 futura

116 2580 125 2598 ¹
150 2576 224 2609 Cor.
242 2583 306 2617 vn,
325 2571 359 2617 4.
372 2589 414 2597 -
429 2579 443 2598 ²
464 2574 545 2608 Gen.
565 2583 621 2615 xu,
641 2572 673 2605 3.

1228 2628 1265 2667 3.
