1803 3250
290 222 342 247 DE
376 221 487 247 Ac'rls
518 222 606 247 CUM
640 218 787 245 FELICE
820 216 1061 247 MArssCHAEQ
1099 219 1179 244 LIB-
1218 219 1264 244 11.
1387 207 1469 245 243

93 284 204 328 nisse
227 285 313 329 huc
337 300 490 344 puram
524 284 578 328 ad
617 291 789 342 gentem
816 283 1094 327 tenebrarum
1137 283 1312 342 ligatam
1342 292 1472 344 atque

95 353 304 414 pollutam
321 390 332 410 ‚
364 364 413 399 ut
435 354 626 412 indigeat
644 352 751 398 solvi
769 367 818 396 ac
835 353 1051 396 mundari.

150 427 315 470 XVIII.
343 429 447 470 FEL.
473 425 580 469 dixit
602 444 610 469 ;
635 425 765 468 «Hoc
790 431 839 467 tu
865 422 1009 467 dixisti
1033 422 1088 467 de
1111 425 1277 481 anima,
1298 427 1400 486 quia
1421 441 1474 470 ex

96 498 187 540 Deo
206 512 294 541 non
312 505 425 541 est.»

152 569 264 612 Aue.
291 567 398 612 dixit
424 585 433 611 :
459 568 556 610 Non
589 563 707 622 dixi3
739 562 813 607 sed
837 561 924 606 dixi
946 562 1047 623 quia
1071 578 1121 607 ex
1140 567 1230 610 Deo
1257 575 1341 621 est,
1377 577 1476 613 tan-

93 652 224 695 quam
247 653 270 680 a
297 639 384 681 Deo
406 634 535 683 facta,
556 649 644 679 non
667 643 876 693 tanquam
899 649 922 677 a
945 635 1034 678 Deo
1051 643 1168 678 nata.

154 711 257 752 Fu.
284 707 393 753 dixit
414 727 422 752 ;
452 727 470 749 «
492 706 637 751 Dixisti
650 705 705 749 de
721 705 880 759 anima,
899 705 999 764 quia
1018 721 1107 749 non
1129 713 1193 749 est
1211 721 1262 750 ex
1276 709 1382 763 Deo,
1401 710 1477 754 sed

93 778 260 822 factura
288 779 382 834 Dei,
408 779 509 838 quia
531 778 622 822 sine
649 779 739 821 Deo
768 774 878 819 nihil
905 784 968 819 est
995 794 1004 820 ;
1031 776 1113 820 hoc
1135 776 1251 820 enim
1273 777 1380 823 dicis
1408 788 1474 835 tu,

93 859 137 894 et
157 866 246 894 non
267 851 329 895 vis
351 865 593 895 asseverare
614 849 717 909 quia
736 864 787 892 ex
808 850 899 892 Deo
916 857 980 892 est
997 848 1153 892 anima.
1175 866 1195 891 »

152 924 265 966 Aue..
290 920 397 966 dixit
422 941 430 966 ;
459 925 495 966 Α
514 924 603 965 Deo
625 929 704 975 est,
730 918 806 963 sed
824 918 939 964 facta
961 928 1024 964 est
1045 936 1068 964 a
1091 923 1197 965 Deo.

153 995 258 1037 FEL.
284 992 390 1038 dixit
410 1012 419 1038 z
449 1012 467 1035 «
490 996 577 1037 Aut
594 991 724 1046 facta,
746 1001 820 1036 aut
839 992 981 1046 missa,
1004 1000 1079 1036 aut
1101 992 1202 1035 data
1220 1007 1271 1035 cx
1295 995 1380 1037 Deo
1397 1003 1475 1038 est.

95 1066 212 1122 Ergo
232 1065 268 1108 si
289 1080 339 1108 ex
364 1068 450 1108 Deo
473 1074 557 1118 est,
584 1073 627 1108 et
649 1062 815 1123 polluta
838 1072 924 1116 est,
950 1072 993 1107 et
1015 1063 1133 1106 venit
1162 1064 1358 1115 Christus
1385 1080 1480 1110 eam

94 1134 279 1179 liberare
301 1134 355 1178 de
373 1133 632 1194 pollutione,
655 1134 763 1193 quid
785 1132 934 1192 culpas
950 1134 1241 1178 Manichaeum
1258 1136 1276 1178 Ρ

155 1197 264 1250 Aue}
293 1205 400 1250 dixit
425 1224 434 1249 ε
459 1205 570 1258 Quia
593 1220 673 1263 ego
700 1204 799 1248 dico
822 1204 1010 1248 animam
1033 1220 1121 1249 non
1144 1215 1348 1250 naturam
1374 1207 1479 1262 Dei,

95 1276 170 1322 sed
189 1276 346 1322 iactam
368 1292 391 1321 a
414 1279 522 1332 Deo,
545 1291 625 1344 per
641 1275 827 1319 liberum
850 1275 1077 1319 arbitrium
1097 1291 1309 1334 peccasse,
1327 1287 1370 1321 et
1384 1293 1482 1337 pec-

96 1357 194 1392 cato
214 1363 303 1391 esse
320 1346 550 1407 pollutam,
574 1355 617 1390 et
641 1361 718 1405 per
740 1345 816 1390 Dei
834 1344 1174 1390 misericordiam
1194 1347 1239 1390 in
1261 1347 1484 1406 poeniten-

97 1419 154 1463 tia
175 1418 400 1462 liberatam
423 1437 433 1463 2
459 1426 507 1462 tu
531 1426 677 1461 autem
705 1417 843 1475 ipsam
872 1425 1071 1460 naturam
1101 1417 1205 1472 Dei,
1229 1417 1350 1477 quod
1374 1421 1485 1462 Deus

96 1499 185 1546 est,
212 1493 349 1534 Deum
372 1489 427 1534 de
452 1492 539 1534 Deo
561 1488 667 1533 dicis
690 1488 733 1531 in
757 1496 884 1546 gente
904 1489 1182 1532 tenebrarum
1211 1498 1389 1548 captum
1416 1498 1485 1534 at-

96 1576 183 1621 que
205 1559 424 1620 pollutum
453 1578 462 1604 :
489 1568 532 1604 et
563 1557 753 1603 multum
789 1558 963 1602 interest
997 1558 1110 1603 inter
1131 1558 1177 1603 id
1198 1559 1318 1620 quod
1354 1559 1409 1604 de
1442 1575 1486 1605 se

98 1635 212 1677 Deus
235 1632 414 1691 genuit,
438 1640 482 1675 et
503 1629 623 1690 quod
644 1629 748 1675 fecit
770 1645 860 1674 non
882 1628 937 1674 de
964 1645 1009 1674 se
1024 1664 1035 1685 ‚
1066 1629 1139 1674 sed
1163 1646 1216 1675 ex
1242 1630 1407 1686 nihilo,
1441 1632 1487 1677 id

97 1712 161 1748 est
177 1737 187 1757 ‚
213 1718 315 1748 cum
335 1701 514 1746 omnino
532 1717 620 1746 non
636 1709 767 1755 esset,
789 1715 812 1744 a
831 1703 921 1745 Deo
943 1700 1109 1760 accepit
1129 1710 1180 1747 ut
1196 1711 1322 1757 esset,
1341 1703 1387 1747 id
1404 1711 1482 1759 est,

98 1784 148 1819 ut
164 1774 484 1818 institueretur.

156 1847 262 1889 Fu.
283 1843 416 1888 dixit:
447 1844 602 1900 «Ergo
625 1855 722 1900 pars
744 1841 822 1884 Dei
845 1850 923 1885 est.
946 1858 966 1882 »

155 1918 269 1960 Aue.
299 1913 408 1958 dixit
435 1932 443 1958 :
468 1915 566 1957 Jam
590 1910 672 1956 tibi
694 1910 861 1954 dictum
885 1919 965 1966 est,
990 1925 1079 1955 non
1101 1919 1165 1956 est
1190 1926 1288 1970 pars
1310 1913 1387 1956 Dei
1413 1931 1422 1957 z
1443 1922 1486 1957 et

95 1985 240 2044 accipe
258 1983 482 2045 quomodo
500 1980 716 2040 intelligas
734 1984 872 2025 Deum
889 1981 1237 2040 omnipotentem
1252 1981 1479 2028 factorem.

98 2056 253 2100 Omnia
275 2070 374 2115 quae
397 2054 525 2108 fiunt,
545 2061 588 2096 et
609 2052 730 2112 quod
753 2051 938 2112 quisque
954 2050 1074 2116 facit,
1093 2061 1169 2097 aut
1184 2052 1238 2096 de
1252 2069 1297 2097 se
1311 2062 1390 2108 est⁷
1409 2063 1484 2099 aut

100 2142 151 2172 ex
169 2126 330 2186 aliquo,
355 2133 431 2168 aut
452 2139 504 2168 ex
526 2121 678 2167 nihilo.
701 2124 843 2166 Homo
866 2122 967 2181 quia
986 2137 1076 2166 non
1095 2131 1158 2166 est
1179 2123 1454 2183 omnipotens
1469 2159 1480 2180 ‚

99 2199 154 2242 de
171 2212 214 2241 se
237 2196 376 2240 filium
393 2194 497 2239 facit
517 2213 526 2239 ;
550 2209 600 2238 ex
622 2192 769 2253 aliquo
785 2227 796 2249 ,
820 2193 933 2237 sicut
949 2192 1104 2237 artifex
1117 2209 1168 2237 ex
1182 2193 1302 2253 ligno
1319 2210 1480 2252 arcam,

100 2284 150 2313 ex
171 2276 350 2326 argento
371 2265 613 2312 vasculum.
637 2265 783 2309 Potuit
812 2263 929 2308 enim
961 2264 1103 2308 facere
1132 2264 1374 2322 vasculum,
1406 2267 1483 2312 sed

98 2355 188 2385 non
207 2339 353 2400 potuit
373 2338 515 2384 facere
529 2345 757 2397 argentum
777 2355 785 2381 :
811 2336 955 2395 potuit
973 2336 1115 2380 facere
1128 2351 1288 2393 arcam,
1305 2337 1481 2384 sednon

98 2412 243 2473 potuit
263 2409 403 2456 facere
420 2408 604 2468 lignum.
623 2411 686 2452 Ex
703 2406 841 2452 nihilo
859 2416 1021 2463 autem,
1039 2422 1091 2451 ex
1104 2422 1156 2452 eo
1170 2409 1291 2468 quod
1308 2423 1483 2468 prorsus

99 2497 189 2527 non
211 2491 273 2526 est
294 2481 436 2542 facere
455 2489 506 2525 ut
519 2479 573 2524 sit
586 2513 597 2535 ‚
623 2477 771 2523 nullus
784 2478 1014 2523 hominum
1029 2486 1186 2537 potest.
1208 2481 1322 2524 Deus
1335 2489 1481 2525 autem

101 2553 203 2614 quia
225 2551 498 2613 omnipotens
520 2559 600 2607 est,
622 2558 666 2595 et
686 2548 742 2594 de
763 2564 807 2594 se
825 2548 986 2594 Filium
1009 2549 1187 2608 genuit,
1206 2558 1250 2594 et
1270 2565 1322 2594 ex
1343 2551 1482 2596 nihilo

1233 2620 1294 2660 16.
