1803 3250
449 206 610 237 CONTRA
645 206 858 245 FAUSTUM,
895 210 977 236 Lm.
1014 211 1123 237 xxir.
1403 203 1472 237 101

98 277 188 336 ejus
215 277 307 336 jam
336 274 609 320 morticinam
643 274 918 332 praesentiam
948 275 991 318 in
1014 276 1073 318 eis
1101 275 1254 329 latere,
1288 277 1361 334 qui
1396 293 1479 320 non

98 348 264 391 habent
297 346 449 391 stabile
478 344 833 390 fundamentum.
861 344 987 388 Unde
1011 346 1250 390 Ecclesiam
1275 349 1483 392 Dominus

97 432 226 476 super
248 427 416 477 petram
432 416 648 472 aedificat,
672 424 716 459 et
737 430 808 459 eos
830 415 909 474 qui
932 414 1117 459 audiunt
1134 417 1316 461 verbum
1339 420 1428 477 ejus
1444 428 1486 463 et

97 489 309 543 faciunt1‚
340 495 565 547 comparat
592 486 798 545 prudenti
830 486 940 540 viro,
979 486 1056 545 qui
1084 486 1271 531 aedificat
1306 488 1485 533 domum

95 574 217 603 suam
229 573 360 618 super
373 567 557 618 petram,
574 573 630 601 ne
644 557 959 602 tentationibus
974 555 1099 601 cedat
1115 566 1157 601 et
1172 568 1347 603 corruat
1365 579 1373 603 2
1394 560 1489 604 illos

97 639 244 674 autem
263 630 339 689 qui
362 629 566 683 audiunt,
583 637 626 672 et
644 644 734 673 non
751 626 934 683 faciunt,
953 637 1178 687 comparat
1192 628 1342 683 stulto,
1360 630 1493 675 aedifi-

97 701 213 745 canti
225 716 356 760 super
370 715 562 755 arenam,
582 700 706 759 cujus
727 708 893 744 tentata
916 699 1089 754 domus,
1111 700 1237 744 ruina
1256 701 1303 744 fit
1317 715 1490 759 magna.

156 772 275 816 XCI.
312 770 502 824 Quando
524 785 628 815 vero
655 770 886 830 expoliavit
917 770 1148 830 AEgyptios
1171 772 1294 831 jussu
1323 772 1497 815 Domini

98 842 178 887 Dei
198 842 282 898 sui,
306 841 416 887 nihil
441 842 521 886 nisi
544 841 985 902 justissimejubentis
999 845 1032 897 2,
1059 841 1166 902 quid
1187 843 1497 902 praefigurave-

96 912 169 968 rit,
188 913 276 973 jam
302 913 347 958 in
369 912 637 973 quibusdam
663 912 799 966 libris,
825 927 935 971 quos
957 911 1012 955 de
1035 912 1240 958 Doctrina
1260 913 1488 958 christiana

98 984 380 1042 praenotavi³,
408 992 626 1043 quantum
657 982 765 1026 mihi
795 991 901 1026 tunc
925 984 1132 1037 occurrit,
1157 998 1226 1027 me
1248 982 1394 1029 recolo
1416 1001 1498 1044 po-

97 1054 231 1098 suisse
248 1073 257 1098 :
283 1054 405 1113 quod
425 1068 532 1096 auro
550 1061 593 1095 et
611 1061 793 1110 argento
812 1061 854 1096 et
876 1062 994 1096 veste
1012 1055 1324 1113 AEgyptiorum
1340 1056 1499 1113 signifi-

99 1133 207 1168 catae
240 1123 327 1166 sint
355 1120 560 1183 quaedam
595 1121 830 1177 doctrinae,
870 1138 970 1182 quae
993 1123 1040 1166 in
1068 1124 1158 1183 ipsa
1180 1124 1500 1170 consuetudine

98 1195 295 1253 gentium
319 1209 410 1238 non
432 1191 579 1237 inutili
600 1191 746 1237 studio
769 1192 1010 1238 discantur.
1040 1195 1126 1239 Sed
1148 1196 1235 1239 sive
1258 1197 1342 1241 hoe
1364 1198 1500 1256 signi-

44 1324 51 1327 Α
99 1266 217 1319 ficet,
255 1264 344 1308 sive
372 1262 486 1307 illud
514 1263 637 1323 quod
665 1278 717 1307 ex
745 1263 846 1322 ipsis
877 1264 1082 1322 gentibus
1116 1267 1272 1309 animae
1300 1269 1501 1326 pretiosae

98 1345 310 1396 tanquam
332 1350 431 1379 vasa
459 1349 589 1378 aurea
619 1343 662 1378 et
685 1342 908 1393 argentea,
935 1350 1035 1379 eum
1060 1336 1146 1380 suis
1168 1337 1322 1396 utique
1344 1354 1500 1398 corpo-

99 1407 236 1461 ribus,
267 1405 388 1466 quod
413 1414 550 1451 vestes
572 1405 836 1463 significant,
863 1403 1114 1464 adjungunt
1142 1422 1186 1450 se
1210 1408 1374 1467 populo
1401 1410 1496 1465 Dei,

101 1487 152 1521 ut
175 1476 305 1521 simul
327 1476 382 1521 de
405 1477 488 1520 hoc
509 1474 671 1520 saeculo
694 1485 905 1535 tanquam
930 1477 985 1520 de
1006 1480 1201 1537 AEgypto
1232 1478 1498 1539 liberentur,

98 1548 187 1592 sive
223 1548 307 1591 hoc
340 1560 458 1604 ergo,
497 1546 586 1591 sive
619 1545 748 1601 illud,
787 1547 874 1591 sive
907 1547 1216 1607 aliquid,aliud
1246 1550 1348 1595 hinc
1370 1549 1502 1596 fuerit

98 1619 352 1676 figuratum,
369 1626 538 1660 certum
556 1625 619 1659 est
636 1625 785 1660 tamen
801 1617 860 1660 eis
877 1617 953 1676 qui
970 1618 1047 1661 has
1062 1617 1225 1663 litteras
1241 1620 1310 1679 pie
1325 1620 1495 1680 legunt,

99 1704 190 1732 non
207 1687 369 1731 frustra
391 1701 535 1746 neque
556 1687 648 1730 sine
666 1688 1035 1746 praenuntiatione
1052 1687 1304 1734 futurorum
1320 1706 1410 1736 esse
1424 1690 1498 1737 illa

94 1762 227 1821 jussa,
247 1760 379 1815 facta,
399 1760 662 1818 conscripta.

160 1833 303 1877 XCII.
339 1832 364 1874 J
368 1845 437 1875 arn
456 1845 587 1889 porro
605 1829 660 1874 de
675 1829 819 1885 bellis,
840 1846 939 1891 quae
956 1846 1033 1890 per
1047 1834 1231 1890 Moysen
1248 1841 1365 1891 gesta
1379 1842 1497 1889 sunt,

101 1903 231 1947 nimis
249 1901 433 1960 longum
455 1910 520 1945 est
542 1900 691 1946 omnia
712 1903 1017 1960 pertractare4.
1043 1902 1152 1947 Satis
1167 1918 1271 1962 ergo
1291 1904 1361 1959 sit,
1379 1904 1498 1964 quod

101 1972 156 2017 de
186 1972 262 2017 illo
285 1972 402 2017 bello
426 1982 547 2032 gesto
570 1987 673 2017 cum
695 1973 949 2029 Amalech⁵,
982 1974 1072 2034 jam
1103 1975 1300 2034 superius
1337 1976 1381 2019 in
1414 1975 1498 2020 hoe

103 2046 196 2103 ipso
230 2059 386 2103 opere,
422 2059 512 2104 quo
545 2047 708 2088 Fausto
739 2043 999 2104 respondeo,
1035 2055 1251 2106 quantum
1285 2047 1383 2090 satis
1416 2063 1496 2105 pro

102 2123 305 2175 suscepto
327 2115 506 2173 negotio
529 2113 778 2170 videbatur,
805 2115 912 2175 quid
933 2117 1175 2175 prophetiae
1192 2117 1495 2175 praemitteret,

103 2187 213 2247 quid
235 2187 431 2243 mysterii
453 2186 718 2241 contineret,
744 2187 936 2246 exposui.
963 2190 1090 2232 Nunc
1115 2187 1228 2232 illud
1247 2187 1496 2244 videamus,

104 2259 149 2302 in
165 2272 254 2317 quo
272 2255 539 2300 crudelitatis
554 2257 707 2301 vitium
725 2258 866 2302 solent
879 2259 1066 2318 objicere
1078 2260 1236 2316 Moysi,
1253 2258 1322 2303 vel
1334 2259 1495 2304 inimici

106 2319 549 2382 harumLitterarum,
571 2327 641 2370 vel
658 2337 852 2387 expertes
870 2330 1066 2373 omnium
1085 2328 1327 2374 litterarum
1348 2349 1356 2375 :
1378 2331 1498 2389 quod

106 2398 287 2459 quidem
309 2401 495 2442 Faustus
517 2412 607 2441 non
629 2412 825 2457 expresse
850 2400 1017 2458 posuit,
1052 2414 1154 2444 cum
1187 2399 1352 2445 diceret
1380 2401 1499 2460 quod

159 2508 169 2525 ¹
187 2502 302 2534 Matth.
323 2513 384 2543 vn,
403 2500 457 2542 24.
472 2506 531 2524 —2
547 2501 647 2533 Exod.
668 2511 717 2538 ιιι,
733 2510 789 2540 22,
807 2513 847 2538 xi,
867 2512 886 2536 2
904 2507 937 2535 et
954 2514 1007 2541 xii„
1030 2503 1081 2535 35.
1094 2520 1135 2527 -
1149 2502 1425 2545 31n1ib.11.,‹121·.
1449 2503 1482 2541 50

112 2558 126 2589 2¹0
147 2559 243 2591 Exod.
265 2560 376 2597 xva.
392 2576 433 2581 --
449 2557 463 2580 ⁵
483 2559 574 2590 Num.
600 2568 709 2598 xxxin,
730 2559 781 2590 ῗιι.
