1803 3250
303 178 386 219 294
738 187 771 217 s.
808 189 1042 217 Auensruu
1075 190 1256 218 nasoon

302 271 390 301 non
413 268 586 314 possum
605 288 616 309 ‚
642 268 724 298 nec
749 262 798 298 tu
818 255 925 310 mei,
960 253 1035 299 sed
1056 256 1364 301 tantummodo
1384 257 1510 302 nobis
1532 257 1587 302 de
1607 260 1689 304 hac

301 342 345 371 re
366 325 541 368 credere
562 322 633 369 vel
655 339 745 368 non
766 324 941 370 credere
964 341 1218 385 possumus3
1243 326 1363 371 illam
1383 343 1486 372 vero
1503 329 1689 387 speciem

299 412 400 458 quae
431 395 659 456 utriusque
678 404 875 440 nostrum
899 396 1036 441 oculis
1057 397 1238 441 visibilis
1259 399 1471 458 subjacet,
1504 399 1692 445 invicem

300 468 426 513 nobis
453 466 650 512 valemus
677 467 906 513 ostendere
925 488 935 514 2
960 469 1019 513 sic
1040 469 1095 513 de
1118 469 1424 515 affectionibus
1447 470 1693 515 animorum

299 549 548 585 nostrorum
584 555 692 600 quas
726 540 921 600 proprias
959 541 1186 596 habemus,
1223 541 1452 586 credamus
1484 542 1628 597 nobis,
1661 543 1694 586 si

298 611 468 672 placet:
493 611 527 656 si
551 620 696 655 autem
717 627 804 656 non
824 611 980 670 placet,
1001 627 1090 656 non
1109 612 1337 657 credamus
1356 632 1365 658 z
1387 614 1598 658 rationem
1617 629 1696 657 au-

301 693 389 728 tem
412 683 624 738 veritatis,
649 699 749 744 quae
771 698 851 727 nec
874 698 969 727 mea
991 698 1072 727 nec
1096 692 1170 728 tua
1192 694 1271 739 est,
1296 684 1373 729 sed
1396 685 1570 746 utrique
1593 700 1694 730 nos-

303 765 420 800 trum
441 754 497 798 ad
519 752 908 813 contemplandum
938 754 1157 813 proposita
1173 790 1184 810 ‚
1211 756 1302 800 sine
1324 757 1573 815 pervicaciae
1590 755 1698 801 cali-

302 828 421 887 gine,
444 826 652 871 serenatis
675 825 896 869 mentibus
918 826 1080 885 pariter
1101 827 1391 872 attendamus.

363 901 446 942 111.
474 900 562 942 Nec
577 897 660 940 alia
675 896 938 941 documenta
956 897 1033 941 tibi
1046 897 1281 957 proferam,
1296 899 1458 959 quibus
1470 899 1701 944 Manichaei

304 985 423 1015 error
439 977 634 1029 apparet,
653 983 786 1029 quam
808 984 858 1012 ex
875 968 1056 1028 epistola
1074 978 1147 1014 tua
1167 989 1176 1015 :
1198 989 1218 1012 «
1242 971 1401 1016 Scribis
1418 971 1582 1016 habere
1602 980 1642 1016 te
1660 980 1703 1015 et

303 1058 430 1102 agere
448 1042 604 1099 gratias
630 1039 844 1085 ineffabili
873 1056 922 1085 ac
949 1042 1244 1086 sacratissimae
1267 1043 1496 1103 majestati,
1524 1044 1704 1103 ejusque

305 1113 600 1175 primogenito
623 1113 821 1157 omnium
846 1111 1067 1157 luminum
1094 1115 1211 1173 regi,
1250 1116 1351 1158 Jesu
1377 1115 1566 1160 Christo.
1589 1133 1608 1156 »
1627 1114 1705 1159 Dic

309 1186 417 1230 mihi
440 1200 630 1246 quorum
658 1183 874 1228 luminum
898 1185 952 1228 sit
974 1201 1045 1229 rex
1068 1188 1192 1230 Jesus
1214 1186 1441 1230 Christus?
1463 1189 1706 1230 Eorum-ne

307 1274 408 1317 quae
427 1257 547 1311 feeit,
573 1272 627 1299 an
645 1271 796 1300 eorum
818 1273 916 1316 quae
929 1257 1104 1315 genuit?
1127 1260 1212 1302 Nos
1231 1258 1344 1301 enirn
1365 1258 1550 1302 dicimus
1569 1261 1706 1302 Deum

311 1332 481 1374 Patrem
505 1328 700 1386 genuisse
724 1328 887 1371 Filium
910 1328 1123 1388 aequalem
1149 1328 1250 1379 sibi,
1277 1344 1440 1372 creasse
1462 1338 1608 1372 autem
1635 1344 1710 1387 per

311 1416 430 1455 eum,
455 1401 539 1444 hoc
558 1409 636 1451 cst,
662 1399 908 1444 condidisse
931 1415 979 1443 ac
1002 1399 1151 1443 fecisse
1171 1409 1415 1443 creaturam
1440 1398 1706 1453 inferiorem,

311 1488 410 1533 quae
444 1472 597 1531 utique
635 1487 723 1516 non
756 1480 820 1514 est
852 1470 973 1531 quod
995 1481 1056 1514 est
1079 1470 1152 1515 ille
1171 1471 1247 1531 qui
1271 1470 1375 1515 fecit
1401 1480 1446 1515 et
1466 1487 1545 1531 per
1577 1486 1710 1531 quem

313 1542 432 1587 fecit.
477 1544 630 1601 Itaque
664 1541 874 1602 quoniam
907 1557 985 1602 per
1018 1557 1119 1585 eum
1156 1541 1259 1587 tecit
1295 1542 1469 1597 saecula,
1508 1552 1624 1587 recte
1658 1542 1713 1587 ab

314 1613 524 1673 Apostolo
549 1613 691 1658 dictus
724 1623 788 1657 est
815 1616 909 1657 Rex
936 1612 1243 1669 saeculorum1‚
1276 1622 1485 1673 tanquam
1518 1613 1714 1673 superior

314 1685 590 1741 inferiorum,
625 1695 670 1729 et
702 1684 881 1744 regendi
911 1695 1083 1745 potens,
1116 1700 1268 1743 regens
1303 1700 1352 1729 ea
1380 1701 1480 1746 quae
1507 1685 1716 1744 regimine

318 1759 558 1817 indigeant.
598 1760 664 1802 Tu
694 1767 838 1801 autem
863 1773 963 1802 cum
985 1760 1134 1801 Jesum
1156 1757 1380 1812 Christum
1413 1772 1559 1816 regem
1580 1756 1716 1801 lumi-

320 1846 427 1874 num
462 1829 680 1891 appellas:
706 1829 739 1873 si
763 1828 914 1889 genuit
942 1844 1007 1881 ea,
1044 1843 1122 1872 cur
1145 1843 1234 1872 non
1256 1837 1358 1872 sunt
1379 1828 1562 1888 aequalia
1585 1843 1717 1887 gene-

323 1903 462 1946 ranti?
484 1902 518 1946 si
540 1912 686 1946 autem
719 1900 825 1945 dicis
861 1898 1061 1961 aequalia‚
1100 1899 1325 1960 quomodo
1355 1915 1427 1943 rex
1456 1915 1608 1944 eorum
1638 1909 1717 1956 est,

323 1989 423 2018 cum
457 1989 605 2033 regem
643 1987 818 2017 necesse
840 1973 894 2016 sit
915 1986 1079 2031 regere,
1106 1987 1186 2016 nee
1209 1970 1300 2015 ullo
1324 1980 1450 2030 pacto
1473 1971 1565 2015 fieri
1589 1971 1722 2030 possit

323 2056 373 2090 ut
393 2046 477 2089 sint
499 2061 548 2089 ea
566 2061 666 2106 quae
689 2053 903 2104 reguntur
924 2044 962 2088 ei
983 2059 1006 2087 a
1029 2059 1118 2103 quo
1136 2053 1349 2103 reguntur
1365 2042 1574 2103 aequalia‘?
1592 2041 1724 2096 Quod

324 2133 358 2161 Sl
386 2132 476 2160 non
498 2117 664 2174 genuit,
690 2117 767 2160 sed
784 2114 885 2160 fecit
906 2115 1000 2159 haec
1022 2113 1207 2169 lumina,
1232 2129 1383 2174 quaero
1405 2114 1525 2157 unde
1543 2111 1724 2158 fecerit?

327 2189 369 2234 Si
393 2190 447 2232 de
470 2204 514 2232 se
536 2189 629 2248 ipso
652 2187 926 2248 propagavit,
952 2201 1031 2230 cur
1053 2202 1157 2245 ergo
1181 2186 1386 2231 inferiora
1407 2187 1533 2230 sunt?
1555 2200 1634 2230 cur
1654 2184 1726 2229 de-

327 2262 670 2319 generaverunt?
707 2260 748 2304 Si
783 2268 930 2303 autem
963 2273 1052 2302 non
1076 2257 1130 2302 de
1158 2273 1203 2301 se
1224 2258 1334 2316 ipso,
1371 2257 1442 2301 die
1474 2257 1620 2300 unde?
1656 2259 1727 2300 An

327 2333 441 2378 forte
466 2349 547 2378 nec
570 2333 675 2378 fecit
696 2348 777 2377 nec
800 2332 952 2391 genuit
972 2329 1140 2375 lumina
1163 2330 1324 2388 quibus
1347 2329 1528 2387 regnat?
1550 2327 1726 2371 Habent

330 2421 433 2464 ergo
455 2405 667 2465 originem
697 2404 918 2465 propriam
941 2411 1072 2462 atque
1093 2410 1318 2455 naturam,
1343 2400 1418 2445 sed
1438 2399 1634 2460 profecto
1655 2400 1726 2443 in-

332 2477 604 2532 validiorem,
630 2486 680 2522 ut
701 2493 725 2522 a
747 2476 993 2536 potentiore
1013 2473 1158 2519 vicino
1172 2472 1242 2518 vel
1257 2473 1478 2533 patiantur
1494 2487 1538 2517 se
1555 2471 1643 2530 regi
1657 2470 1725 2517 vel

387 2577 396 2590 ¹
416 2569 539 2605 Tim.1,
564 2579 613 2609 ''7-
