1803 3250
422 208 583 237 CONTRA
617 208 833 245 FAth'rUM‚
870 209 952 235 Lm.
990 210 1099 236 xxn.
1401 198 1450 235 31

67 275 271 331 laxanda,
309 276 556 320 damnanda
588 274 657 319 vel
699 273 982 327 absolvenda,
1010 271 1254 333 appetenda
1284 272 1353 317 vel
1389 274 1456 316 vi-

69 345 222 400 tanda,
254 354 417 390 temere
447 346 683 398 irruamus,
708 344 753 388 in
775 343 935 403 quibus
960 344 1163 387 omnibus
1185 352 1362 402 peccata
1382 358 1459 386 seu

68 426 182 462 recte
200 417 313 462 facta
333 425 574 469 versantur,
596 415 714 475 prius
732 413 840 475 quid
860 414 913 458 sit
935 423 1164 473 peccatum
1186 415 1460 459 considerare

68 487 302 545 debemus3
329 497 431 532 tuuc
465 486 625 531 deinde
657 487 868 545 inspicere
892 485 1006 529 facta
1036 486 1311 539 Sanctorum,
1343 485 1461 530 libris

66 559 309 618 conscripta
331 558 504 614 divinis,
531 567 578 602 ut
602 558 636 602 si
657 573 744 618 qua
765 567 807 601 et
828 558 1020 616 ipsorum
1045 565 1217 616 peccata
1241 555 1460 600 inveneri·

67 645 180 685 mus,
205 630 263 674 ob
285 645 418 689 quam
442 629 675 673 utilitatem
705 629 792 672 sint
813 628 943 672 etiam
965 627 1057 687 ipsa
1078 627 1256 672 condita
1288 626 1458 681 litteris,

67 702 374 761 memoriaeque
406 699 637 756 mandata,
668 699 869 759 diligenti
891 708 1108 759 quantum
1130 714 1360 759 possumus
1390 714 1460 743 ra-

69 772 185 816 tione
205 771 443 816 videamus.
469 776 575 825 Quae
598 781 742 815 autem
765 771 1052 830 repererimus
1070 768 1213 814 stultis
1230 784 1307 813 seu
1330 769 1464 814 male-

69 841 177 886 volis
193 841 331 886 videri
353 851 529 901 peccata
551 857 641 886 esse
663 857 764 902 quae
789 857 879 885 non
906 850 1023 896 sunt,
1050 856 1132 885 nec
1161 849 1309 884 tamen
1336 840 1382 883 in
1404 840 1463 884 eis

68 912 261 956 eminent
276 912 423 973 aliqua
440 911 635 972 exempla
656 912 886 966 virtutum,
903 912 998 956 haec
1016 926 1194 971 quoque
1212 911 1464 954 intueamur

68 997 199 1041 quam
225 982 284 1027 ob
308 998 482 1027 causam
504 983 586 1027 illis
606 983 763 1027 inserta
787 983 871 1026 sint
888 982 1043 1027 litteris
1059 1017 1069 1037 ‚
1099 997 1208 1042 quas
1230 981 1286 1026 ad
1302 981 1465 1026 utilita-

69 1062 156 1097 tem
178 1054 278 1097 vitae
306 1055 526 1112 praesentis
549 1053 749 1111 regendae
776 1064 820 1097 et
843 1053 1003 1097 futurae
1032 1052 1328 1112 adipiscendae
1356 1069 1465 1098 con-

69 1124 179 1169 ditas
211 1124 444 1168 salubriter
477 1124 710 1169 credimus.
748 1128 882 1169 Porro
906 1133 1051 1168 autem
1087 1140 1382 1184 quaecumque
1419 1124 1466 1168 in

68 1193 192 1239 factis
221 1196 478 1239 Sanctorum
505 1194 680 1239 elucent
709 1194 975 1239 documenta
989 1193 1170 1253 justitiae
1186 1230 1197 1249 ,
1222 1194 1375 1239 nullus
1395 1193 1464 1238 vel

68 1266 369 1324 imperitorum
390 1266 563 1310 dubitat
583 1265 786 1310 debuisse
812 1258 1047 1310 conscribiss
1067 1269 1131 1311 De
1152 1265 1236 1309 illis
1260 1282 1364 1326 ergo
1386 1282 1468 1326 po-

70 1344 152 1380 test
168 1351 258 1381 esse
279 1336 479 1396 quaestio,
504 1352 604 1396 quae
621 1335 690 1380 vel
709 1335 900 1380 inaniter
923 1336 1082 1395 scripta
1105 1335 1243 1380 videri
1267 1346 1464 1396 possunt,

71 1408 105 1452 si
126 1423 206 1452 nec
228 1416 345 1453 recte
366 1408 479 1452 facta
500 1416 710 1468 apparent
726 1443 737 1463 ‚
773 1423 854 1452 nec
877 1416 1054 1466 peccata
1082 1416 1207 1466 sunt3
1239 1408 1307 1452 vel
1337 1409 1468 1452 etiam

71 1478 333 1538 perniciose‚
364 1479 398 1522 si
419 1487 597 1538 peccata
630 1493 720 1522 esse
752 1478 1104 1532 convincuntur,
1135 1493 1190 1522 ne
1218 1478 1396 1526 valeant
1413 1477 1468 1523 ad

71 1549 375 1605 imitationem,
400 1550 487 1594 sive
514 1549 560 1593 in
590 1548 692 1608 ipsis
724 1549 845 1593 libris
874 1550 1137 1609 reprehensa
1160 1565 1249 1593 non
1277 1551 1363 1594 sint
1380 1585 1390 1604 ,
1426 1558 1470 1594 et

73 1619 171 1665 ideo
193 1620 338 1679 putari
359 1621 490 1664 etiam
513 1620 681 1679 possint
702 1635 792 1663 non
807 1635 897 1664 esse
923 1630 1121 1679 peccata;
1146 1620 1235 1666 sive
1252 1620 1340 1665 illic
1355 1636 1469 1680 quo—

74 1706 161 1751 que
182 1692 442 1751 reprehensa
459 1691 560 1742 sint„
587 1690 664 1735 sed
685 1691 765 1735 sub
789 1690 903 1735 facili
927 1706 1002 1750 spe
1022 1691 1163 1736 veniae
1186 1692 1470 1737 committan-

75 1770 162 1816 tur,
187 1762 290 1822 quia
312 1762 419 1806 etin
441 1762 600 1806 sanctis
621 1762 801 1806 inventa
819 1770 936 1805 sunt.

135 1834 482 1891 XXV11.E1-go
518 1840 748 1891 peccatum
783 1840 872 1886 est,
910 1830 1076 1876 factum
1109 1831 1179 1876 vel
1206 1831 1373 1877 dictum
1402 1832 1470 1878 vel

76 1903 360 1962 concupitum
395 1902 561 1963 aliquid
594 1911 746 1947 contra
786 1910 995 1946 aeternam
1036 1901 1192 1961 legem.
1235 1906 1323 1947 Lex
1365 1919 1469 1948 vero

76 1984 238 2018 aeterna
260 1983 339 2029 est,
364 1975 472 2041 ratio
494 1973 639 2018 divina
661 1972 731 2018 vel
749 1972 949 2018 voluntas
969 1973 1071 2028 Dei,
1108 1969 1307 2018 ordinem
1335 1984 1468 2019 natu-

77 2032 225 2087 ralem
233 2043 477 2089 conservari
495 2037 671 2104 jubens,
691 2033 938 2103 perturbari
960 2053 1127 2088 vetans.
1154 2043 1398 2098 Quisnam
1388 2047 1472 2105 igi—

77 2124 150 2159 tur
170 2115 286 2159 sitin
308 2116 486 2159 homine
509 2115 717 2159 naturalis
735 2115 859 2170 ordo,
880 2114 1170 2176 quaerendum
1188 2126 1267 2160 est.
1290 2118 1472 2162 Constat

77 2185 193 2229 enim
214 2187 348 2230 homo
362 2202 416 2230 ex
440 2186 584 2230 anima
601 2195 645 2230 et
665 2201 846 2245 corpore
863 2221 873 2240 ‚
905 2185 980 2230 sed
1001 2186 1085 2230 hoc
1114 2195 1157 2230 et
1180 2202 1328 2246 pecus.
1353 2186 1473 2233 Nulli

79 2266 226 2301 autem
243 2257 427 2302 dubium
450 2267 529 2312 est,
557 2258 745 2302 animam
767 2257 955 2317 corpori,
976 2257 1163 2302 naturali
1185 2258 1338 2303 ordine
1359 2275 1474 2319 prae-

79 2327 345 2387 ponendam.
367 2331 531 2373 Verum
549 2329 705 2373 animae
721 2329 909 2373 hominis
926 2330 1039 2373 inest
1059 2329 1186 2385 ratio,
1207 2345 1307 2390 quae
1325 2331 1471 2390 pecori

82 2413 172 2442 non
192 2397 318 2443 inest.
345 2399 533 2444 Proinde
550 2400 662 2444 sicut
681 2400 825 2444 anima
852 2400 1050 2459 corpori,
1075 2400 1135 2444 ita
1158 2400 1292 2460 ipsius
1317 2402 1474 2446 animae

83 2468 193 2514 ratio
214 2471 380 2515 caeteris
401 2472 492 2530 ejus
507 2470 719 2529 partibus,
743 2486 852 2531 quas
869 2471 1035 2515 habent
1057 2480 1100 2515 et
1118 2472 1284 2527 bestiae,
1303 2483 1474 2517 naturae

85 2537 182 2598 lege
203 2540 472 2600 praeponitur
491 2559 500 2585 :
521 2541 655 2601 inque
670 2541 761 2601 ipsa
782 2541 966 2597 ratione,
987 2555 1088 2601 quae
1103 2542 1261 2601 partim
1277 2551 1474 2588 contem-
