1803 3250
344 228 366 261 Γ)
375 224 394 261 4
774 230 807 259 s.
844 231 1074 259 mausum
1107 229 1289 258 caseon

340 304 421 345 hoc
443 295 774 355 intelligendum
798 295 970 341 illarum
992 296 1120 340 etiam
1145 294 1320 339 nomina
1336 293 1636 340 foeminarum.
1655 298 1726 342 Di·

340 381 445 418 cunt
467 370 580 413 enim
604 370 724 428 quod
753 369 827 413 Lia
848 370 1156 427 interpretatur
1183 366 1430 422 Laborans,
1458 366 1622 413 Rachel
1647 383 1726 413 au-

344 456 429 489 tem
454 442 602 485 Visum
620 440 879 500 principium
897 476 908 495 ,
935 441 1022 484 sive
1041 439 1233 483 Verbum
1248 454 1299 482 ex
1316 453 1405 499 quo
1425 438 1599 483 videtur
1613 440 1728 498 prin·

343 515 521 574 cipium.
561 511 686 557 Aetio
720 527 823 571 ergo
858 512 1063 555 liumanae
1097 509 1378 570 mortalisque
1413 509 1540 565 vitae,
1574 510 1620 554 in
1641 525 1729 571 qua

342 585 526 630 vivimus
548 600 599 628 ex
623 582 708 627 side
723 618 734 638 ‚
766 582 902 627 multa
924 582 1136 626 laboriosa
1159 596 1288 641 opera
1311 580 1546 637 facientes,
1576 582 1731 626 incerti

342 672 430 718 quo
453 656 571 700 exitu
602 654 856 714 proveniant
877 653 931 698 ad
955 652 1188 697 utilitatem
1212 667 1363 696 eorum
1385 652 1547 711 quibus
1569 668 1731 698 consu-

344 729 430 774 lere
452 727 655 773 volumus
671 761 682 780 ‚
709 728 796 785 ipsa
819 734 883 769 est
905 725 980 769 Lia
1003 725 1120 784 prior
1138 739 1247 768 uxor
1266 724 1402 768 Jacob
1421 726 1434 750 ¹
1457 742 1466 769 ε
1488 739 1537 768 ac
1558 739 1635 784 per
1649 725 1733 769 hoc

343 809 386 844 et
423 798 603 843 infirmis
639 796 776 842 oeulis
808 795 938 839 fuisse
975 804 1354 839 commemoratur.
1395 814 1416 837 «
1440 794 1734 854 Cogitationes

346 890 365 911 n
393 871 510 914 enirn
543 867 793 913 mortalium
828 865 991 910 timidae
1026 874 1069 909 et
1101 866 1278 910 incertae
1317 865 1601 925 providentiae
1630 881 1734 910 nos·
1802 867 1803 891 ³

346 960 366 983 »
393 950 470 984 trae
487 942 518 983 ².
549 958 567 980 η
597 941 701 998 Spes
723 952 825 981 vero
846 945 1021 980 aeternae
1039 936 1420 995 contemplationis
1440 936 1544 990 Dei,
1570 936 1736 981 habens

346 1021 502 1058 certam
534 1019 577 1054 et
608 1007 912 1053 delectabilem
944 1006 1276 1066 intelligentiam
1305 1007 1526 1062 veritatis,
1560 1007 1652 1067 ipsa
1673 1016 1738 1052 est

344 1079 508 1127 Rachel
539 1082 553 1105 ³
589 1099 597 1125 :
635 1079 754 1124 unde
795 1078 923 1122 etiam
965 1077 1126 1122 dicitur
1159 1077 1275 1122 bona
1307 1076 1445 1132 facie,
1479 1086 1522 1121 et
1552 1077 1736 1137 pulchra

345 1152 502 1212 specie.

406 1224 524 1267 LIII.
572 1222 696 1265 Hanc
726 1220 844 1264 enim
869 1228 984 1263 amat
1013 1219 1152 1263 omnis
1179 1219 1250 1278 pie
1273 1218 1514 1274 studiosus,
1548 1229 1592 1264 et
1614 1235 1740 1279 prop-

348 1305 414 1340 ter
447 1294 560 1337 hanc
585 1291 717 1335 servit
740 1291 888 1349 gratiae
920 1290 1013 1345 Dei,
1045 1305 1129 1350 qua
1153 1299 1328 1350 peccata
1356 1300 1520 1346 nostra,
1543 1291 1622 1335 etsi
1649 1290 1741 1335 fue-

348 1366 435 1410 rint
451 1365 563 1408 sicut
577 1362 846 1422 phoenicium
867 1383 878 1419 3
904 1371 1113 1421 tanquam
1137 1362 1209 1405 nix
1231 1360 1493 1406 dealbantur
1511 1363 1526 1388 ⁴
1556 1381 1565 1406 :
1590 1363 1741 1407 Laban

348 1435 512 1496 quippe
530 1435 837 1492 interpretatur
856 1431 1082 1476 Dealbatio
1101 1466 1112 1486 ,
1135 1431 1205 1476 cui
1223 1432 1398 1476 servivit
1414 1433 1550 1478 Jacob
1567 1442 1743 1493 propter

353 1504 518 1551 Rachel
534 1508 565 1549 ⁵.
589 1523 607 1545 »
639 1506 790 1563 Neque
816 1503 932 1547 enim
951 1519 995 1547 se
1012 1503 1245 1563 quisquam
1265 1505 1481 1548 convertit
1497 1504 1580 1548 sub
1609 1503 1744 1562 gratia

350 1576 608 1622 remissionis
626 1584 905 1634 peccatorum
927 1574 1086 1618 servire
1102 1575 1282 1634 justitiae
1310 1594 1319 1619 ε
1346 1575 1425 1619 nisi
1447 1584 1497 1620 ut
1512 1576 1662 1635 quiete
1678 1575 1745 1620 vi-

347 1657 420 1693 vat
444 1649 492 1691 in
514 1647 649 1692 verbo
675 1661 727 1689 ex
749 1661 839 1705 quo
861 1644 1034 1688 videtur
1051 1645 1317 1704 principium
1337 1680 1348 1701 ,
1373 1645 1495 1706 quod
1517 1655 1582 1691 est
1596 1649 1711 1691 Deus
1732 1666 1741 1692 :

352 1735 455 1778 ergo
477 1727 655 1778 propter
677 1716 841 1761 Rachel
859 1751 869 1771 ‚
902 1731 991 1760 non
1022 1725 1201 1775 propter
1223 1716 1362 1761 Liam.
1393 1718 1503 1763 Nam
1525 1718 1622 1777 quis
1644 1726 1744 1762 tan-

352 1791 453 1834 dem
476 1790 686 1834 amaverit
706 1788 751 1832 in
774 1787 979 1846 operibus
993 1787 1175 1847 justitiae
1197 1786 1392 1833 laborem
1421 1789 1644 1833 actionum
1672 1777 1746 1834 'at-

355 1876 442 1923 que
458 1860 707 1921 passionum
725 1861 743 1903 9
766 1858 871 1912 Quis
891 1874 986 1903 eam
1008 1859 1141 1903 vitam
1162 1869 1339 1919 propter
1356 1875 1400 1904 se
1418 1861 1554 1919 ipsam
1577 1861 1747 1920 expeti-

354 1932 467 1977 verit
490 1933 507 1975 P
553 1931 664 1974 sicut
701 1945 780 1974 nec
812 1931 950 1974 Jacob
989 1930 1111 1974 Liam
1155 1949 1163 1974 :
1204 1929 1280 1974 sed
1317 1940 1464 1975 tamen
1495 1931 1577 1975 sibi
1620 1940 1750 1976 nocte

357 2002 627 2062 suppositam
653 2001 698 2043 in
731 2015 858 2044 usum
881 2001 1118 2059 generandi
1151 2000 1373 2060 amplexus
1403 2010 1447 2045 et
1479 2001 1747 2047 foecundita-

357 2084 447 2119 tem
480 2074 573 2132 ejus
609 2081 811 2131 expertus
832 2080 896 2115 est
918 2091 927 2116 z
955 2071 1164 2116 Dominus
1193 2073 1308 2115 enim
1328 2087 1422 2116 eam
1441 2107 1452 2127 ‚
1484 2072 1587 2132 quia
1610 2088 1687 2132 per
1707 2088 1751 2118 se

359 2146 496 2204 ipsam
519 2142 643 2202 diligi
671 2158 762 2188 non
783 2151 978 2202 poterat,
1004 2143 1145 2202 primo
1168 2153 1217 2187 ut
1237 2142 1293 2187 ad
1319 2142 1483 2188 Rachel
1501 2145 1750 2203 pervenire-

359 2226 431 2261 tur
450 2251 462 2270 ,
498 2215 671 2260 tolerari
694 2213 827 2270 fecit,
864 2214 1026 2258 deinde
1054 2225 1231 2274 propter
1266 2215 1376 2260 filios
1408 2215 1748 2261 commendavit.

359 2291 424 2333 Ita
445 2302 547 2332 vero
569 2287 871 2347 unusquisque
895 2285 1012 2331 utilis
1044 2287 1119 2330 Dei
1141 2302 1289 2331 servus
1305 2322 1316 2341 ‚
1350 2287 1431 2331 sub
1464 2287 1752 2332 dealbationis

357 2368 634 2419 peccatorum
657 2372 837 2403 suorum
859 2357 995 2416 gratia
1017 2358 1282 2402 constitutus
1299 2394 1310 2412 ‚
1337 2358 1446 2419 quid
1469 2357 1588 2403 aliud
1609 2360 1652 2402 in
1674 2374 1749 2403 sua

355 2429 636 2475 conversione
676 2426 909 2472 meditatus
942 2437 1006 2472 est
1027 2463 1038 2483 ‚
1078 2427 1188 2488 quid
1222 2427 1340 2472 aliud
1363 2428 1496 2473 corde
1532 2429 1748 2488 gestavit,

412 2538 417 2550 ¹
441 2531 521 2561 Gen.
542 2539 626 2565 :unxv
651 2537 700 2569 17.
721 2545 755 2551 -
771 2535 782 2549 ¹
803 2529 876 2569 Sap.
899 2539 942 2569 ix,
968 2528 1017 2569 ¹4·
1034 2545 1073 2551 —
1095 2528 1107 2551 ³
1130 2530 1210 2561 Gen.
1233 2540 1319 2564 xxix.
1346 2540 1395 2570 ¹7·
1412 2545 1454 2552 -—-
1470 2529 1485 2558 4
1508 2529 1578 2562 Isai.
1599 2542 1621 2570 1,
1645 2532 1749 2563 ¹8.—

367 2584 380 2607 ⁵
401 2588 482 2618 Gen.
504 2596 591 2624 xxix,
611 2585 663 2618 3ο.
