1803 3250
341 285 502 317 CONTRA
535 283 838 315 AnvERsAan
871 287 1006 325 LEGIS,
1044 288 1126 314 Lm.
1162 288 1192 313 1.
1377 273 1459 311 373

80 358 243 418 scriptu
264 366 328 402 est
348 376 358 402 :
387 375 408 399 «
429 360 487 401 Et
508 356 674 401 facturn
696 363 760 399 est
779 353 962 397 verbum
985 354 1159 399 Domini
1188 352 1242 397 ad
1267 350 1457 406 Samuel,

82 448 103 472 »
126 429 288 484 dicens,
316 428 503 473 Poenitet
533 443 602 471 me
628 424 746 486 quod
783 426 1081 470 constituerim
1108 424 1207 470 Saiil
1232 425 1275 467 in
1299 439 1458 482 regem,

85 520 103 541 »
120 499 328 560 quoniam
343 513 515 542 aversus
530 507 593 541 est
606 513 629 541 a
647 512 732 551 me,
750 505 792 540 et
809 495 940 541 verba
955 511 1048 539 mea
1064 511 1150 539 non
1167 495 1422 539 custodivit:
1437 512 1456 534 »

81 573 136 614 Et
157 569 289 629 paulo
310 579 406 628 post
427 567 544 613 Saiili
567 566 674 611 dixit
696 568 787 625 ipse
806 565 947 612 Samel
968 586 975 610 :
1001 586 1020 607 «
1046 566 1231 624 Disrupit
1256 566 1463 609 Dominus

84 659 103 681 »
130 654 313 699 regnum
332 637 464 683 lsrael
481 636 536 681 de
549 652 682 681 manu
697 646 770 681 tua
786 637 932 691 hodie,
950 646 993 680 et
1007 637 1130 680 dabit
1143 636 1250 680 illud
1267 637 1462 695 proximo

77 729 98 753 »
124 720 201 755 tuo
223 710 341 754 bono
361 724 491 768 super
512 717 570 762 te,
598 717 640 752 et
662 707 880 752 dividetur
915 705 1046 751 Israel
1068 707 1111 749 in
1145 707 1232 750 duo
1262 726 1269 750 :
1303 716 1346 750 et
1373 721 1461 750 non

80 800 99 823 »
125 789 425 835 convertetur,
460 794 604 839 neque
637 777 870 838 poenitebit
892 793 989 821 eum
1012 799 1022 834 3
1060 779 1265 838 quoniam
1290 792 1378 819 non
1401 786 1463 820 est

77 871 98 894 »
123 852 234 897 sicut
257 851 411 905 homo,
440 860 488 895 ut
509 851 721 910 poeniteat
743 851 884 893 eum¹.
907 867 927 890 υ
954 851 1066 893 Ecce
1088 850 1161 907 qui
1188 856 1365 892 noverat
1395 849 1464 891 in-

74 923 268 983 telligere
289 926 428 967 Deum
451 922 543 966 sine
564 921 734 966 miseria
756 921 1053 975 miserantem,
1079 921 1168 964 sinc
1189 921 1248 964 ira
1271 921 1460 964 irascen—

75 1005 178 1051 tem,
203 995 295 1040 sine
311 994 403 1038 zelo
422 993 651 1048 zelantem,
667 992 758 1037 sine
773 991 990 1037 oblivione
1007 991 1351 1046 obliviscentem,
1371 991 1461 1034 sine

73 1066 318 1125 ignorantia
334 1066 613 1118 nescientem,
639 1064 729 1108 sine
750 1063 1008 1123 poenitentia
1024 1064 1310 1122 poenitentem
1338 1082 1346 1106 ;
1373 1077 1461 1106 non

72 1139 150 1181 iste
182 1137 260 1197 qui
291 1137 532 1181 secundum
560 1136 744 1179 verbum
776 1135 851 1178 Dei
880 1133 1246 1194 flondoquendo,
1274 1143 1316 1177 et
1343 1133 1462 1177 litte-

73 1223 138 1252 ras
162 1210 252 1268 ejus
286 1223 375 1251 non
408 1205 746 1260 considerando,
781 1214 823 1249 et
860 1221 986 1250 voces
1016 1221 1162 1249 earum
1187 1222 1275 1249 non
1305 1204 1459 1250 adver-

71 1273 367 1334 tenflo‚factus
390 1286 452 1321 est
475 1287 620 1321 mutus
641 1277 836 1331 latrator,
862 1292 1001 1321 caecus
1024 1276 1175 1331 lector,
1202 1278 1356 1321 surdus
1379 1293 1459 1321 au·

70 1349 201 1394 ditor.

127 1421 292 1464 XLIII.
328 1417 626 1472 «Obliviosus,
650 1417 808 1477 inquit,
837 1421 948 1461 Deus
969 1426 1011 1461 et
1033 1426 1229 1461 emortua
1254 1419 1458 1462 memoria

68 1506 217 1534 arcum
240 1490 383 1549 posuit
401 1490 445 1532 in
467 1489 676 1543 nubibus,
705 1489 779 1549 qui
810 1490 886 1533 Iris
909 1489 1088 1543 dicitur,
1121 1488 1239 1533 unde
1263 1505 1459 1534 commo-

68 1571 223 1606 neatur
247 1577 335 1605 non
353 1560 538 1620 amplius
559 1561 800 1603 humanum
820 1576 954 1619 genus
978 1561 1122 1605 delere
1145 1561 1327 1615 diluvio,
1350 1560 1458 1620 quid

71 1641 168 1691 agat
191 1633 371 1677 omnino
392 1632 584 1675 nesciens
601 1667 611 1685 ,
644 1631 713 1674 cui
738 1633 891 1675 merito
915 1648 1023 1691 opus
1046 1633 1100 1676 sit
1122 1633 1292 1676 assiduo
1319 1631 1457 1675 moni-

70 1699 208 1748 tore.»
231 1706 315 1747 Iste
336 1718 438 1747 vero
456 1718 544 1747 non
566 1703 789 1756 memoria,
815 1702 888 1746 sed
908 1703 1048 1746 anima
1074 1714 1241 1747 mortua
1262 1704 1369 1763 quid
1389 1703 1456 1747 lo-

69 1783 229 1834 quatur
254 1774 476 1828 nesciens,
514 1773 548 1817 si
583 1773 626 1816 in
660 1773 789 1817 rebus
824 1774 1111 1832 apertioribus
1134 1774 1451 1829 calumniatur,

66 1853 233 1905 quanto
256 1844 391 1902 magis
412 1843 568 1902 caligat
589 1843 634 1886 in
656 1844 862 1897 nubibus,
888 1853 931 1887 et
948 1844 1130 1888 delirare
1148 1844 1454 1903 compellitur?

67 1916 150 1962 Cui
171 1925 315 1960 tamen
338 1924 386 1958 ut
415 1915 501 1958 cito
524 1914 809 1973 respondeam
824 1951 838 1969 ,
865 1915 924 1959 ita
947 1916 1044 1960 dico
1070 1919 1206 1960 Deum
1231 1916 1454 1961 admoneri

69 2001 113 2031 se
133 1984 336 2040 voluisse,
362 1985 559 2045 quamvis
579 2000 668 2029 non
691 1986 744 2028 sit
766 1985 944 2040 oblitus,
970 1987 1082 2030 sicut
1097 1987 1293 2031 Christus
1308 1988 1453 2031 doceri

68 2072 112 2101 se
132 2055 296 2111 voluit,
322 2055 399 2099 ubi
420 2058 606 2099 Lazarus
628 2055 792 2115 positus
817 2054 987 2111 fuerit2‚
1014 2058 1210 2116 quamvis
1234 2074 1322 2102 non
1345 2068 1456 2103 esset

66 2127 256 2186 ignarus.
281 2126 392 2171 Nolo
414 2127 530 2169 enim
552 2125 712 2181 dicere,
740 2142 848 2187 quos
871 2143 995 2172 arcus
1016 2127 1089 2171 ille
1106 2129 1342 2187 significet,
1362 2144 1453 2174 res-

66 2198 276 2258 plendens
298 2213 322 2242 e
343 2197 534 2241 nubibus
551 2197 740 2256 fulgore,
764 2208 806 2243 et
826 2198 951 2243 radiis
972 2198 1146 2243 luminis
1170 2216 1256 2260 quo
1286 2199 1453 2245 roscida

64 2268 306 2313 illustratur
338 2269 603 2322 obscuritas,
642 2279 761 2327 grata
798 2269 989 2329 quodam
1021 2272 1152 2314 modo
1182 2271 1452 2317 confessione

67 2339 358 2399 respondens,
381 2348 424 2383 et
446 2339 667 2399 quomodo
689 2343 802 2385 Deus
825 2357 913 2386 non
936 2342 1090 2400 perdat
1112 2342 1261 2386 orbem
1287 2342 1452 2389 diluvio

67 2410 271 2470 spiritali,
297 2409 402 2453 dum
425 2418 489 2453 est
507 2425 656 2453 eorum
679 2426 862 2466 memor,
884 2428 1070 2471 quorum
1090 2412 1345 2458 illuminatae
1368 2432 1452 2460 nu-

69 2481 142 2524 bes
162 2481 347 2538 figuram
366 2488 524 2538 gerunt
545 2499 553 2523 z
581 2481 737 2524 horum
765 2482 877 2525 enim
906 2483 1080 2527 nomina
1103 2485 1261 2543 scripta
1283 2494 1384 2530 sunt
1406 2487 1451 2529 in

67 2549 204 2606 coelis,
230 2559 279 2594 ut
301 2565 468 2594 memor
484 2551 534 2594 sit
559 2566 709 2596 eorum
734 2555 860 2597 Pater
877 2554 952 2612 qui
975 2562 1036 2598 est
1059 2554 1103 2598 in
1126 2555 1247 2599 coelis
1263 2558 1277 2581 3
1302 2576 1309 2599 :
1338 2573 1450 2614 quo-

115 2642 125 2659 ¹
151 2644 162 2665 Ι
183 2637 259 2677 neg.
283 2646 342 2673 xv,
358 2635 463 2668 98.—-
481 2643 494 2658 ²
516 2638 606 2667 Joan.
626 2646 669 2677 xr,
691 2636 741 2676 Μ.
762 2655 798 2660 -
820 2635 833 2659 3
849 2639 925 2669 Luc.
946 2649 978 2677 x,
998 2646 1052 2670 ¹20.
