1803 3250
442 242 606 276 cors-rm
638 242 854 284 ΡΑυεΤυΜ,
889 246 972 275 Lm.
1008 249 1134 277 xxrx.
1401 238 1485 279 149

102 315 359 375 genitalibus
379 315 521 375 aliqua
545 312 786 373 turpitudo.
803 313 1016 358 Dicuntur
1030 316 1210 376 quidem
1229 316 1458 362 inhonesta
1470 321 1482 344 ¹

101 388 203 448 quia
236 402 325 431 non
356 387 520 430 habent
559 399 653 429 eam
683 384 871 444 speciem
903 384 1094 443 decoris,
1126 403 1256 447 quam
1287 389 1484 434 membra

99 473 200 519 quae
222 458 267 501 in
290 465 495 517 promptu
510 455 649 500 locata
670 463 785 499 sunt.
809 455 892 500 Sed
914 455 1058 500 videte
1076 458 1182 516 quid
1204 459 1322 504 dicat
1346 463 1485 520 Apos-

100 529 238 584 tolus,
263 543 361 573 cum
387 542 437 571 ex
465 527 556 586 ipsa
585 526 884 570 membrorum
920 528 1112 586 corporis
1148 530 1282 572 nostri
1315 532 1483 576 unitate

99 608 231 659 atque
267 612 475 657 compage
502 596 754 641 charitatem
791 595 1023 655 persuadet
1050 597 1270 642 Ecclesiae.
1302 618 1319 639 «
1342 601 1483 647 Multo

101 688 121 712 »
149 670 310 729 magis,
345 669 519 729 inquit,
551 683 649 729 quae
681 666 885 712 videntur
913 669 1108 713 membra
1141 670 1332 729 corporis
1360 672 1484 715 infir-

101 758 122 782 »
148 741 281 784 miora
300 756 404 795 esse,
430 739 665 784 necessaria
682 748 798 794 sunt,
826 748 868 784 et
891 755 989 800 quae
1006 739 1212 785 videntur
1230 740 1381 786 viliora
1395 758 1485 786 esse

101 830 121 852 »
147 811 358 871 corporis,
390 810 440 854 iis
463 810 826 855 abundantiorem
849 811 1061 855 honorem
1085 812 1453 872 circumponimus
1471 828 1487 858 ε’

99 899 120 924 »
144 890 187 926 et
207 897 307 942 quae
328 881 557 926 inhonesta
578 890 680 925 sunt
706 890 873 936 nostra,
900 880 1267 928 abundantiorem
1284 883 1487 929 honesta-

101 972 119 994 »
144 962 234 997 tem
271 951 463 1010 habent3
504 967 603 1012 quae
636 960 783 996 autem
817 953 998 997 honesta
1036 962 1139 997 sunt
1181 962 1327 999 nostra
1344 990 1355 1010 ,
1396 970 1487 1000 non

98 1041 118 1065 n
144 1039 253 1083 opus
275 1024 440 1067 habent
462 1042 470 1067 ε
496 1023 570 1067 sed
588 1026 702 1067 Deus
718 1024 973 1083 temperavit
992 1040 1166 1083 corpus,
1187 1026 1226 1068 ei
1246 1026 1318 1070 cui
1336 1026 1484 1072 decrat

97 1111 118 1137 »
142 1095 349 1154 majorem
372 1094 584 1137 honorem
607 1092 714 1136 dans
732 1127 742 1147 ‚
769 1102 819 1136 ut
840 1108 930 1137 non
951 1103 1092 1138 essent
1109 1095 1304 1139 scissuroe
1318 1097 1363 1140 in
1382 1112 1480 1142 cor-

102 1184 120 1206 »
145 1167 294 1223 pore2.
315 1181 336 1205 »
374 1162 557 1207 Illicitus
584 1163 758 1222 itaque,
795 1172 837 1207 et
872 1165 1170 1223 temperantiae
1199 1165 1371 1224 legibus
1394 1183 1483 1212 non

95 1234 315 1294 subjectus
343 1233 640 1278 membrorum
667 1232 843 1279 illorum
872 1250 974 1279 usus
1003 1244 1067 1280 est
1094 1237 1255 1296 turpis3
1280 1254 1370 1283 non
1395 1240 1485 1299 ipsa

95 1305 290 1351 membra
305 1340 316 1361 ‚
343 1321 442 1366 quae
463 1320 551 1350 non
575 1304 718 1350 solum
739 1306 786 1348 in
807 1305 1034 1351 excellenti
1049 1308 1294 1366 integritate
1312 1310 1485 1355 caelibes

96 1387 139 1422 et
170 1377 357 1437 virgines
391 1386 588 1432 servant,
627 1377 702 1421 sed
733 1377 815 1436 ipsi
848 1378 1066 1437 conjugati
1098 1382 1234 1425 sancti
1262 1391 1406 1440 patres
1438 1398 1487 1427 ac

95 1458 253 1493 matres
269 1483 279 1503 ‚
305 1448 365 1492 sic
394 1449 452 1492 eis
473 1447 742 1506 generationi
761 1448 1068 1494 tantummodo
1091 1451 1366 1497 consulentes
1389 1462 1488 1498 ute-²

95 1520 257 1563 bantur
271 1519 289 1574 ,“
307 1527 358 1563 ut
377 1517 449 1562 ille
471 1517 680 1562 naturalis
705 1527 849 1563 motus
871 1518 995 1564 nullo
1017 1521 1149 1566 modo
1182 1523 1317 1582 turpis
1347 1532 1483 1579 esset,

94 1591 171 1650 qui
192 1604 283 1634 non
303 1587 519 1643 lubidini,
543 1588 620 1632 sed
643 1589 798 1633 rationi
819 1589 1012 1635 serviret.
1041 1593 1215 1644 Quanto
1235 1593 1369 1652 magis
1384 1609 1486 1654 ergo

94 1662 140 1705 in
162 1669 308 1706 sancta
326 1660 491 1718 virgine
510 1660 662 1715 Maria,
680 1675 781 1720 quae
794 1661 954 1705 Christi
968 1677 1140 1707 carnem
1164 1663 1251 1708 fide
1268 1666 1484 1726 concepit,

97 1731 208 1776 nihil
227 1730 480 1775 habuerunt
509 1731 794 1790 turpitudinis
815 1732 1035 1788 membra,
1065 1749 1164 1792 quae
1186 1749 1266 1779 nec
1290 1735 1485 1781 humano

95 1801 302 1862 licitoque
324 1802 581 1861 conceptui,
607 1802 682 1845 sed
704 1801 854 1846 divino
876 1811 1047 1846 tantum
1061 1805 1204 1863 partui
1222 1806 1480 1852 servierunt.

95 1873 252 1919 Merito
285 1871 414 1932 plane
445 1872 505 1917 sic
537 1872 792 1928 honestata,
828 1881 878 1916 ut
911 1872 1037 1917 nobis
1065 1875 1283 1920 Christum
1306 1911 1317 1931 ‚
1353 1893 1484 1937 quem

96 1944 302 1989 cordibus
322 1943 500 2003 integris
521 1942 742 1988 credendo
771 1945 1126 2004 conciperemus,
1161 1955 1204 1990 et
1235 1948 1487 1994 confitendo

95 2015 289 2076 quodam
309 2014 442 2059 modo
463 2029 737 2074 pareremu3‚
760 2015 887 2059 etiam
916 2016 1198 2075 corporaliter
1220 2028 1388 2064 servata
1417 2021 1487 2064 in-

96 2087 297 2146 tegritate
309 2084 649 2131 transfunderet.
666 2085 798 2132 Nullo
814 2087 946 2132 modo
961 2087 1075 2131 enim
1089 2088 1286 2133 Christus
1301 2099 1483 2136 matrem

96 2156 314 2203 nascendo
338 2156 499 2201 faceret
521 2157 779 2202 deteriorem
799 2178 809 2214 3
835 2167 884 2202 ut
908 2158 979 2203 cui
1002 2173 1161 2202 munus
1184 2157 1484 2207 foecunditatis

97 2227 317 2282 attulerat,
341 2226 473 2271 decus
491 2227 747 2286 virginitatis
776 2227 980 2272 auferret.
1015 2231 1118 2273 Haec
1140 2231 1368 2288 veraciter,
1394 2249 1483 2278 non

97 2298 306 2343 fallaciter
328 2297 442 2343 facta
464 2307 565 2342 sunt
583 2318 591 2343 :
617 2298 691 2343 sed
704 2315 815 2344 nova
833 2309 950 2355 sunt,
975 2300 1050 2344 sed
1073 2300 1244 2346 insolita
1263 2312 1387 2359 sunt,
1406 2306 1479 2349 sed

96 2379 246 2414 contra
266 2377 432 2412 naturae
450 2383 623 2412 cursum
638 2369 911 2414 notissimum
929 2379 1046 2425 sunt,
1064 2371 1167 2431 quia
1185 2387 1356 2431 magna,
1378 2376 1476 2435 quia

98 2440 220 2495 mira,
246 2439 347 2499 quia
365 2438 537 2497 divina3
561 2447 604 2483 et
625 2454 676 2485 eo
696 2440 832 2499 magis
850 2455 966 2495 vera,
983 2450 1115 2497 certa,
1140 2442 1325 2488 firmata.

156 2512 214 2555 Et
237 2508 408 2568 Angeli‚
434 2509 592 2569 inquit,
612 2510 691 2555 visi
714 2519 757 2554 et
779 2510 913 2555 locuti
936 2520 1052 2567 sunt,
1070 2513 1266 2571 quamvis
1283 2515 1369 2559 nati
1391 2529 1477 2559 non

148 2603 155 2620 ¹
184 2605 202 2628 2
221 2596 362 2628 Retract.
387 2604 460 2637 cap.
482 2605 512 2636 7.
526 2611 567 2617 -
583 2601 596 2618 2
616 2605 628 2627 1
649 2596 722 2628 Cor.
741 2605 803 2636 κη,
824 2602 878 2626 w..
