1803 3250
436 219 600 256 CONTRA
633 217 850 261 nus-nm,
884 222 968 252 Lm.
1004 222 1116 252 xx11.
1410 208 1466 251 43

83 294 167 339 hoc
187 300 277 349 est,
301 293 357 338 de
377 301 500 354 patre
515 327 527 349 ‚
551 305 642 336 non
662 290 718 335 de
739 297 893 345 matre,
917 298 961 334 et
983 286 1199 334 effabilius
1220 286 1402 344 dicitur,
1425 297 1470 334 et

83 364 282 424 capacius
304 362 493 409 auditur.
529 364 639 408 Nam
660 369 703 404 et
722 360 836 404 inter
856 374 900 404 se
919 374 1069 404 omnes
1092 358 1227 404 sancti
1250 373 1327 418 per
1353 373 1470 403 eam-

83 435 182 480 dem
206 436 385 495 gratiam
408 434 560 478 fratres
581 441 683 477 sunt
708 451 716 477 :
742 447 924 492 sponsus
945 439 1089 475 autem
1114 439 1372 474 caeterorum
1397 445 1470 475 so-

81 507 227 552 cietati
255 506 403 551 nullus
437 506 609 550 illorum
646 512 723 548 est.
761 502 949 548 Proinde
984 502 1205 548 Christum
1223 536 1234 556 ,
1273 502 1471 561 quamvis

82 579 453 624 excellentissimae
469 577 649 638 justitiae
671 586 802 637 atque
817 575 1055 636 sapientiae,
1080 583 1228 618 tamen
1248 573 1472 618 hominem

83 650 223 695 multo
244 649 415 696 facilius
437 658 480 694 et
501 647 736 709 proclivius
769 647 1023 706 alienigenae
1050 644 1330 690 crediderunt
1346 679 1357 699 ,
1381 660 1472 689 non

81 721 264 782 quidem
287 720 410 777 falso,
436 719 555 781 quod
570 720 703 764 homo
720 727 830 764 esset
852 737 862 764 :
884 718 960 763 sed
974 717 1198 779 quomodo
1212 717 1342 761 etiam
1358 718 1473 761 Deus

80 802 192 838 esset
213 793 538 852 ignoraverunt.
567 793 679 836 Hinc
697 800 740 836 et
760 793 784 836 J
789 791 968 835 eremias
991 809 999 835 :
1030 808 1050 833 «
1068 792 1126 834 Et
1142 789 1291 844 homo,
1310 788 1470 847 inquit,

82 882 104 905 »
129 872 210 920 est,
235 872 279 908 et
300 864 396 925 quis
420 872 623 922 agnoscet
645 864 811 907 eum¹P
834 880 854 904 »
879 864 937 907 Et
957 862 1090 907 homo
1111 870 1204 918 cst,
1234 859 1336 921 quia
1366 874 1472 919 pro-

79 935 200 979 ditur
222 933 341 994 quod
363 932 497 978 frater
519 942 596 978 est.
625 936 679 978 Et
702 933 799 993 quis
817 942 1022 992 agnoscet
1043 933 1176 977 eum?
1196 931 1300 993 quia
1321 930 1472 975 occul-

82 1014 197 1049 tatur
218 1004 336 1064 quod
361 1020 544 1064 sponsus
564 1014 642 1049 est.
670 1006 773 1049 Haec
791 1004 846 1048 de
863 1014 986 1064 patre
1001 1004 1225 1049 Abraham
1244 1003 1472 1048 adversum

80 1074 501 1136 impudentissimam
525 1085 569 1120 et
590 1075 954 1134 imperitissimam
977 1084 1020 1119 et
1040 1074 1471 1120 calumniosissimam

82 1146 231 1192 Fausti
252 1161 404 1191 vocem
423 1145 523 1190 satis
544 1145 659 1190 dicta
681 1146 782 1190 sint.
1401 1147 1405 1149 ’

138 1220 253 1262 XLI.
289 1217 402 1262 Loth
442 1225 589 1261 autem
631 1215 764 1260 frater
799 1216 892 1276 ejus
921 1216 1064 1275 justus
1091 1224 1135 1260 et
1172 1213 1395 1275 hospitalis
1427 1213 1473 1259 in

84 1289 281 1336 Sodomis
294 1292 326 1345 ²,
352 1298 396 1334 et
413 1288 468 1333 ab
491 1288 611 1333 omni
637 1287 960 1334 Sodomitarum
990 1287 1360 1333 contaminatione
1389 1302 1473 1346 pu-

85 1376 157 1406 rus
181 1370 313 1421 atque
334 1360 518 1420 integer,
551 1375 603 1404 ex
629 1358 705 1403 illo
729 1358 933 1404 incendio
959 1359 1080 1419 quod
1109 1368 1201 1403 erat
1233 1357 1473 1403 similitudo

87 1432 223 1477 futuri
241 1432 396 1492 judicii
412 1467 423 1488 ‚
449 1431 610 1476 meruit
630 1431 771 1476 salvus
795 1431 994 1486 evadere,
1020 1441 1175 1491 typum
1191 1439 1359 1489 gestans
1374 1445 1473 1474 cor—

81 1504 198 1565 poris
219 1504 402 1558 Christi,
427 1502 546 1564 quod
570 1503 617 1547 in
640 1502 842 1548 omnibus
865 1503 1023 1548 sanctis
1045 1512 1087 1548 et
1114 1518 1232 1547 nunc
1252 1503 1366 1547 inter
1388 1501 1473 1546 ini-

82 1590 192 1636 quos
215 1584 346 1636 atque
367 1574 523 1634 impios
541 1574 691 1633 gemit,
717 1590 903 1634 quorum
922 1573 1046 1619 factis
1066 1589 1157 1618 non
1174 1574 1406 1627 consentit,
1431 1582 1474 1617 et

81 1662 105 1691 a
127 1661 315 1706 quorum
351 1645 661 1690 commixtione
690 1645 735 1688 in
768 1644 915 1690 saeculi
949 1646 1035 1689 fine
1069 1645 1356 1699 liberabitur,
1390 1643 1474 1688 illis

82 1717 298 1762 damnatis
316 1716 530 1777 supplicio
561 1716 671 1775 ignis
692 1717 858 1760 aeterni.
888 1716 1007 1761 Sicut
1029 1725 1174 1760 autem
1198 1714 1317 1760 aliud
1339 1730 1474 1774 genus

82 1789 309 1834 hominum
331 1789 377 1833 in
404 1789 497 1849 ejus
526 1803 660 1833 uxore
681 1789 916 1846 figuratum
939 1797 1017 1844 est,
1041 1804 1190 1833 eorum
1214 1786 1377 1832 scilicet
1398 1788 1475 1847 qui

81 1877 159 1922 per
176 1862 356 1920 gratiam
374 1861 451 1906 Dei
464 1860 623 1916 vocati,
640 1869 756 1904 retro
777 1860 1031 1920 respiciunt,
1056 1875 1145 1904 non
1163 1860 1275 1904 sicut
1294 1858 1471 1914 PaulUS,

83 1934 159 1994 qui
181 1949 230 1978 ea
252 1949 354 1994 quae
372 1942 489 1977 retro
511 1942 613 1977 sunt
635 1931 906 1977 obliviscitur
921 1967 933 1987 ,
958 1941 1000 1976 et
1016 1932 1061 1975 in
1077 1947 1124 1976 ea
1144 1947 1243 1992 quae
1259 1940 1359 1976 ante
1375 1939 1477 1976 sunt

82 2003 367 2049 extenditur&
396 2003 521 2049 Unde
543 2012 585 2048 et
607 2004 699 2063 ipse
721 2003 931 2048 Dominus
952 2022 961 2048 ε
990 2022 1010 2046 «
1025 2005 1180 2058 Nemo,
1197 2001 1363 2062 inquit,
1388 2002 1473 2046 im-

86 2095 106 2118 »
131 2091 297 2137 ponens
320 2091 495 2120 manum
519 2091 649 2136 super
670 2084 880 2130 aratrum,
905 2083 948 2118 et
970 2074 1202 2135 respiciens
1224 2083 1362 2129 retro,
1392 2088 1473 2133 ap-

89 2169 106 2190 »
132 2158 202 2193 tus
222 2157 286 2193 est
307 2164 442 2207 regno
461 2147 676 2193 coelorum
691 2149 722 2191 4.
744 2167 763 2189 »
790 2150 878 2193 Nec
895 2146 1006 2191 illud
1035 2144 1283 2207 exemplum
1301 2146 1436 2191 tacuit
1457 2181 1469 2202 ‚

83 2236 173 2281 quo
200 2235 278 2266 nos
299 2229 506 2281 tanquam
537 2219 624 2266 sale
655 2219 875 2276 condiret,
902 2229 952 2264 ut
975 2235 1064 2265 non
1094 2218 1205 2264 fatui
1232 2217 1472 2279 negligere-

82 2306 181 2336 mus
197 2326 208 2347 ,
233 2291 308 2335 sed
329 2291 566 2353 prudentes
589 2306 838 2336 caveremus
861 2292 944 2336 hoc
965 2290 1144 2335 malurn.
1170 2289 1297 2335 Unde
1316 2299 1359 2335 et
1379 2289 1470 2346 illa,

84 2371 134 2406 ut
164 2363 248 2407 hoc
283 2363 559 2418 admoneret,
595 2363 640 2406 in
669 2371 857 2407 statuam
880 2361 978 2407 salis
1006 2377 1212 2407 conversa
1234 2363 1338 2406 est5.
1364 2363 1474 2408 Nam

84 2449 183 2478 cum
209 2434 463 2494 praeciperet
488 2443 536 2478 ut
560 2449 604 2479 se
626 2434 809 2495 quisque
840 2433 1260 2494 perseverantissima
1287 2433 1475 2477 anterio-

135 2535 226 2568 'Jer.
242 2546 319 2578 xvii,
332 2548 365 2578 9.
388 2553 428 2559 --
449 2544 460 2559 ²
478 2538 556 2569 Gen.
576 2547 626 2569 xix
641 2561 649 2577 ,
683 2535 733 2570 15.
751 2534 819 2559 -3
837 2535 952 2577 Philip.
974 2546 1013 2568 ιιι
1027 2561 1035 2577 ,
1052 2534 1104 2568 13.
1118 2533 1186 2566 -4
1202 2537 1281 2568 Luc.
1302 2546 1347 2577 ix,
1362 2535 1417 2569 62.
1434 2551 1476 2559 ·--

86 2587 101 2612 5
122 2590 203 2623 Gen.
221 2602 289 2634 xix,
309 2594 363 2626 26.
