1803 3250
315 283 480 314 con-rna
511 282 817 315 Anvunsmxum
849 284 986 324 LEGIS,
1020 284 1104 313 ιω.
1140 286 1172 313 1.
1355 270 1436 314 347

22 360 26 363 ’
55 353 266 400 omnino:
291 360 470 397 noverat
491 352 606 396 enim
629 366 706 411 per
733 348 1011 409 sapientiam,
1045 365 1135 395 non
1158 359 1339 395 noverat
1365 366 1445 411 per

4 433 9 440 '
55 424 376 483 experientiam.
397 422 841 483 Huicitaquedivinse
857 421 1079 480 sapientiae
1101 421 1276 466 credere
1289 423 1444 468 debuit

53 494 214 548 Adam,
240 503 290 537 ut
311 492 453 537 abina
474 493 573 537 mali
595 492 772 538 scientia
796 507 894 552 quae
918 492 965 535 fit
989 507 1066 551 per
1097 492 1409 552 experientiam
1426 527 1439 550 ‚

52 574 271 626 praecepto
295 565 375 608 Dei
396 563 603 609 obediens
628 564 904 623 temperaret.
932 563 999 607 Sic
1017 564 1132 607 enim
1152 563 1316 609 malum
1339 580 1442 611 nes-

50 636 196 691 cisset,
224 635 304 679 nisi
327 634 510 690 fecisset.
534 635 654 678 Fecit
671 643 817 678 autem
839 633 937 688 sibi,
957 649 1045 678 non
1068 637 1173 679 Deo.
1195 634 1312 679 Nihil
1327 636 1441 681 enim

16 727 19 730 ·
49 706 194 752 facere
214 705 358 766 potuit
373 704 602 750 voluntate
623 704 952 759 inobedientiae,
975 704 1055 748 nisi
1073 705 1194 764 quod
1217 705 1307 764 ipse
1325 715 1442 764 pate-

49 786 169 823 retur
198 777 295 837 lege
321 777 517 837 justitiae.
555 779 659 820 Haec
690 785 754 820 est
787 791 978 836 namque
1010 791 1145 835 poena
1173 775 1446 822 inobedienti

47 848 216 894 homini
239 847 408 892 reddita
427 848 471 890 in
502 848 750 905 semetipso,
774 856 823 891 ut
845 847 885 890 ci
906 847 1091 891 vicissim
1108 862 1199 891 non
1216 846 1448 901 obediatur

47 934 129 964 nee
149 935 173 963 a
189 918 436 978 semetipso.
467 921 527 961 De
544 934 629 977 qua
653 933 698 961 re
715 918 892 967 uberius
910 917 953 962 in
979 916 1094 972 aliis,
1120 927 1164 961 et
1189 918 1375 962 maxime
1401 918 1447 963 in

47 1001 204 1053 quarto
227 989 400 1039 decimo
421 989 536 1034 libro
555 989 610 1034 de
632 990 818 1035 Civitate
842 990 917 1034 Dei
936 989 1265 1049 disputavimus.

104 1064 228 1108 xlx.
263 1064 390 1107 Nunc
414 1072 558 1106 autem
582 1062 771 1105 breviter
794 1060 1091 1122 responderim
1111 1059 1226 1105 adid
1245 1061 1364 1122 quod
1383 1062 1443 1108 ait

46 1135 142 1189 iste,
164 1133 352 1177 hominis
368 1134 658 1177 institutorem
676 1149 698 1177 a
719 1149 876 1191 magno
891 1133 1007 1177 bono
1025 1133 1299 1192 prohibuisse
1313 1149 1444 1194 quem

43 1206 228 1260 fecerat,
253 1205 361 1249 dum
387 1220 487 1249 eum
512 1206 657 1264 pecori
686 1204 868 1249 similem
895 1205 987 1249 sine
1010 1205 1310 1264 dignoscentia
1336 1206 1441 1250 boni

46 1286 90 1322 et
118 1276 221 1321 mali
254 1291 344 1320 esse
380 1275 602 1320 voluisset.
645 1278 749 1320 Haec
779 1276 895 1319 enim
929 1276 1228 1333 dignoscentia
1261 1292 1351 1320 non
1381 1285 1445 1321 est

44 1347 163 1397 beati
185 1347 372 1391 hominis
389 1346 616 1406 sapientia,
641 1345 715 1390 sed
739 1346 881 1390 miseri
903 1346 1164 1406 experientia
1187 1362 1195 1387 :
1223 1347 1341 1390 unde
1358 1346 1444 1406 lig-

44 1434 152 1464 num
176 1433 337 1462 nornen
366 1418 559 1477 accepit,
585 1433 608 1461 a
632 1418 754 1478 cujus
786 1418 882 1462 cibo
911 1426 974 1461 est
1006 1418 1139 1461 homo
1164 1417 1442 1477 prohibitus,

46 1499 94 1534 ut
110 1489 358 1534 obedientia
380 1489 763 1534 commendaretur
789 1505 890 1550 quae
913 1490 1098 1534 maxima
1120 1498 1186 1534 est
1208 1490 1346 1534 virtus
1362 1525 1373 1545 ‚
1398 1498 1443 1534 et

43 1569 94 1606 ut
115 1561 175 1606 sic
195 1561 374 1605 dixerim
392 1595 403 1615 ‚
427 1561 623 1605 omnium
653 1561 777 1620 origo
800 1570 1027 1621 materque
1054 1561 1268 1606 virtutum
1286 1595 1297 1616 ,
1321 1561 1368 1604 in
1392 1576 1443 1606 ea

44 1641 200 1677 natura
223 1632 293 1676 cui
315 1632 374 1676 sic
393 1633 544 1676 datum
563 1641 627 1676 est
649 1632 879 1676 arbitrium
901 1630 1052 1676 liberae
1072 1631 1327 1683 voluntatis,
1346 1647 1441 1677 eam

43 1712 191 1749 tamen
205 1719 378 1748 necesse
396 1704 450 1747 sit
468 1704 613 1748 vivere
630 1703 712 1748 sub
730 1712 944 1763 potestate
956 1703 1160 1748 melioris.
1179 1708 1440 1764 Quanquam
1472 1746 1475 1747 γ

42 1790 133 1821 non
154 1773 375 1819 defuerint
391 1775 713 1838 quibus'visum
734 1784 798 1818 est
820 1774 940 1818 illam
965 1773 1309 1833 dignoscentiam
1332 1775 1439 1819 boni

42 1857 86 1892 et
109 1845 239 1903 mali,
272 1862 479 1905 magnum
510 1846 690 1907 aliquod
718 1848 886 1891 bonum
920 1846 1052 1891 fuisse
1074 1867 1083 1892 ε
1104 1849 1228 1908 cujus
1261 1862 1441 1907 capaces

41 1919 242 1964 nondum
266 1917 447 1963 fuerunt
467 1918 543 1979 qui
565 1919 678 1963 hanc
701 1928 961 1979 usurpantes
975 1929 1128 1964 contra
1141 1919 1342 1975 vetitum,
1361 1935 1439 1980 per

42 1989 385 2036 inobedientiam
409 2000 716 2049 peccaverunt.

100 2062 200 2105 XX.
235 2061 404 2113 Quibus
422 2070 570 2105 autem
591 2060 764 2106 videtur
785 2061 845 2105 sic
866 2061 1091 2106 hominem
1109 2062 1201 2105 fieri
1217 2061 1435 2119 debuisse,

42 2141 92 2178 ut
113 2148 294 2192 peccare
315 2131 476 2184 nollet3
512 2138 602 2178 non
632 2134 691 2178 eis
718 2132 940 2192 displiceat
970 2134 1030 2178 sic
1060 2149 1150 2178 esse
1172 2133 1364 2188 factum,
1388 2142 1439 2179 ut

43 2220 131 2248 non
156 2213 298 2263 posset
316 2219 496 2262 peccare
512 2205 545 2247 si
561 2203 711 2249 nollet.
735 2203 960 2265 Numquid
976 2205 1090 2248 enim
1106 2205 1140 2249 si
1159 2205 1311 2249 meiior
1328 2214 1438 2249 esset

16 2269 20 2279 ’
43 2276 120 2336 qui
143 2291 230 2320 non
250 2285 393 2334 posset
420 2291 622 2334 peccare,
647 2276 746 2322 idco
768 2293 856 2321 non
880 2278 991 2321 bene
1012 2276 1150 2322 factus
1171 2286 1233 2321 est
1249 2277 1323 2337 qui
1342 2292 1439 2338 pos·

44 2357 108 2392 set
147 2356 190 2391 et
218 2362 307 2391 non
336 2349 550 2406 peceare?
573 2351 661 2393 Aut
694 2364 796 2393 vero
825 2364 962 2408 usque
992 2348 1100 2397 adeo
1135 2348 1435 2409 desipiendum

44 2427 133 2474 est,
157 2427 206 2463 ut
227 2419 360 2463 homo
380 2417 527 2463 videat
548 2419 702 2464 melius
724 2419 889 2481 aliquid
911 2420 1005 2463 fieri
1028 2420 1231 2464 debuisse
1248 2455 1259 2475 ,
1285 2433 1329 2464 et
1351 2421 1435 2466 hoc

44 2492 184 2534 Deum
205 2489 361 2535 vidisse
382 2506 470 2535 non
496 2499 646 2551 putet3
670 2500 746 2536 aut
771 2501 897 2551 putet
917 2491 1098 2547 vidisse,
1124 2501 1168 2536 et
1191 2490 1340 2536 credat
1364 2490 1434 2537 fa-

43 2575 141 2605 eere
163 2560 376 2619 noluisse,
400 2571 476 2607 aut
491 2561 675 2607 voluisse
690 2562 885 2622 quidem,
911 2562 987 2607 sed
1009 2563 1186 2606 minime
1208 2563 1434 2623 potuisse?

51 2634 225 2676 Avertat
246 2632 332 2677 hoc
358 2636 472 2678 Deus
496 2649 520 2678 a
541 2633 744 2679 cordibus
765 2634 952 2693 piorum.
988 2634 1030 2679 Si
1052 2649 1157 2693 ergo
1185 2634 1294 2679 ratio
1315 2643 1431 2679 reeta
