1803 3250
436 224 599 254 CONTRA
636 223 848 263 rAus‘rtm,
886 228 966 254 Lm.
1004 228 1112 254 xxn.
1449 215 1473 252 5

86 290 147 335 tio
165 325 176 345 ‚
201 290 277 351 qui
299 291 412 336 inter
441 292 675 336 Hebraicas
704 291 995 335 institutiones
1029 301 1073 336 et
1107 295 1268 351 Legem
1297 291 1471 336 nullum

85 360 215 406 vultis
239 376 328 406 esse
348 362 577 406 discrimen
599 381 607 407 :
629 361 823 422 alioquin
839 361 1008 406 reddite
1026 363 1128 419 Legi
1147 363 1364 422 propriam
1383 363 1474 421 dig-

84 433 264 477 nitatem
281 469 292 489 ,
319 433 571 478 Israeliticas
592 434 645 478 ab
667 434 818 478 eadem
842 434 1132 493 turpitudines
1150 444 1356 494 tanquam
1373 449 1476 479 ver-

84 519 208 549 rucas
234 504 436 558 incidite,
460 503 787 549 deformationis
805 506 896 565 ejus
911 505 1076 549 crimen
1094 505 1376 564 scriptoribus
1395 506 1475 549 im-

83 585 234 635 putate
251 611 261 628 ‚
299 585 342 620 et
371 577 514 620 statim
539 575 740 620 videbitis
765 592 843 621 nos
866 575 1075 636 judaismi
1099 575 1297 621 inimicos
1319 577 1474 632 fuisse,

81 663 170 692 non
201 648 341 706 LegiS.
374 647 500 706 Legis
528 663 689 691 nomen
712 657 774 692 est
804 647 927 707 quod
950 662 1026 692 vos
1054 647 1216 706 decipit
1242 666 1250 692 z
1282 648 1384 707 quia
1407 648 1477 692 cui

76 719 176 779 jure
193 717 351 762 debeat
375 717 562 762 abscribi
581 754 591 772 ‚
617 734 705 762 non
728 719 878 763 nostis.
904 737 924 760 »

142 791 222 833 ΙΙΙ.
252 808 272 830 «
297 788 366 833 Ad
396 789 490 833 haec
518 798 562 833 et
587 790 823 849 Prophetas
853 798 896 833 et
914 790 1182 833 Patriarchas
1205 798 1369 833 vestros
1397 805 1476 834 cur

80 875 158 904 nos
200 860 503 919 blasphemare
538 861 801 915 existimetis,
841 876 920 920 ego
958 876 1046 905 non
1081 860 1223 905 video.
1261 861 1407 906 Namsi
1450 877 1472 905 a

80 932 206 976 nobis
226 931 383 990 scripta
407 933 499 975 haec
531 931 746 976 dictatave
769 930 974 985 fuissent,
996 947 1094 991 quae
1125 931 1256 975 iidem
1291 932 1474 976 commi-

80 1001 179 1046 sisse
201 1001 422 1059 leguntur‚
454 1012 561 1046 esset
586 1012 723 1046 vestra
751 1003 842 1046 haec
868 1003 913 1045 in
943 1017 1021 1046 nos
1047 1017 1133 1044 non
1167 1001 1476 1045 irrationabilis

80 1073 295 1117 accusatio
318 1091 326 1115 :
347 1073 422 1115 nbi
443 1087 546 1116 vero
569 1081 642 1115 aut
667 1073 720 1115 ab
744 1073 842 1131 ipsis
860 1073 1010 1115 eadem
1033 1072 1187 1130 scripta
1207 1082 1308 1116 sunt
1324 1082 1475 1117 contra

79 1144 318 1188 honestatis
348 1158 512 1186 morem
531 1178 540 1195 ‚
567 1141 621 1185 (le
643 1142 755 1186 vitiis
786 1143 1064 1201 captantibus
1089 1141 1267 1199 gloriam
1285 1180 1295 1197 ‚
1323 1153 1397 1188 aut
1420 1144 1474 1188 ab

81 1229 231 1258 eorum
267 1213 390 1257 sociis
424 1228 472 1257 ac
509 1213 686 1271 paribus
707 1247 717 1259 ,
756 1222 901 1257 nostra
933 1228 1032 1272 quaa
1064 1213 1073 1254 i
1105 1213 1189 1257 thie
1228 1213 1355 1272 culpa
1380 1216 1478 1258 est?

81 1287 348 1327 Damnamns
366 1284 480 1326 enim
501 1283 700 1326 detestati
719 1292 838 1326 actus
857 1284 1028 1342 iniquos
1046 1318 1056 1337 ‚
1082 1299 1188 1342 quos
1208 1283 1323 1328 ultro
1342 1283 1396 1328 de
1414 1300 1474 1340 se,

83 1369 164 1398 nec
186 1354 441 1412 interrogati
460 1352 644 1397 confessi
666 1363 766 1397 sunt
787 1354 848 1397 rei
876 1373 884 1397 ε
915 1364 988 1398 aut
1010 1354 1043 1397 si
1063 1355 1157 1398 haec
1178 1370 1251 1413 per
1269 1355 1478 1399 invidiam

81 1425 340 1484 scriptorum
359 1424 562 1468 adversus
579 1439 650 1467 eos
667 1424 911 1482 malignitas
927 1425 1070 1479 finxit,
1093 1426 1333 1483 puniantur
1348 1426 1478 1485 scrip-

82 1504 195 1539 tores
210 1530 221 1549 ,
246 1494 513 1539 damnentur
529 1510 680 1539 eorum
696 1495 797 1538 libri
813 1531 823 1550 ‚
851 1505 1061 1554 purgetur
1078 1496 1383 1555 propheticum
1402 1512 1480 1541 no-

79 1581 182 1610 men
202 1565 384 1625 indigna
411 1566 527 1609 sama
544 1601 554 1619 ‚
582 1567 779 1625 gravitati
809 1575 940 1626 atque
961 1582 1155 1611 censurae
1178 1582 1267 1611 suae
1293 1569 1480 1612 Patriar-

83 1639 264 1682 charum
287 1636 496 1681 reddatur
518 1639 765 1683 auctoritas,
791 1656 810 1678 »

144 1711 219 1752 IV.
251 1728 271 1750 «
297 1712 352 1752 Et
373 1723 475 1752 sane
505 1709 598 1751 fieri
628 1709 770 1767 potuit
789 1743 799 1763 ,
828 1717 876 1752 ut
909 1709 1283 1769 quemadmodum
1307 1711 1362 1754 de
1385 1713 1475 1756 Deo

80 1779 360 1839 impudenter
388 1779 518 1823 iidem
553 1789 675 1823 tanta
712 1781 959 1835 finxerunt,
996 1797 1115 1826 nunc
1143 1797 1241 1826 eum
1281 1783 1326 1826 in
1358 1792 1481 1827 tene-

81 1851 170 1894 bris
189 1866 239 1894 ex
261 1860 425 1895 aeterno
442 1859 658 1895 versatum
677 1850 883 1905 dicentes,
910 1861 952 1896 et
977 1861 1124 1911 postea
1148 1853 1352 1897 miratum
1376 1869 1477 1897 cum

81 1921 259 1967 vidisset
290 1921 463 1980 lucem3
492 1937 610 1966 nunc
639 1923 838 1981 ignarum
872 1922 1038 1978 futuri,
1064 1933 1114 1968 ut
1135 1934 1403 1984 praeceptum
1425 1924 1480 1968 il-

79 1992 159 2036 lud
184 1992 301 2052 quod
330 2009 419 2037 non
446 2001 557 2037 esset
574 2003 820 2037 servaturus
836 1994 976 2038 Adam
993 2031 1004 2049 ,
1027 1995 1064 2039 ei
1083 1996 1310 2041 mandaret
1328 2017 1338 2052 3
1356 2011 1475 2040 nunc

81 2072 126 2106 et
148 2062 443 2122 improvidum
458 2098 469 2118 ‚
494 2072 546 2107 ut
566 2079 667 2107 eum
692 2063 901 2108 latentem
926 2065 972 2108 in
997 2064 1159 2124 angulo
1177 2066 1364 2126 paradisi
1382 2076 1480 2126 post

81 2132 328 2177 nuditatem
349 2133 567 2191 cognitam
593 2134 738 2178 videre
763 2150 852 2178 non
879 2145 1050 2194 posset3
1077 2152 1196 2180 nunc
1219 2147 1261 2180 et
1279 2136 1480 2181 invidum

85 2219 135 2247 ac
155 2203 383 2247 timentem
399 2238 410 2259 ‚
436 2220 490 2247 ne
512 2205 544 2247 si
566 2214 759 2263 gustaret
782 2206 913 2250 horno
934 2222 1036 2250 suus
1060 2206 1114 2250 de
1137 2206 1256 2264 ligno
1279 2208 1380 2251 vitae
1398 2243 1409 2263 ⁷
1435 2208 1480 2251 in

83 2283 299 2318 aeternum
313 2275 505 2332 viveret3
531 2290 648 2318 nune
669 2275 772 2319 alias
794 2286 837 2320 et
861 2286 1139 2336 appetentem
1163 2279 1382 2337 sanguinis
1413 2288 1481 2323 at-

87 2361 175 2406 que
192 2345 330 2405 adipis
348 2361 399 2389 ex
417 2346 535 2390 omni
553 2361 710 2405 genere
727 2348 1037 2392 sacrificiorum
1056 2383 1066 2403 ‚
1093 2347 1394 2410 zelantemque
1410 2384 1420 2404 ,
1446 2351 1481 2394 si

87 2426 130 2461 et
152 2416 242 2461 aliis
272 2416 423 2461 eadem
448 2417 712 2461 offerrentur
743 2428 790 2462 ut
813 2419 921 2475 sibi3
944 2429 986 2463 et
1008 2435 1127 2464 nunc
1153 2420 1407 2464 irascentem
1436 2421 1482 2464 in

90 2485 252 2531 alienos
269 2522 280 2542 ,
303 2502 422 2531 nunc
452 2497 495 2532 et
524 2489 569 2531 in
593 2503 720 2546 suos3
747 2504 866 2533 nunc
884 2490 1167 2548 perimentem
1188 2489 1321 2534 millia
1337 2491 1481 2535 homi-

90 2573 196 2602 num
229 2558 287 2603 ob
322 2558 429 2603 levia
462 2559 636 2617 quidem
663 2570 736 2604 aut
770 2560 887 2605 nulla
921 2561 1179 2617 commissa3
1211 2577 1330 2607 nunc
1353 2562 1484 2607 etiam
