1803 3250
368 255 527 282 CONTRA
562 254 864 283 anvnnsanmm
898 255 1036 293 LEGIS,
1073 256 1156 282 ιω.
1193 257 1221 281 1.
1406 244 1486 281 357

106 319 220 378 poris
242 318 376 364 frusta
389 355 399 374 ,
431 319 639 379 paulatim
655 329 785 380 atque
801 319 1067 373 minutatim,
1086 320 1233 363 vivens
1246 328 1288 363 et
1302 319 1490 363 sentiens

104 388 312 434 dilanaria
333 391 617 450 consumique
639 390 885 445 maluisset,
915 405 1047 449 quam
1078 391 1288 449 gehennae
1318 391 1491 448 ignibus

103 462 370 520 mancipari?
393 462 516 505 Absit
547 470 693 505 tamen
723 469 773 505 ut
798 459 1087 504 crudeliorem
1116 461 1347 521 quisquam
1375 461 1490 505 dicat

103 531 327 590 Evangelii
353 535 489 576 Deum
508 547 640 592 quam
664 532 788 591 Legis
813 534 966 586 Deum,
991 531 1238 591 intelligens
1260 533 1491 592 utriusque

102 619 190 648 esse
214 618 354 647 unum
372 612 415 647 et
437 603 640 647 eumdem
666 606 821 659 Deum,
842 604 888 647 in
910 607 1024 661 Lege
1047 613 1280 647 terrentem
1304 605 1487 648 carnali-

103 675 199 729 bus,
216 675 261 718 in
281 673 520 733 Evangelio
542 673 808 734 spiritalibus
823 674 964 733 poenis
983 695 994 731 3
1019 683 1062 718 et
1076 674 1137 718 ibi
1152 684 1195 718 et
1212 675 1282 718 hic
1298 675 1489 730 fidelem,

101 761 319 805 nusquam
342 745 584 790 crudelem.

161 818 350 861 XXXII.
377 816 494 869 Quid
518 814 628 859 illud
645 851 656 870 ,
684 830 831 861 nonne
850 816 883 860 si
905 832 928 860 a
956 815 1134 861 Christo
1149 815 1345 874 linguam
1368 830 1492 874 repe-

101 887 207 930 riret
227 886 412 931 alienam
432 886 478 929 in
500 902 689 946 eumque
708 885 1026 946 blasphemam,
1049 895 1091 931 et
1107 886 1246 946 qualis
1264 895 1326 930 est
1343 887 1489 946 hujus,

102 957 234 1018 impia
259 957 510 1016 garrulitate
531 958 845 1014 damnabilem,
870 958 1066 1002 acerbius
1087 967 1129 1001 et
1147 959 1332 1002 amarius
1354 958 1492 1016 exagi-

102 1037 282 1084 taretur,
307 1044 438 1089 quam
457 1028 576 1089 quod
598 1030 677 1074 iste
699 1029 755 1073 de
778 1030 960 1074 obsonio
982 1030 1177 1074 sacrificii
1201 1038 1488 1089 praegustato,

101 1100 377 1159 corporalem
399 1099 775 1161 temporalemque
792 1116 971 1160 poenam
994 1117 1073 1161 pro
1094 1101 1313 1159 sacrilegio
1343 1102 1402 1145 sic
1426 1102 1494 1144 in-

101 1170 308 1230 dignatur
329 1173 561 1229 ingestam,
594 1172 671 1216 ubi
704 1182 941 1216 venturum
963 1188 1007 1216 se
1026 1173 1236 1217 Dominus
1255 1208 1265 1225 ‚
1292 1181 1334 1215 et
1363 1172 1414 1216 ad
1439 1173 1494 1216 si-

101 1244 281 1288 nisti-am
302 1243 450 1302 positis
472 1245 674 1302 gentibus
691 1246 704 1269 ¹
723 1245 914 1288 minatur
936 1260 1025 1288 esse
1047 1245 1266 1289 dicturum
1288 1264 1295 1288 :
1328 1264 1343 1283 «
1365 1247 1428 1288 Ite.
1448 1246 1491 1287 in

103 1333 124 1357 n
150 1315 297 1374 ignem
309 1323 539 1369 aeternum,
557 1315 632 1374 qui
648 1325 823 1374 paratus
837 1325 899 1360 est
913 1315 1090 1359 diabolo
1107 1325 1150 1359 et
1163 1314 1327 1374 angelis
1347 1317 1380 1375 ej
1390 1318 1460 1359 us?
1473 1335 1490 1355 »

103 1386 244 1444 Hujus
268 1385 379 1428 tanti
409 1384 595 1444 supplici
625 1386 782 1444 quaeris
814 1387 1022 1430 causam?
1060 1405 1079 1427 «
1102 1386 1297 1439 Esurivi,
1323 1386 1466 1444 inquit
1483 1422 1492 1438 ,

105 1474 124 1498 »
151 1464 194 1500 et
212 1472 301 1501 non
319 1455 499 1501 dedistis
526 1457 634 1500 mihi
657 1457 962 1501 manducare2.
983 1476 1003 1498 »
1032 1460 1143 1501 Ecce
1161 1473 1240 1516 pro
1263 1472 1354 1500 esca
1385 1468 1495 1500 tem-

100 1528 238 1587 porali
253 1564 264 1582 ,
289 1543 380 1571 non
403 1528 563 1582 ablata,
585 1527 661 1572 sed
684 1544 773 1573 non
795 1528 912 1583 data,
934 1538 1147 1573 aeternum
1166 1538 1209 1572 et
1226 1528 1493 1572 horrendum

100 1598 363 1658 supplicium
386 1600 692 1644 comminatur.
725 1603 782 1644 Et
804 1610 941 1655 recte,
966 1601 1000 1643 si
1029 1600 1228 1645 consulas
1252 1600 1493 1644 veritatem.

102 1673 369 1729 Perparvum
391 1679 454 1714 est
472 1671 588 1714 enim
604 1671 725 1731 quod
743 1672 787 1714 in
811 1671 1097 1728 eleemosynis
1116 1670 1244 1714 datur
1266 1690 1273 1714 :
1300 1670 1375 1714 sed
1397 1686 1493 1714 cum

103 1742 174 1801 pie
191 1741 337 1793 datur,
357 1750 571 1785 aeternum
584 1741 687 1786 inde
701 1743 904 1786 meritum
918 1752 1209 1802 comparatur.
1239 1744 1293 1785 Et
1306 1743 1404 1785 ideo
1420 1758 1488 1800 po-

107 1814 188 1857 tius
203 1813 305 1872 quia
322 1827 504 1871 parvum
523 1822 586 1858 est
600 1813 720 1873 quod
735 1814 864 1857 datur
877 1849 887 1868 ‚
914 1814 1306 1873 magnaimpietate
1324 1829 1412 1857 non
1427 1814 1497 1857 da-

102 1895 188 1929 tur.
216 1883 340 1928 Unde
363 1899 453 1928 non
474 1885 633 1928 mirum
652 1894 730 1937 est,
752 1884 873 1943 quod
894 1894 1026 1928 tantae
1044 1883 1256 1928 sterilitati
1281 1884 1401 1927 velut
1425 1885 1496 1927 in,-

102 1953 424 2000 sructuosarum
448 1956 672 2009 arborum,
699 1952 807 2013 i'gnis
829 1955 980 1998 aeterni
998 1954 1261 2014 supplicium
1279 1970 1497 2014 praepara-

103 2035 191 2072 tur.
215 2026 258 2071 Si
270 2035 416 2070 autem
432 2025 630 2071 consulas
644 2027 882 2082 hominem,
900 2036 950 2072 ut
962 2027 1017 2071 de
1029 2043 1108 2071 suo
1122 2027 1381 2086 respondeat
1396 2027 1494 2072 tibi:

108 2116 126 2138 «
153 2097 302 2142 Omnis
326 2098 458 2142 homo
480 2097 692 2153 mendax,
724 2118 740 2139 »
774 2098 1016 2143 contemnit
1048 2097 1244 2157 culpam,
1270 2108 1497 2156 exaggerat

104 2182 284 2227 poenam
294 2186 310 2222 ,ε
324 2167 443 2212 illam
454 2168 617 2228 quippe
626 2184 715 2213 non
727 2169 847 2214 videt
856 2178 1002 2213 mente
1016 2168 1177 2213 carnali
1188 2203 1199 2224 ,
1215 2169 1495 2213 hancexhor-

103 2248 170 2284 ret
189 2254 319 2284 carne
335 2239 523 2284 mortali.
547 2239 659 2284 Talis
677 2249 741 2284 est
754 2240 834 2285 iste
854 2241 900 2285 in
917 2240 1114 2284 omnium
1130 2239 1359 2283 hominum
1371 2275 1382 2294 ,
1415 2240 1492 2299 qui

104 2311 351 2370 puniuntur
372 2311 443 2355 vel
464 2312 761 2370 corripiuntur
785 2312 830 2356 in
856 2314 1012 2356 Vetere
1036 2313 1335 2365 Testamento,
1361 2309 1492 2369 longe

105 2381 351 2426 mitioribus
367 2397 501 2442 quam
517 2381 725 2441 leguntur
741 2383 786 2426 in
808 2381 1062 2441 Evangelio,
1086 2381 1382 2441 corporalibus
1402 2397 1496 2441 poe-

106 2453 187 2497 nis.
209 2452 338 2506 Quod
361 2454 478 2498 enim
504 2452 718 2499 diluvium
747 2455 987 2514 comparari
1018 2454 1190 2499 aeternis
1218 2454 1394 2513 ignibus
1419 2468 1495 2512 po-

108 2526 219 2570 test?
246 2529 351 2577 Quae
379 2524 544 2580 caedes,
579 2542 678 2586 quae
701 2525 908 2579 vulnera,
935 2541 1034 2585 quae
1065 2540 1301 2584 corporum
1331 2533 1490 2569 mortes

160 2616 166 2632 ¹
190 2611 257 2642 Vox
273 2609 424 2651 gentibus
442 2610 620 2643 redundare
638 2611 776 2644 videtur.
793 2627 834 2635 -—
852 2617 866 2636 ²
881 2610 993 2644 Matth.
1014 2619 1088 2651 xxv,
1106 2608 1162 2650 41,
1181 2608 1235 2650 42.
