<?xml version="1.0" encoding="UTF-8"?>
<!DOCTYPE html PUBLIC "-//W3C//DTD XHTML 1.0 Transitional//EN"
    "http://www.w3.org/TR/xhtml1/DTD/xhtml1-transitional.dtd">
<html xmlns="http://www.w3.org/1999/xhtml" xml:lang="en" lang="en">
 <head>
  <title>
</title>
<meta http-equiv="Content-Type" content="text/html;charset=utf-8" />
  <meta name='ocr-system' content='tesseract 3.04.00' />
  <meta name='ocr-capabilities' content='ocr_page ocr_carea ocr_par ocr_line ocrx_word'/>
</head>
<body>
  <div class='ocr_page' id='page_1' title='image "./operaomniaaccura29auguuoft/operaomniaaccura29auguuoft_0104.png"; bbox 0 0 1803 3250; ppageno 0'>
   <div class='ocr_carea' id='block_1_1' title="bbox 341 196 1287 235">
    <p class='ocr_par' dir='ltr' id='par_1_1' title="bbox 341 196 1287 235">
     <span class='ocr_line' id='line_1_1' title="bbox 341 196 1287 235; baseline -0.003 0"><span class='ocrx_word' id='word_1_1' title='bbox 341 196 393 235; x_wconf 75' lang='lat'>94</span> <span class='ocrx_word' id='word_1_2' title='bbox 775 207 808 233; x_wconf 78' lang='lat' dir='ltr'>s.</span> <span class='ocrx_word' id='word_1_3' title='bbox 846 205 1076 234; x_wconf 71' lang='lat' dir='ltr'>mensum</span> <span class='ocrx_word' id='word_1_4' title='bbox 1109 207 1287 234; x_wconf 71' lang='grc' dir='ltr'>ΕΡιεεοιη</span> 
     </span>
    </p>
   </div>
   <div class='ocr_carea' id='block_1_2' title="bbox 336 269 1736 894">
    <p class='ocr_par' dir='ltr' id='par_1_2' title="bbox 336 269 1736 894">
     <span class='ocr_line' id='line_1_2' title="bbox 336 269 1728 326; baseline 0.001 -11"><span class='ocrx_word' id='word_1_5' title='bbox 336 286 464 315; x_wconf 87' lang='lat' dir='ltr'>suum</span> <span class='ocrx_word' id='word_1_6' title='bbox 489 273 704 325; x_wconf 55' lang='grc' dir='ltr'>ιΙοειιῐιῐιθε,</span> <span class='ocrx_word' id='word_1_7' title='bbox 745 269 924 315; x_wconf 87' lang='lat' dir='ltr'>fratrem</span> <span class='ocrx_word' id='word_1_8' title='bbox 959 271 1201 315; x_wconf 85' lang='lat' dir='ltr'>secundum</span> <span class='ocrx_word' id='word_1_9' title='bbox 1238 285 1386 314; x_wconf 86' lang='lat' dir='ltr'>semen</span> <span class='ocrx_word' id='word_1_10' title='bbox 1421 272 1635 326; x_wconf 84' lang='lat' dir='ltr'>Abrahae,</span> <span class='ocrx_word' id='word_1_11' title='bbox 1660 287 1728 317; x_wconf 89' lang='lat' dir='ltr'>se-</span> 
     </span>
     <span class='ocr_line' id='line_1_3' title="bbox 337 340 1728 401; baseline -0.001 -15"><span class='ocrx_word' id='word_1_12' title='bbox 337 341 534 386; x_wconf 87' lang='lat' dir='ltr'>cundum</span> <span class='ocrx_word' id='word_1_13' title='bbox 557 341 861 399; x_wconf 85' lang='lat' dir='ltr'>cognationem</span> <span class='ocrx_word' id='word_1_14' title='bbox 884 342 1030 387; x_wconf 85' lang='lat' dir='ltr'>Mariae</span> <span class='ocrx_word' id='word_1_15' title='bbox 1048 342 1194 385; x_wconf 89' lang='lat' dir='ltr'>matris</span> <span class='ocrx_word' id='word_1_16' title='bbox 1216 342 1310 401; x_wconf 86' lang='lat' dir='ltr'>ejus</span> <span class='ocrx_word' id='word_1_17' title='bbox 1327 351 1371 386; x_wconf 90' lang='lat' dir='ltr'>et</span> <span class='ocrx_word' id='word_1_18' title='bbox 1392 340 1616 386; x_wconf 84' lang='lat' dir='ltr'>Elisabeth</span> <span class='ocrx_word' id='word_1_19' title='bbox 1639 357 1728 386; x_wconf 81' lang='lat' dir='ltr'>ma-</span> 
     </span>
     <span class='ocr_line' id='line_1_4' title="bbox 339 411 1726 473; baseline 0 -17"><span class='ocrx_word' id='word_1_20' title='bbox 339 413 412 456; x_wconf 86' lang='lat' dir='ltr'>tris</span> <span class='ocrx_word' id='word_1_21' title='bbox 432 427 524 455; x_wconf 86' lang='lat' dir='ltr'>suae</span> <span class='ocrx_word' id='word_1_22' title='bbox 544 446 555 466; x_wconf 90' lang='lat'>‚</span> <span class='ocrx_word' id='word_1_23' title='bbox 592 411 886 473; x_wconf 89' lang='lat' dir='ltr'>eumdemque</span> <span class='ocrx_word' id='word_1_24' title='bbox 916 414 1149 458; x_wconf 89' lang='lat' dir='ltr'>Dominum</span> <span class='ocrx_word' id='word_1_25' title='bbox 1180 422 1223 457; x_wconf 92' lang='lat' dir='ltr'>et</span> <span class='ocrx_word' id='word_1_26' title='bbox 1246 415 1383 457; x_wconf 91' lang='lat' dir='ltr'>Deum</span> <span class='ocrx_word' id='word_1_27' title='bbox 1411 428 1565 467; x_wconf 85' lang='lat' dir='ltr'>suum,</span> <span class='ocrx_word' id='word_1_28' title='bbox 1590 413 1694 473; x_wconf 87' lang='lat' dir='ltr'>quia</span> <span class='ocrx_word' id='word_1_29' title='bbox 1715 448 1726 468; x_wconf 89' lang='lat'>,</span> 
     </span>
     <span class='ocr_line' id='line_1_5' title="bbox 336 482 1728 543; baseline 0 -17"><span class='ocrx_word' id='word_1_30' title='bbox 336 484 447 526; x_wconf 89' lang='lat' dir='ltr'>sicut</span> <span class='ocrx_word' id='word_1_31' title='bbox 468 482 559 541; x_wconf 88' lang='lat' dir='ltr'>ipse</span> <span class='ocrx_word' id='word_1_32' title='bbox 580 483 639 526; x_wconf 92' lang='lat' dir='ltr'>ait</span> <span class='ocrx_word' id='word_1_33' title='bbox 657 501 667 528; x_wconf 76' lang='grc' dir='ltr'>ι</span> <span class='ocrx_word' id='word_1_34' title='bbox 689 503 708 524; x_wconf 89' lang='lat'>«</span> <span class='ocrx_word' id='word_1_35' title='bbox 726 486 789 527; x_wconf 83' lang='lat' dir='ltr'>Ex</span> <span class='ocrx_word' id='word_1_36' title='bbox 808 483 1080 543; x_wconf 84' lang='lat' dir='ltr'>plenitudine</span> <span class='ocrx_word' id='word_1_37' title='bbox 1097 484 1188 542; x_wconf 86' lang='lat' dir='ltr'>ejus</span> <span class='ocrx_word' id='word_1_38' title='bbox 1207 483 1372 542; x_wconf 86' lang='lat' dir='ltr'>accepit</span> <span class='ocrx_word' id='word_1_39' title='bbox 1390 485 1420 526; x_wconf 91' lang='lat'>¹.</span> <span class='ocrx_word' id='word_1_40' title='bbox 1445 502 1463 524; x_wconf 94' lang='lat'>»</span> <span class='ocrx_word' id='word_1_41' title='bbox 1490 482 1610 527; x_wconf 84' lang='lat' dir='ltr'>Vidit</span> <span class='ocrx_word' id='word_1_42' title='bbox 1630 498 1728 528; x_wconf 90' lang='lat' dir='ltr'>om-</span> 
     </span>
     <span class='ocr_line' id='line_1_6' title="bbox 338 552 1723 613; baseline 0.001 -17"><span class='ocrx_word' id='word_1_43' title='bbox 338 553 441 596; x_wconf 92' lang='lat' dir='ltr'>nino</span> <span class='ocrx_word' id='word_1_44' title='bbox 459 587 470 607; x_wconf 90' lang='lat'>‚</span> <span class='ocrx_word' id='word_1_45' title='bbox 494 562 537 596; x_wconf 90' lang='lat' dir='ltr'>et</span> <span class='ocrx_word' id='word_1_46' title='bbox 555 552 653 597; x_wconf 89' lang='lat' dir='ltr'>ideo</span> <span class='ocrx_word' id='word_1_47' title='bbox 667 553 711 596; x_wconf 94' lang='lat' dir='ltr'>in</span> <span class='ocrx_word' id='word_1_48' title='bbox 726 554 838 598; x_wconf 86' lang='lat' dir='ltr'>natis</span> <span class='ocrx_word' id='word_1_49' title='bbox 857 553 1089 599; x_wconf 85' lang='lat' dir='ltr'>mulierum</span> <span class='ocrx_word' id='word_1_50' title='bbox 1107 555 1243 613; x_wconf 82' lang='lat' dir='ltr'>major</span> <span class='ocrx_word' id='word_1_51' title='bbox 1258 552 1332 597; x_wconf 93' lang='lat' dir='ltr'>illo</span> <span class='ocrx_word' id='word_1_52' title='bbox 1348 568 1438 597; x_wconf 87' lang='lat' dir='ltr'>non</span> <span class='ocrx_word' id='word_1_53' title='bbox 1455 553 1723 598; x_wconf 80' lang='lat' dir='ltr'>exurrexit²z</span> 
     </span>
     <span class='ocr_line' id='line_1_7' title="bbox 336 622 1732 683; baseline 0.001 -17"><span class='ocrx_word' id='word_1_54' title='bbox 336 623 440 682; x_wconf 85' lang='lat' dir='ltr'>quia</span> <span class='ocrx_word' id='word_1_55' title='bbox 470 639 520 666; x_wconf 80' lang='lat' dir='ltr'>ex</span> <span class='ocrx_word' id='word_1_56' title='bbox 556 623 761 668; x_wconf 89' lang='lat' dir='ltr'>omnibus</span> <span class='ocrx_word' id='word_1_57' title='bbox 796 624 1192 683; x_wconf 85' lang='lat' dir='ltr'>praenuntiantibus</span> <span class='ocrx_word' id='word_1_58' title='bbox 1227 623 1477 679; x_wconf 83' lang='lat' dir='ltr'>Christum,</span> <span class='ocrx_word' id='word_1_59' title='bbox 1505 624 1594 682; x_wconf 92' lang='lat' dir='ltr'>ipse</span> <span class='ocrx_word' id='word_1_60' title='bbox 1622 622 1732 669; x_wconf 82' lang='lat' dir='ltr'>vidit</span> 
     </span>
     <span class='ocr_line' id='line_1_8' title="bbox 336 693 1733 754; baseline 0.001 -17"><span class='ocrx_word' id='word_1_61' title='bbox 336 694 459 753; x_wconf 88' lang='lat' dir='ltr'>quod</span> <span class='ocrx_word' id='word_1_62' title='bbox 484 693 609 738; x_wconf 90' lang='lat' dir='ltr'>multi</span> <span class='ocrx_word' id='word_1_63' title='bbox 633 695 738 754; x_wconf 85' lang='lat' dir='ltr'>justi</span> <span class='ocrx_word' id='word_1_64' title='bbox 775 704 818 739; x_wconf 90' lang='lat' dir='ltr'>et</span> <span class='ocrx_word' id='word_1_65' title='bbox 854 695 1084 754; x_wconf 74' lang='lat' dir='ltr'>Prophetae</span> <span class='ocrx_word' id='word_1_66' title='bbox 1105 695 1340 753; x_wconf 88' lang='lat' dir='ltr'>cupierunt</span> <span class='ocrx_word' id='word_1_67' title='bbox 1361 694 1509 738; x_wconf 89' lang='lat' dir='ltr'>videre</span> <span class='ocrx_word' id='word_1_68' title='bbox 1527 728 1539 749; x_wconf 83' lang='lat'>‚</span> <span class='ocrx_word' id='word_1_69' title='bbox 1574 703 1618 738; x_wconf 92' lang='lat' dir='ltr'>et</span> <span class='ocrx_word' id='word_1_70' title='bbox 1643 710 1733 739; x_wconf 89' lang='lat' dir='ltr'>non</span> 
     </span>
     <span class='ocr_line' id='line_1_9' title="bbox 336 763 1734 823; baseline 0.001 -15"><span class='ocrx_word' id='word_1_71' title='bbox 336 763 538 809; x_wconf 88' lang='lat' dir='ltr'>viderunt</span> <span class='ocrx_word' id='word_1_72' title='bbox 553 765 584 808; x_wconf 79' lang='lat'>³.</span> <span class='ocrx_word' id='word_1_73' title='bbox 614 764 827 809; x_wconf 86' lang='lat' dir='ltr'>Salutavit</span> <span class='ocrx_word' id='word_1_74' title='bbox 846 780 896 808; x_wconf 87' lang='lat' dir='ltr'>ex</span> <span class='ocrx_word' id='word_1_75' title='bbox 920 774 1044 809; x_wconf 92' lang='lat' dir='ltr'>utero</span> <span class='ocrx_word' id='word_1_76' title='bbox 1059 766 1097 818; x_wconf 85' lang='lat'>⁴,</span> <span class='ocrx_word' id='word_1_77' title='bbox 1129 763 1306 822; x_wconf 86' lang='lat' dir='ltr'>agnovit</span> <span class='ocrx_word' id='word_1_78' title='bbox 1330 763 1566 823; x_wconf 89' lang='lat' dir='ltr'>perfectius</span> <span class='ocrx_word' id='word_1_79' title='bbox 1586 781 1640 809; x_wconf 80' lang='lat' dir='ltr'>ex</span> <span class='ocrx_word' id='word_1_80' title='bbox 1656 781 1734 810; x_wconf 89' lang='lat' dir='ltr'>co-</span> 
     </span>
     <span class='ocr_line' id='line_1_10' title="bbox 338 833 1736 894; baseline 0.001 -16"><span class='ocrx_word' id='word_1_81' title='bbox 338 833 517 878; x_wconf 88' lang='lat' dir='ltr'>lumba⁵</span> <span class='ocrx_word' id='word_1_82' title='bbox 539 869 551 889; x_wconf 89' lang='lat'>,</span> <span class='ocrx_word' id='word_1_83' title='bbox 581 843 625 878; x_wconf 88' lang='lat' dir='ltr'>et</span> <span class='ocrx_word' id='word_1_84' title='bbox 647 833 746 879; x_wconf 93' lang='lat' dir='ltr'>ideo</span> <span class='ocrx_word' id='word_1_85' title='bbox 769 843 977 894; x_wconf 83' lang='lat' dir='ltr'>tanquam</span> <span class='ocrx_word' id='word_1_86' title='bbox 999 833 1285 878; x_wconf 89' lang='lat' dir='ltr'>Odollamites</span> <span class='ocrx_word' id='word_1_87' title='bbox 1314 849 1413 878; x_wconf 88' lang='lat' dir='ltr'>vere</span> <span class='ocrx_word' id='word_1_88' title='bbox 1438 835 1736 880; x_wconf 87' lang='lat' dir='ltr'>testimonium</span> 
     </span>
    </p>
   </div>
   <div class='ocr_carea' id='block_1_3' title="bbox 339 904 1803 964">
    <p class='ocr_par' dir='ltr' id='par_1_3' title="bbox 339 904 1803 964">
     <span class='ocr_line' id='line_1_11' title="bbox 339 904 1803 964; baseline 0.001 -16"><span class='ocrx_word' id='word_1_89' title='bbox 339 904 562 964; x_wconf 88' lang='lat' dir='ltr'>perhibuit</span> <span class='ocrx_word' id='word_1_90' title='bbox 584 905 629 948; x_wconf 88' lang='lat' dir='ltr'>in</span> <span class='ocrx_word' id='word_1_91' title='bbox 652 919 779 964; x_wconf 84' lang='lat' dir='ltr'>aqua.</span> <span class='ocrx_word' id='word_1_92' title='bbox 808 906 941 948; x_wconf 85' lang='lat' dir='ltr'>Venit</span> <span class='ocrx_word' id='word_1_93' title='bbox 961 914 1107 948; x_wconf 89' lang='lat' dir='ltr'>autem</span> <span class='ocrx_word' id='word_1_94' title='bbox 1132 905 1343 949; x_wconf 90' lang='lat' dir='ltr'>Dominus</span> <span class='ocrx_word' id='word_1_95' title='bbox 1360 904 1415 948; x_wconf 90' lang='lat' dir='ltr'>ad</span> <span class='ocrx_word' id='word_1_96' title='bbox 1436 921 1536 949; x_wconf 90' lang='lat' dir='ltr'>oves</span> <span class='ocrx_word' id='word_1_97' title='bbox 1554 905 1737 950; x_wconf 88' lang='lat' dir='ltr'>tonden-</span> <span class='ocrx_word' id='word_1_98' title='bbox 1802 906 1803 922; x_wconf 66' lang='lat'>¹</span> 
     </span>
    </p>
   </div>
   <div class='ocr_carea' id='block_1_4' title="bbox 332 974 1738 2385">
    <p class='ocr_par' dir='ltr' id='par_1_4' title="bbox 338 974 1738 1175">
     <span class='ocr_line' id='line_1_12' title="bbox 338 974 1738 1036; baseline 0.001 -17"><span class='ocrx_word' id='word_1_99' title='bbox 338 976 440 1029; x_wconf 82' lang='lat' dir='ltr'>das,</span> <span class='ocrx_word' id='word_1_100' title='bbox 466 976 550 1019; x_wconf 93' lang='lat' dir='ltr'>hoc</span> <span class='ocrx_word' id='word_1_101' title='bbox 572 984 665 1029; x_wconf 82' lang='lat' dir='ltr'>est,</span> <span class='ocrx_word' id='word_1_102' title='bbox 690 975 986 1018; x_wconf 85' lang='lat' dir='ltr'>exonerandas</span> <span class='ocrx_word' id='word_1_103' title='bbox 1013 974 1190 1018; x_wconf 89' lang='lat' dir='ltr'>sarcinis</span> <span class='ocrx_word' id='word_1_104' title='bbox 1218 974 1444 1019; x_wconf 90' lang='lat' dir='ltr'>laboriosis</span> <span class='ocrx_word' id='word_1_105' title='bbox 1461 1010 1472 1030; x_wconf 85' lang='lat'>,</span> <span class='ocrx_word' id='word_1_106' title='bbox 1504 992 1555 1019; x_wconf 82' lang='lat' dir='ltr'>ex</span> <span class='ocrx_word' id='word_1_107' title='bbox 1576 977 1738 1036; x_wconf 84' lang='lat' dir='ltr'>quibus</span> 
     </span>
     <span class='ocr_line' id='line_1_13' title="bbox 338 1045 1735 1092; baseline 0.001 -2"><span class='ocrx_word' id='word_1_108' title='bbox 338 1046 543 1090; x_wconf 82' lang='lat' dir='ltr'>Ecclesiae</span> <span class='ocrx_word' id='word_1_109' title='bbox 578 1045 768 1090; x_wconf 86' lang='lat' dir='ltr'>laudatae</span> <span class='ocrx_word' id='word_1_110' title='bbox 802 1046 848 1089; x_wconf 90' lang='lat' dir='ltr'>in</span> <span class='ocrx_word' id='word_1_111' title='bbox 880 1045 1072 1091; x_wconf 89' lang='lat' dir='ltr'>Canticis</span> <span class='ocrx_word' id='word_1_112' title='bbox 1108 1046 1379 1090; x_wconf 89' lang='lat' dir='ltr'>canticorum</span> <span class='ocrx_word' id='word_1_113' title='bbox 1415 1047 1568 1092; x_wconf 92' lang='lat' dir='ltr'>dentes</span> <span class='ocrx_word' id='word_1_114' title='bbox 1596 1056 1735 1092; x_wconf 85' lang='lat' dir='ltr'>essent</span> 
     </span>
     <span class='ocr_line' id='line_1_14' title="bbox 338 1115 937 1175; baseline -0.002 -15"><span class='ocrx_word' id='word_1_115' title='bbox 338 1117 461 1160; x_wconf 89' lang='lat' dir='ltr'>velut</span> <span class='ocrx_word' id='word_1_116' title='bbox 484 1132 586 1175; x_wconf 86' lang='lat' dir='ltr'>grex</span> <span class='ocrx_word' id='word_1_117' title='bbox 607 1115 891 1161; x_wconf 87' lang='lat' dir='ltr'>detonsarum</span> <span class='ocrx_word' id='word_1_118' title='bbox 905 1117 937 1159; x_wconf 82' lang='lat'>⁰.</span> 
     </span>
    </p>

    <p class='ocr_par' dir='ltr' id='par_1_5' title="bbox 332 1187 1738 2385">
     <span class='ocr_line' id='line_1_15' title="bbox 398 1187 1738 1246; baseline 0.001 -14"><span class='ocrx_word' id='word_1_119' title='bbox 398 1189 642 1232; x_wconf 83' lang='lat' dir='ltr'>LXXXVI.</span> <span class='ocrx_word' id='word_1_120' title='bbox 669 1190 768 1232; x_wconf 89' lang='lat' dir='ltr'>Jam</span> <span class='ocrx_word' id='word_1_121' title='bbox 793 1188 981 1230; x_wconf 83' lang='lat' dir='ltr'>Thamar</span> <span class='ocrx_word' id='word_1_122' title='bbox 1003 1187 1203 1231; x_wconf 89' lang='lat' dir='ltr'>habitum</span> <span class='ocrx_word' id='word_1_123' title='bbox 1228 1197 1401 1246; x_wconf 77' lang='lat' dir='ltr'>mutet3</span> <span class='ocrx_word' id='word_1_124' title='bbox 1426 1204 1527 1232; x_wconf 90' lang='lat' dir='ltr'>nam</span> <span class='ocrx_word' id='word_1_125' title='bbox 1550 1198 1594 1233; x_wconf 87' lang='lat' dir='ltr'>et</span> <span class='ocrx_word' id='word_1_126' title='bbox 1614 1203 1738 1233; x_wconf 92' lang='lat' dir='ltr'>com-</span> 
     </span>
     <span class='ocr_line' id='line_1_16' title="bbox 339 1257 1737 1319; baseline 0.001 -17"><span class='ocrx_word' id='word_1_127' title='bbox 339 1268 512 1303; x_wconf 88' lang='lat' dir='ltr'>mutans</span> <span class='ocrx_word' id='word_1_128' title='bbox 532 1259 845 1317; x_wconf 83' lang='lat' dir='ltr'>interpretatur</span> <span class='ocrx_word' id='word_1_129' title='bbox 867 1259 1082 1302; x_wconf 84' lang='lat' dir='ltr'>Thamar⁷</span> <span class='ocrx_word' id='word_1_130' title='bbox 1104 1278 1113 1303; x_wconf 88' lang='lat'>:</span> <span class='ocrx_word' id='word_1_131' title='bbox 1136 1257 1212 1303; x_wconf 80' lang='lat' dir='ltr'>sed</span> <span class='ocrx_word' id='word_1_132' title='bbox 1235 1259 1281 1304; x_wconf 91' lang='lat' dir='ltr'>in</span> <span class='ocrx_word' id='word_1_133' title='bbox 1308 1275 1356 1303; x_wconf 93' lang='lat' dir='ltr'>ea</span> <span class='ocrx_word' id='word_1_134' title='bbox 1385 1275 1559 1319; x_wconf 91' lang='lat' dir='ltr'>prorsus</span> <span class='ocrx_word' id='word_1_135' title='bbox 1577 1275 1737 1304; x_wconf 90' lang='lat' dir='ltr'>nomen</span> 
     </span>
     <span class='ocr_line' id='line_1_17' title="bbox 339 1328 1737 1390; baseline 0 -16"><span class='ocrx_word' id='word_1_136' title='bbox 339 1328 640 1374; x_wconf 87' lang='lat' dir='ltr'>amaritudinis</span> <span class='ocrx_word' id='word_1_137' title='bbox 663 1338 836 1373; x_wconf 87' lang='lat' dir='ltr'>maneat</span> <span class='ocrx_word' id='word_1_138' title='bbox 856 1349 866 1387; x_wconf 82' lang='lat'><em>3</em></span> <span class='ocrx_word' id='word_1_139' title='bbox 898 1344 988 1373; x_wconf 89' lang='lat' dir='ltr'>non</span> <span class='ocrx_word' id='word_1_140' title='bbox 1009 1328 1124 1373; x_wconf 92' lang='lat' dir='ltr'>illius</span> <span class='ocrx_word' id='word_1_141' title='bbox 1147 1329 1446 1374; x_wconf 82' lang='lat' dir='ltr'>amaritudinis</span> <span class='ocrx_word' id='word_1_142' title='bbox 1470 1330 1515 1373; x_wconf 90' lang='lat' dir='ltr'>in</span> <span class='ocrx_word' id='word_1_143' title='bbox 1537 1346 1625 1390; x_wconf 88' lang='lat' dir='ltr'>qua</span> <span class='ocrx_word' id='word_1_144' title='bbox 1651 1333 1737 1374; x_wconf 92' lang='lat' dir='ltr'>Do-</span> 
     </span>
     <span class='ocr_line' id='line_1_18' title="bbox 339 1398 1736 1460; baseline 0 -16"><span class='ocrx_word' id='word_1_145' title='bbox 339 1401 458 1445; x_wconf 90' lang='lat' dir='ltr'>mino</span> <span class='ocrx_word' id='word_1_146' title='bbox 480 1398 538 1444; x_wconf 89' lang='lat' dir='ltr'>fel</span> <span class='ocrx_word' id='word_1_147' title='bbox 560 1399 848 1455; x_wconf 86' lang='lat' dir='ltr'>ministravit,</span> <span class='ocrx_word' id='word_1_148' title='bbox 873 1399 950 1444; x_wconf 89' lang='lat' dir='ltr'>sed</span> <span class='ocrx_word' id='word_1_149' title='bbox 973 1398 1089 1444; x_wconf 85' lang='lat' dir='ltr'>illius</span> <span class='ocrx_word' id='word_1_150' title='bbox 1119 1399 1164 1444; x_wconf 87' lang='lat' dir='ltr'>in</span> <span class='ocrx_word' id='word_1_151' title='bbox 1192 1417 1279 1460; x_wconf 86' lang='lat' dir='ltr'>qua</span> <span class='ocrx_word' id='word_1_152' title='bbox 1311 1404 1463 1445; x_wconf 89' lang='lat' dir='ltr'>Petrus</span> <span class='ocrx_word' id='word_1_153' title='bbox 1487 1415 1631 1445; x_wconf 89' lang='lat' dir='ltr'>amare</span> <span class='ocrx_word' id='word_1_154' title='bbox 1654 1401 1736 1444; x_wconf 87' lang='lat' dir='ltr'>sse-</span> 
     </span>
     <span class='ocr_line' id='line_1_19' title="bbox 339 1470 1736 1517; baseline -0.001 -1"><span class='ocrx_word' id='word_1_155' title='bbox 339 1472 447 1516; x_wconf 72' lang='lat' dir='ltr'>vit8.</span> <span class='ocrx_word' id='word_1_156' title='bbox 495 1473 604 1517; x_wconf 91' lang='lat' dir='ltr'>Nam</span> <span class='ocrx_word' id='word_1_157' title='bbox 639 1480 683 1515; x_wconf 93' lang='lat' dir='ltr'>et</span> <span class='ocrx_word' id='word_1_158' title='bbox 714 1472 737 1514; x_wconf 89' lang='lat' dir='ltr'>J</span> <span class='ocrx_word' id='word_1_159' title='bbox 744 1471 848 1514; x_wconf 90' lang='lat' dir='ltr'>udas</span> <span class='ocrx_word' id='word_1_160' title='bbox 888 1470 1042 1514; x_wconf 85' lang='lat' dir='ltr'>Latine</span> <span class='ocrx_word' id='word_1_161' title='bbox 1076 1470 1302 1516; x_wconf 86' lang='lat' dir='ltr'>Confessio</span> <span class='ocrx_word' id='word_1_162' title='bbox 1339 1481 1417 1516; x_wconf 89' lang='lat' dir='ltr'>est.</span> <span class='ocrx_word' id='word_1_163' title='bbox 1463 1470 1736 1517; x_wconf 87' lang='lat' dir='ltr'>Confessioni</span> 
     </span>
     <span class='ocr_line' id='line_1_20' title="bbox 337 1540 1736 1602; baseline 0 -16"><span class='ocrx_word' id='word_1_164' title='bbox 337 1557 442 1602; x_wconf 87' lang='lat' dir='ltr'>ergo</span> <span class='ocrx_word' id='word_1_165' title='bbox 464 1540 711 1586; x_wconf 89' lang='lat' dir='ltr'>amaritudo</span> <span class='ocrx_word' id='word_1_166' title='bbox 733 1541 965 1585; x_wconf 83' lang='lat' dir='ltr'>misceatur</span> <span class='ocrx_word' id='word_1_167' title='bbox 985 1576 997 1596; x_wconf 87' lang='lat'>‚</span> <span class='ocrx_word' id='word_1_168' title='bbox 1023 1550 1072 1585; x_wconf 91' lang='lat' dir='ltr'>ut</span> <span class='ocrx_word' id='word_1_169' title='bbox 1093 1557 1194 1586; x_wconf 88' lang='lat' dir='ltr'>vera</span> <span class='ocrx_word' id='word_1_170' title='bbox 1215 1543 1477 1601; x_wconf 87' lang='lat' dir='ltr'>poenitentia</span> <span class='ocrx_word' id='word_1_171' title='bbox 1500 1543 1736 1602; x_wconf 84' lang='lat' dir='ltr'>praesigne-</span> 
     </span>
     <span class='ocr_line' id='line_1_21' title="bbox 339 1611 1737 1673; baseline 0 -15"><span class='ocrx_word' id='word_1_172' title='bbox 339 1622 426 1658; x_wconf 89' lang='lat' dir='ltr'>tur.</span> <span class='ocrx_word' id='word_1_173' title='bbox 463 1617 555 1658; x_wconf 89' lang='lat' dir='ltr'>Hac</span> <span class='ocrx_word' id='word_1_174' title='bbox 587 1612 847 1673; x_wconf 85' lang='lat' dir='ltr'>poenitentia</span> <span class='ocrx_word' id='word_1_175' title='bbox 880 1611 1166 1656; x_wconf 86' lang='lat' dir='ltr'>foecundatur</span> <span class='ocrx_word' id='word_1_176' title='bbox 1210 1614 1402 1658; x_wconf 84' lang='lat' dir='ltr'>Ecclesia</span> <span class='ocrx_word' id='word_1_177' title='bbox 1444 1614 1489 1657; x_wconf 92' lang='lat' dir='ltr'>in</span> <span class='ocrx_word' id='word_1_178' title='bbox 1534 1613 1737 1658; x_wconf 88' lang='lat' dir='ltr'>omnibus</span> 
     </span>
     <span class='ocr_line' id='line_1_22' title="bbox 339 1683 1738 1744; baseline 0 -15"><span class='ocrx_word' id='word_1_179' title='bbox 339 1685 539 1744; x_wconf 88' lang='lat' dir='ltr'>gentibus</span> <span class='ocrx_word' id='word_1_180' title='bbox 560 1683 813 1729; x_wconf 85' lang='lat' dir='ltr'>constituta.</span> <span class='ocrx_word' id='word_1_181' title='bbox 852 1701 873 1725; x_wconf 90' lang='lat'>«</span> <span class='ocrx_word' id='word_1_182' title='bbox 899 1683 1142 1743; x_wconf 87' lang='lat' dir='ltr'>Oportebat</span> <span class='ocrx_word' id='word_1_183' title='bbox 1164 1684 1279 1728; x_wconf 90' lang='lat' dir='ltr'>enim</span> <span class='ocrx_word' id='word_1_184' title='bbox 1303 1685 1526 1730; x_wconf 88' lang='lat' dir='ltr'>Christum</span> <span class='ocrx_word' id='word_1_185' title='bbox 1550 1685 1668 1743; x_wconf 85' lang='lat' dir='ltr'>pati,</span> <span class='ocrx_word' id='word_1_186' title='bbox 1693 1694 1738 1730; x_wconf 89' lang='lat' dir='ltr'>et</span> 
     </span>
     <span class='ocr_line' id='line_1_23' title="bbox 342 1754 1734 1816; baseline -0.001 -15"><span class='ocrx_word' id='word_1_187' title='bbox 342 1777 362 1800; x_wconf 84' lang='lat'>»</span> <span class='ocrx_word' id='word_1_188' title='bbox 388 1771 611 1816; x_wconf 86' lang='lat' dir='ltr'>resurgere</span> <span class='ocrx_word' id='word_1_189' title='bbox 642 1755 769 1800; x_wconf 89' lang='lat' dir='ltr'>tertia</span> <span class='ocrx_word' id='word_1_190' title='bbox 795 1754 895 1811; x_wconf 90' lang='lat' dir='ltr'>die,</span> <span class='ocrx_word' id='word_1_191' title='bbox 930 1764 973 1800; x_wconf 90' lang='lat' dir='ltr'>et</span> <span class='ocrx_word' id='word_1_192' title='bbox 1002 1755 1229 1814; x_wconf 85' lang='lat' dir='ltr'>praedicari</span> <span class='ocrx_word' id='word_1_193' title='bbox 1251 1756 1295 1800; x_wconf 89' lang='lat' dir='ltr'>in</span> <span class='ocrx_word' id='word_1_194' title='bbox 1317 1756 1495 1801; x_wconf 89' lang='lat' dir='ltr'>nomine</span> <span class='ocrx_word' id='word_1_195' title='bbox 1525 1757 1615 1816; x_wconf 86' lang='lat' dir='ltr'>ejus</span> <span class='ocrx_word' id='word_1_196' title='bbox 1638 1771 1734 1815; x_wconf 86' lang='lat' dir='ltr'>poe-</span> 
     </span>
     <span class='ocr_line' id='line_1_24' title="bbox 344 1826 1737 1887; baseline 0.001 -17"><span class='ocrx_word' id='word_1_197' title='bbox 344 1848 362 1870; x_wconf 85' lang='lat'><strong>»</strong></span> <span class='ocrx_word' id='word_1_198' title='bbox 388 1828 618 1872; x_wconf 89' lang='lat' dir='ltr'>nitentiam</span> <span class='ocrx_word' id='word_1_199' title='bbox 645 1836 689 1871; x_wconf 88' lang='lat' dir='ltr'>et</span> <span class='ocrx_word' id='word_1_200' title='bbox 721 1826 1020 1870; x_wconf 88' lang='lat' dir='ltr'>remissionem</span> <span class='ocrx_word' id='word_1_201' title='bbox 1043 1838 1321 1886; x_wconf 90' lang='lat' dir='ltr'>peccatorum</span> <span class='ocrx_word' id='word_1_202' title='bbox 1344 1843 1421 1887; x_wconf 89' lang='lat' dir='ltr'>per</span> <span class='ocrx_word' id='word_1_203' title='bbox 1449 1842 1600 1871; x_wconf 91' lang='lat' dir='ltr'>omnes</span> <span class='ocrx_word' id='word_1_204' title='bbox 1630 1843 1737 1886; x_wconf 87' lang='lat' dir='ltr'>gen-</span> 
     </span>
     <span class='ocr_line' id='line_1_25' title="bbox 342 1898 1738 1959; baseline 0.001 -18"><span class='ocrx_word' id='word_1_205' title='bbox 342 1917 364 1942; x_wconf 87' lang='lat'>»</span> <span class='ocrx_word' id='word_1_206' title='bbox 388 1909 453 1944; x_wconf 90' lang='lat' dir='ltr'>tes</span> <span class='ocrx_word' id='word_1_207' title='bbox 470 1935 481 1955; x_wconf 89' lang='lat'>‚</span> <span class='ocrx_word' id='word_1_208' title='bbox 511 1899 820 1959; x_wconf 90' lang='lat' dir='ltr'>incipientibus</span> <span class='ocrx_word' id='word_1_209' title='bbox 842 1899 898 1942; x_wconf 93' lang='lat' dir='ltr'>ab</span> <span class='ocrx_word' id='word_1_210' title='bbox 923 1898 1164 1942; x_wconf 87' lang='lat' dir='ltr'>Jerusalem</span> <span class='ocrx_word' id='word_1_211' title='bbox 1183 1900 1215 1925; x_wconf 86' lang='lat'>⁹·</span> <span class='ocrx_word' id='word_1_212' title='bbox 1250 1918 1268 1940; x_wconf 92' lang='lat'>»</span> <span class='ocrx_word' id='word_1_213' title='bbox 1294 1901 1403 1945; x_wconf 92' lang='lat' dir='ltr'>Nam</span> <span class='ocrx_word' id='word_1_214' title='bbox 1436 1908 1479 1943; x_wconf 90' lang='lat' dir='ltr'>et</span> <span class='ocrx_word' id='word_1_215' title='bbox 1502 1900 1590 1958; x_wconf 90' lang='lat' dir='ltr'>ipse</span> <span class='ocrx_word' id='word_1_216' title='bbox 1613 1899 1738 1943; x_wconf 87' lang='lat' dir='ltr'>habi-</span> 
     </span>
     <span class='ocr_line' id='line_1_26' title="bbox 340 1968 1738 2030; baseline -0.002 -15"><span class='ocrx_word' id='word_1_217' title='bbox 340 1979 410 2015; x_wconf 90' lang='lat' dir='ltr'>tus</span> <span class='ocrx_word' id='word_1_218' title='bbox 431 1970 700 2015; x_wconf 88' lang='lat' dir='ltr'>meretricius</span> <span class='ocrx_word' id='word_1_219' title='bbox 717 2004 729 2025; x_wconf 86' lang='lat'>‚</span> <span class='ocrx_word' id='word_1_220' title='bbox 753 1968 967 2014; x_wconf 88' lang='lat' dir='ltr'>confessio</span> <span class='ocrx_word' id='word_1_221' title='bbox 986 1979 1265 2029; x_wconf 89' lang='lat' dir='ltr'>peccatorum</span> <span class='ocrx_word' id='word_1_222' title='bbox 1285 1979 1362 2014; x_wconf 92' lang='lat' dir='ltr'>est.</span> <span class='ocrx_word' id='word_1_223' title='bbox 1387 1973 1559 2029; x_wconf 90' lang='lat' dir='ltr'>Typum</span> <span class='ocrx_word' id='word_1_224' title='bbox 1574 1969 1738 2030; x_wconf 88' lang='lat' dir='ltr'>quippe</span> 
     </span>
     <span class='ocr_line' id='line_1_27' title="bbox 332 2039 1737 2102; baseline -0.001 -15"><span class='ocrx_word' id='word_1_225' title='bbox 332 2043 424 2102; x_wconf 85' lang='lat' dir='ltr'>jam</span> <span class='ocrx_word' id='word_1_226' title='bbox 446 2041 651 2088; x_wconf 83' lang='lat' dir='ltr'>Ecclesiae</span> <span class='ocrx_word' id='word_1_227' title='bbox 673 2041 782 2101; x_wconf 89' lang='lat' dir='ltr'>gerit</span> <span class='ocrx_word' id='word_1_228' title='bbox 806 2041 1009 2094; x_wconf 84' lang='lat' dir='ltr'>Thamar,</span> <span class='ocrx_word' id='word_1_229' title='bbox 1031 2057 1082 2085; x_wconf 88' lang='lat' dir='ltr'>ex</span> <span class='ocrx_word' id='word_1_230' title='bbox 1099 2041 1314 2086; x_wconf 89' lang='lat' dir='ltr'>Gentibus</span> <span class='ocrx_word' id='word_1_231' title='bbox 1335 2051 1528 2087; x_wconf 87' lang='lat' dir='ltr'>evocatae</span> <span class='ocrx_word' id='word_1_232' title='bbox 1545 2076 1557 2096; x_wconf 92' lang='lat'>‚</span> <span class='ocrx_word' id='word_1_233' title='bbox 1582 2039 1737 2086; x_wconf 90' lang='lat' dir='ltr'>sedens</span> 
     </span>
     <span class='ocr_line' id='line_1_28' title="bbox 339 2111 1738 2173; baseline -0.003 -14"><span class='ocrx_word' id='word_1_234' title='bbox 339 2129 442 2159; x_wconf 89' lang='lat' dir='ltr'>cum</span> <span class='ocrx_word' id='word_1_235' title='bbox 464 2115 549 2159; x_wconf 89' lang='lat' dir='ltr'>hoc</span> <span class='ocrx_word' id='word_1_236' title='bbox 568 2113 724 2158; x_wconf 91' lang='lat' dir='ltr'>habitu</span> <span class='ocrx_word' id='word_1_237' title='bbox 745 2113 801 2157; x_wconf 90' lang='lat' dir='ltr'>ad</span> <span class='ocrx_word' id='word_1_238' title='bbox 822 2122 993 2172; x_wconf 91' lang='lat' dir='ltr'>portam</span> <span class='ocrx_word' id='word_1_239' title='bbox 1014 2115 1160 2157; x_wconf 89' lang='lat' dir='ltr'>AEnan</span> <span class='ocrx_word' id='word_1_240' title='bbox 1175 2147 1186 2167; x_wconf 88' lang='lat'>‚</span> <span class='ocrx_word' id='word_1_241' title='bbox 1213 2112 1283 2157; x_wconf 89' lang='lat' dir='ltr'>vel</span> <span class='ocrx_word' id='word_1_242' title='bbox 1300 2115 1477 2158; x_wconf 83' lang='lat' dir='ltr'>AEna&#39;l&#39;m</span> <span class='ocrx_word' id='word_1_243' title='bbox 1493 2147 1505 2168; x_wconf 81' lang='lat'>,</span> <span class='ocrx_word' id='word_1_244' title='bbox 1529 2111 1650 2173; x_wconf 89' lang='lat' dir='ltr'>quod</span> <span class='ocrx_word' id='word_1_245' title='bbox 1670 2112 1738 2156; x_wconf 92' lang='lat' dir='ltr'>in-</span> 
     </span>
     <span class='ocr_line' id='line_1_29' title="bbox 340 2181 1737 2245; baseline -0.001 -16"><span class='ocrx_word' id='word_1_246' title='bbox 340 2194 604 2245; x_wconf 88' lang='lat' dir='ltr'>terpretatur</span> <span class='ocrx_word' id='word_1_247' title='bbox 627 2187 805 2229; x_wconf 85' lang='lat' dir='ltr'>Fontes.</span> <span class='ocrx_word' id='word_1_248' title='bbox 833 2183 1040 2230; x_wconf 87' lang='lat' dir='ltr'>Cucurrit</span> <span class='ocrx_word' id='word_1_249' title='bbox 1060 2184 1176 2228; x_wconf 89' lang='lat' dir='ltr'>enim</span> <span class='ocrx_word' id='word_1_250' title='bbox 1198 2183 1322 2229; x_wconf 89' lang='lat' dir='ltr'>velut</span> <span class='ocrx_word' id='word_1_251' title='bbox 1343 2200 1497 2229; x_wconf 89' lang='lat' dir='ltr'>cervus</span> <span class='ocrx_word' id='word_1_252' title='bbox 1519 2182 1575 2228; x_wconf 92' lang='lat' dir='ltr'>ad</span> <span class='ocrx_word' id='word_1_253' title='bbox 1596 2181 1737 2228; x_wconf 86' lang='lat' dir='ltr'>fontes</span> 
     </span>
     <span class='ocr_line' id='line_1_30' title="bbox 342 2254 1738 2316; baseline -0.001 -16"><span class='ocrx_word' id='word_1_254' title='bbox 342 2258 621 2315; x_wconf 83' lang='lat' dir='ltr'>aquarum¹⁰‚</span> <span class='ocrx_word' id='word_1_255' title='bbox 658 2255 885 2316; x_wconf 89' lang='lat' dir='ltr'>pervenire</span> <span class='ocrx_word' id='word_1_256' title='bbox 917 2254 975 2299; x_wconf 90' lang='lat' dir='ltr'>ad</span> <span class='ocrx_word' id='word_1_257' title='bbox 1004 2270 1154 2299; x_wconf 90' lang='lat' dir='ltr'>semen</span> <span class='ocrx_word' id='word_1_258' title='bbox 1192 2255 1381 2299; x_wconf 83' lang='lat' dir='ltr'>Abrahae</span> <span class='ocrx_word' id='word_1_259' title='bbox 1423 2274 1432 2300; x_wconf 89' lang='lat'>:</span> <span class='ocrx_word' id='word_1_260' title='bbox 1473 2254 1561 2299; x_wconf 90' lang='lat' dir='ltr'>illic</span> <span class='ocrx_word' id='word_1_261' title='bbox 1595 2270 1619 2299; x_wconf 93' lang='lat' dir='ltr'>a</span> <span class='ocrx_word' id='word_1_262' title='bbox 1648 2269 1738 2299; x_wconf 90' lang='lat' dir='ltr'>non</span> 
     </span>
     <span class='ocr_line' id='line_1_31' title="bbox 341 2324 1736 2385; baseline -0.001 -16"><span class='ocrx_word' id='word_1_263' title='bbox 341 2336 602 2384; x_wconf 82' lang='lat' dir='ltr'>agnoscente</span> <span class='ocrx_word' id='word_1_264' title='bbox 624 2327 808 2372; x_wconf 66' lang='lat' dir='ltr'>foetatur</span> <span class='ocrx_word' id='word_1_265' title='bbox 825 2361 836 2382; x_wconf 89' lang='lat'>‚</span> <span class='ocrx_word' id='word_1_266' title='bbox 862 2325 966 2385; x_wconf 90' lang='lat' dir='ltr'>quia</span> <span class='ocrx_word' id='word_1_267' title='bbox 987 2324 1042 2370; x_wconf 89' lang='lat' dir='ltr'>de</span> <span class='ocrx_word' id='word_1_268' title='bbox 1063 2325 1138 2369; x_wconf 92' lang='lat' dir='ltr'>illa</span> <span class='ocrx_word' id='word_1_269' title='bbox 1161 2325 1418 2383; x_wconf 84' lang='lat' dir='ltr'>praedictum</span> <span class='ocrx_word' id='word_1_270' title='bbox 1436 2333 1502 2370; x_wconf 90' lang='lat' dir='ltr'>est</span> <span class='ocrx_word' id='word_1_271' title='bbox 1522 2344 1530 2367; x_wconf 74' lang='grc' dir='ltr'>ε</span> <span class='ocrx_word' id='word_1_272' title='bbox 1556 2343 1575 2364; x_wconf 91' lang='lat'>«</span> <span class='ocrx_word' id='word_1_273' title='bbox 1600 2328 1736 2381; x_wconf 88' lang='lat' dir='ltr'>Popu-</span> 
     </span>
    </p>
   </div>
   <div class='ocr_carea' id='block_1_5' title="bbox 341 2434 1737 2592">
    <p class='ocr_par' dir='ltr' id='par_1_6' title="bbox 341 2434 1737 2592">
     <span class='ocr_line' id='line_1_32' title="bbox 392 2434 1737 2481; baseline 0.004 -10"><span class='ocrx_word' id='word_1_274' title='bbox 392 2447 400 2462; x_wconf 92' lang='lat'>¹</span> <span class='ocrx_word' id='word_1_275' title='bbox 421 2443 513 2472; x_wconf 85' lang='lat' dir='ltr'>Joan.</span> <span class='ocrx_word' id='word_1_276' title='bbox 537 2454 560 2480; x_wconf 85' lang='lat'>1,</span> <span class='ocrx_word' id='word_1_277' title='bbox 595 2442 646 2474; x_wconf 84' lang='lat'>16.</span> <span class='ocrx_word' id='word_1_278' title='bbox 668 2449 736 2465; x_wconf 77' lang='lat'>—2</span> <span class='ocrx_word' id='word_1_279' title='bbox 755 2441 875 2474; x_wconf 88' lang='lat' dir='ltr'>Matth.</span> <span class='ocrx_word' id='word_1_280' title='bbox 905 2451 950 2481; x_wconf 86' lang='lat' dir='ltr'>xi,</span> <span class='ocrx_word' id='word_1_281' title='bbox 974 2451 1025 2472; x_wconf 86' lang='lat'>11.</span> <span class='ocrx_word' id='word_1_282' title='bbox 1041 2457 1082 2463; x_wconf 90' lang='lat'>—-</span> <span class='ocrx_word' id='word_1_283' title='bbox 1109 2437 1122 2462; x_wconf 79' lang='lat'><strong>3</strong></span> <span class='ocrx_word' id='word_1_284' title='bbox 1140 2440 1187 2467; x_wconf 83' lang='lat' dir='ltr'>ld.</span> <span class='ocrx_word' id='word_1_285' title='bbox 1210 2446 1277 2475; x_wconf 66' lang='lat'><strong>¹¹¹¹,</strong></span> <span class='ocrx_word' id='word_1_286' title='bbox 1309 2447 1360 2477; x_wconf 87' lang='lat'>17·</span> <span class='ocrx_word' id='word_1_287' title='bbox 1376 2434 1446 2465; x_wconf 75' lang='lat'>&#39;“4</span> <span class='ocrx_word' id='word_1_288' title='bbox 1463 2438 1540 2469; x_wconf 78' lang='lat' dir='ltr'>LUC-</span> <span class='ocrx_word' id='word_1_289' title='bbox 1575 2448 1600 2478; x_wconf 74' lang='lat'>¹7</span> <span class='ocrx_word' id='word_1_290' title='bbox 1621 2434 1678 2477; x_wconf 87' lang='grc'>44·</span> <span class='ocrx_word' id='word_1_291' title='bbox 1696 2453 1737 2459; x_wconf 79' lang='grc'><strong>-</strong></span> 
     </span>
     <span class='ocr_line' id='line_1_33' title="bbox 341 2491 1735 2536; baseline -0.003 -6"><span class='ocrx_word' id='word_1_292' title='bbox 341 2495 357 2521; x_wconf 88' lang='lat'>⁵</span> <span class='ocrx_word' id='word_1_293' title='bbox 374 2499 453 2530; x_wconf 84' lang='lat' dir='ltr'>Luc.</span> <span class='ocrx_word' id='word_1_294' title='bbox 472 2507 518 2536; x_wconf 84' lang='grc' dir='ltr'>ιιι,</span> <span class='ocrx_word' id='word_1_295' title='bbox 538 2504 644 2528; x_wconf 78' lang='lat'>22.-</span> <span class='ocrx_word' id='word_1_296' title='bbox 658 2497 674 2517; x_wconf 76' lang='lat'><strong>⁶</strong></span> <span class='ocrx_word' id='word_1_297' title='bbox 693 2500 787 2527; x_wconf 78' lang='lat' dir='ltr'>cant.</span> <span class='ocrx_word' id='word_1_298' title='bbox 805 2504 850 2533; x_wconf 82' lang='lat' dir='ltr'>iv,</span> <span class='ocrx_word' id='word_1_299' title='bbox 868 2501 900 2526; x_wconf 87' lang='lat'>2.</span> <span class='ocrx_word' id='word_1_300' title='bbox 918 2509 960 2516; x_wconf 87' lang='lat'>-</span> <span class='ocrx_word' id='word_1_301' title='bbox 979 2500 993 2525; x_wconf 91' lang='lat'><strong>7</strong></span> <span class='ocrx_word' id='word_1_302' title='bbox 1012 2494 1092 2526; x_wconf 91' lang='lat' dir='ltr'>Gen.</span> <span class='ocrx_word' id='word_1_303' title='bbox 1111 2502 1250 2534; x_wconf 79' lang='lat' dir='ltr'>xxxviii,</span> <span class='ocrx_word' id='word_1_304' title='bbox 1272 2493 1323 2534; x_wconf 78' lang='lat'>14.</span> <span class='ocrx_word' id='word_1_305' title='bbox 1339 2510 1380 2516; x_wconf 93' lang='lat'><strong>—</strong></span> <span class='ocrx_word' id='word_1_306' title='bbox 1395 2491 1410 2515; x_wconf 82' lang='lat'>8</span> <span class='ocrx_word' id='word_1_307' title='bbox 1434 2493 1555 2526; x_wconf 85' lang='lat' dir='ltr'>Matth.</span> <span class='ocrx_word' id='word_1_308' title='bbox 1574 2503 1662 2534; x_wconf 84' lang='lat' dir='ltr'>xxvi,</span> <span class='ocrx_word' id='word_1_309' title='bbox 1680 2493 1735 2535; x_wconf 83' lang='lat'>75.</span> 
     </span>
     <span class='ocr_line' id='line_1_34' title="bbox 342 2547 1088 2592; baseline -0.007 -5"><span class='ocrx_word' id='word_1_310' title='bbox 342 2568 385 2577; x_wconf 92' lang='lat'>—</span> <span class='ocrx_word' id='word_1_311' title='bbox 401 2558 418 2587; x_wconf 86' lang='lat'><em>9</em></span> <span class='ocrx_word' id='word_1_312' title='bbox 444 2553 522 2585; x_wconf 82' lang='lat' dir='ltr'>Luc.</span> <span class='ocrx_word' id='word_1_313' title='bbox 553 2560 642 2592; x_wconf 79' lang='lat' dir='ltr'>xxiv,</span> <span class='ocrx_word' id='word_1_314' title='bbox 669 2549 725 2583; x_wconf 82' lang='lat'>26.</span> <span class='ocrx_word' id='word_1_315' title='bbox 744 2565 786 2573; x_wconf 94' lang='lat'>—</span> <span class='ocrx_word' id='word_1_316' title='bbox 808 2554 837 2574; x_wconf 87' lang='lat'>¹⁰</span> <span class='ocrx_word' id='word_1_317' title='bbox 859 2547 940 2582; x_wconf 75' lang='lat' dir='ltr'>Psal.</span> <span class='ocrx_word' id='word_1_318' title='bbox 962 2558 1027 2591; x_wconf 76' lang='lat' dir='ltr'>xm,</span> <span class='ocrx_word' id='word_1_319' title='bbox 1055 2556 1088 2582; x_wconf 83' lang='lat'>2.</span> 
     </span>
    </p>
   </div>
  </div>
 </body>
</html>
