1803 3250
484 202 646 232 CONTRA
679 201 893 239 FAUSTUM,
929 202 1010 228 tus.
1047 203 1156 230 xxii.
1458 187 1510 225 85

132 285 309 329 regnare
331 270 399 316 vel
413 271 584 325 servire,
609 268 678 313 vel
696 282 861 321 vacare,
887 267 956 311 vel
978 269 1086 311 mori
1107 288 1116 323 3
1147 268 1191 310 in
1222 265 1337 311 bello
1362 274 1506 309 autem

130 342 199 386 vel
223 344 450 402 imperare,
480 341 549 386 vel
571 353 788 400 pugnare,
810 336 877 383 vel
895 338 1089 393 vincere,
1119 338 1187 382 vel
1217 336 1387 383 occidi?
1408 352 1508 381 cum

129 415 212 458 hoc
228 423 370 458 tamen
388 421 581 467 constet,
611 420 655 455 et
680 409 756 471 qui
781 409 978 469 prodest,
1011 425 1098 453 non
1118 411 1196 453 nisi
1214 425 1290 468 per
1314 410 1509 454 divinum

127 484 331 544 prodesse
352 483 611 528 beneficium
629 518 639 538 ,
675 491 716 526 et
740 482 817 542 qui
834 481 956 526 obest
974 515 985 536 ,
1021 480 1193 525 nonnisi
1209 496 1286 539 per
1315 479 1511 526 divinum

129 556 277 600 obesse
293 554 524 615 judicium.

188 627 388 669 LXXIX.
425 625 541 678 Quid
562 639 665 683 ergo
687 622 900 667 insilimus
932 622 978 666 iu
1000 621 1247 665 temerarias
1277 623 1514 680 reprehen-

126 696 283 751 siones,
321 704 452 756 atque
485 696 654 739 utinam
681 693 927 747 hominum,
963 701 1004 737 et
1027 707 1115 736 non
1138 691 1244 735 Dei?
1281 693 1513 737 Servierint

125 764 440 825 dispensatores
463 766 629 809 Veteris
653 763 932 818 Testamenti,
954 762 1174 823 iidemque
1197 763 1513 821 praenuntiato-

125 851 190 880 res
226 837 336 882 Novi
374 836 656 890 Testamenti,
697 845 944 895 peccatores
981 833 1244 892 occidendo,
1289 834 1514 878 servierint

125 905 438 966 dispensatores
461 906 570 953 Novi
594 906 873 961 Testamenti,
898 905 1119 966 iidemque
1135 906 1401 965 expositores
1426 908 1514 950 Ve-

124 979 224 1022 teris
242 978 520 1032 Testamenti,
540 993 563 1021 a
580 978 880 1037 peccatoribus
895 977 1147 1022 moriendo:
1169 980 1259 1022 Deo
1273 986 1417 1021 tamen
1436 978 1513 1022 uni

121 1048 297 1107 utrique
330 1048 588 1102 servierunt,
628 1063 704 1107 per
738 1047 904 1092 diversa
927 1057 970 1092 et
991 1063 1184 1106 congrua
1213 1058 1410 1107 tempora
1432 1048 1512 1092 do-

122 1119 237 1163 centi
265 1118 380 1163 bona
408 1117 662 1177 temporalia
685 1126 728 1162 et
750 1133 773 1161 a
795 1133 839 1161 se
860 1117 1048 1176 petenda
1071 1127 1114 1161 et
1136 1127 1315 1177 propter
1336 1133 1380 1162 se
1404 1134 1512 1163 conu

122 1190 372 1245 temnenda,
399 1189 615 1233 molestias
636 1187 897 1246 temporales
923 1197 966 1232 et
988 1204 1011 1232 a
1032 1203 1075 1231 se
1096 1203 1221 1247 posse
1248 1189 1450 1248 imperari
1472 1199 1515 1235 et

119 1269 298 1320 propter
318 1276 362 1305 se
384 1260 544 1304 debere
566 1259 755 1304 tolerari.
781 1259 897 1313 Quid
919 1274 1022 1317 ergo
1044 1258 1221 1303 crudele
1243 1262 1414 1318 Moyses
1436 1271 1512 1306 aut

120 1331 344 1377 mandavit
365 1341 440 1376 aut
458 1330 578 1387 fecit,
602 1346 702 1376 cum
725 1330 1002 1376 commissum
1019 1330 1102 1374 sibi
1126 1331 1340 1390 populum
1363 1342 1511 1377 sancte

118 1402 262 1448 zelans
291 1414 334 1449 et
361 1404 439 1447 uni
466 1419 568 1447 vero
599 1405 696 1460 Deo}
723 1402 948 1447 subditum
976 1401 1182 1462 cupiens,
1228 1412 1511 1463 posteaquam

118 1476 320 1533 cognovit
343 1474 397 1519 ad
417 1473 724 1519 fabricandum
747 1483 790 1518 et
812 1472 1043 1518 colendum
1065 1473 1234 1517 idolum
1257 1473 1505 1531 defluxisse,

116 1556 399 1606 mentemque
412 1546 678 1606 impudicam
692 1545 960 1606 prostituisse
978 1545 1267 1601 daemonibus,
1286 1546 1331 1589 in
1347 1562 1506 1605 paucos

115 1632 267 1661 eorum
295 1615 518 1662 vindicans
548 1615 709 1676 gladio,
739 1632 848 1676 quos
877 1619 990 1660 Deus
1023 1617 1113 1676 ipse
1142 1632 1274 1676 quem
1307 1616 1506 1661 offende-

116 1690 256 1742 rant¹,
276 1687 363 1731 alto
380 1696 422 1731 et
438 1697 604 1732 secreto
615 1687 782 1746 judicio
796 1687 1016 1731 feriendos
1034 1686 1240 1732 voluisset
1253 1703 1353 1733 mox
1366 1687 1501 1743 feriri,

115 1767 158 1802 et
170 1759 213 1801 in
231 1758 434 1818 praesenti
449 1757 680 1802 salubriter
694 1758 865 1813 terruit,
883 1766 925 1801 et
943 1757 1195 1817 diciplinam
1218 1758 1264 1803 in
1281 1768 1504 1818 posterum

114 1828 278 1873 sanxit?
298 1830 407 1874 Nam
429 1844 528 1873 eum
552 1828 672 1872 nulla
695 1828 952 1873 crudelitate
966 1864 977 1884 ,
1007 1828 1084 1873 sed
1100 1844 1255 1887 magna
1272 1828 1506 1874 dilectione

115 1899 264 1944 fecisse
277 1898 398 1959 quod
416 1898 535 1955 fecit,
560 1900 656 1960 quis
673 1914 763 1944 non
784 1900 828 1944 in
850 1899 993 1944 verbis
1012 1901 1103 1959 ejus
1124 1909 1326 1958 agnoscat
1343 1900 1505 1945 orantis

114 1986 192 2030 pro
214 1980 392 2030 peccato
414 1986 582 2027 eorum,
608 1979 651 2015 et
672 1970 880 2015 dicentis:
907 1989 926 2012 «
949 1970 992 2015 Si
1023 1971 1204 2015 dimittis
1236 1970 1318 2016 illis
1348 1987 1504 2031 pecca-

115 2059 136 2083 »
172 2051 283 2097 tum,
322 2041 515 2100 dimitte,
552 2042 618 2086 sin
650 2051 813 2097 autem,
852 2041 950 2086 dele
985 2058 1055 2086 me
1089 2044 1143 2086 de
1176 2042 1289 2087 libro
1325 2052 1402 2087 tuo
1416 2047 1447 2087 ².
1478 2062 1498 2085 »

111 2114 378 2171 Comparans
401 2128 503 2172 ergo
523 2113 824 2173 unusquisque
846 2113 915 2172 pie
931 2111 1123 2172 prudens
1141 2112 1261 2157 illam
1277 2114 1441 2158 caedem
1459 2122 1503 2158 et

111 2184 224 2227 hanc
246 2198 434 2242 precem,
472 2182 592 2227 videt
619 2183 817 2243 profecto
839 2183 1119 2244 apertissime,
1144 2183 1263 2229 videt
1285 2194 1501 2245 quantum

109 2253 275 2297 malum
311 2253 364 2297 sit
400 2253 555 2297 animae
591 2269 669 2313 per
711 2253 939 2298 simulacra
982 2253 1234 2299 daemonum
1277 2253 1497 2310 fornicari,

109 2323 288 2383 quando
321 2323 381 2365 sic
414 2324 535 2368 saevit
566 2325 642 2384 qui
673 2326 731 2369 sic
764 2335 893 2369 amat.
923 2325 991 2370 Sic
1019 2325 1148 2384 plane
1178 2334 1222 2369 et
1249 2325 1497 2384 Apostolus,

111 2408 200 2437 non
223 2390 471 2447 crudeliter,
503 2395 579 2437 sed
605 2395 848 2439 amabiliter
875 2395 1054 2440 tradidit
1086 2396 1308 2440 hominem
1333 2397 1501 2440 Satanae

112 2463 157 2507 in
191 2462 415 2506 interitum
449 2462 609 2518 carnis,
646 2472 697 2508 ut
725 2465 899 2523 spiritus
926 2466 1068 2510 salvus
1094 2467 1146 2508 sit
1169 2466 1213 2509 in
1237 2465 1307 2509 die
1328 2465 1498 2509 Domini

163 2556 171 2572 ¹
200 2548 546 2591 Exod.xxx11‚27.—-
565 2555 577 2572 2
601 2548 681 2581 ibid.
705 2549 757 2581 31,
