1803 3250
349 245 515 276 CONTRA
547 244 852 276 AnvEnsAiutuu
885 247 1022 284 Lucus,
1058 247 1141 275 1:113.
1178 247 1226 274 11.
1404 232 1487 274 427

101 314 317 376 supplicia
339 314 634 373 gehennarum
657 348 668 367 ,
707 320 952 372 perpetrata
982 312 1201 370 sacrilegia
1236 310 1486 357 vindicavit.

102 386 186 440 Qui
208 395 400 430 terrenas
429 383 598 428 divitias
613 419 623 437 ,
647 399 736 428 non
754 383 864 427 sicut
890 383 969 427 iste
986 382 1112 436 dicit,
1139 381 1335 427 damnari
1348 383 1489 444 jussit,

100 455 176 501 sed
209 454 420 516 spiritales
451 453 736 514 coelestesque
776 454 1027 513 praeposuit.
1069 457 1165 513 Ipse
1202 463 1267 497 est
1302 454 1418 496 enim
1450 461 1493 498 et

103 526 422 585 Prophetarum
442 527 577 579 Deus,
604 525 679 586 qui
703 523 806 568 facit
834 532 876 567 et
899 523 1052 568 divites
1079 523 1382 581 benignissime
1405 521 1492 566 lar-

100 595 275 654 giendo,
305 605 349 640 et
370 610 580 656 pauperes
597 595 831 655 justissime
856 593 924 637 vel
949 609 1038 637 non
1072 593 1238 649 dando,
1279 592 1348 638 vel
1374 592 1496 638 aufe·

100 667 251 712 rendo.
276 667 361 721 Qui
382 682 459 711 nos
483 682 560 726 pro
577 666 762 711 inimicis
785 680 907 710 orare
924 666 1066 725 jussit.
1100 668 1198 724 Ipse
1228 674 1291 709 est
1309 666 1425 710 enim
1453 675 1496 710 et

106 739 423 798 Prophetarum
447 741 561 783 Deus
577 773 587 793 ,
612 737 689 797 qui
710 735 821 781 filios
849 744 1080 796 parentum
1112 736 1313 779 manibus
1344 735 1496 780 immo-

104 807 183 852 lari
207 809 287 853 sibi
306 844 317 863 ,
342 817 392 853 ut
412 809 491 852 iste
512 808 767 854 criminatur
783 843 793 862 ,
824 822 911 852 non
931 805 1071 850 solum
1093 820 1320 866 nunquam
1340 804 1494 861 voluit,

98 879 385 922 verumetiam
407 894 462 922 ne
484 877 529 923 id
554 879 674 923 fieret
693 914 702 932 ,
727 879 772 922 in
791 881 907 937 Lege
927 877 1165 922 constituit.
1193 877 1276 930 Qui
1299 876 1390 921 sine
1417 892 1491 921 ac-

98 950 299 1008 ceptione
319 964 603 1008 personarum
630 947 989 993 benefaciendum
1024 948 1229 993 omnibus
1257 947 1491 992 intimavit.

99 1021 195 1079 Ipse
217 1028 281 1064 est
301 1019 418 1063 enim
436 1028 478 1063 et
498 1020 813 1078 Prophetarum
843 1023 972 1074 Deus,
995 1019 1071 1079 qui
1088 1017 1267 1079 quando
1293 1018 1383 1062 sine
1403 1018 1494 1063 dis-

101 1090 295 1134 cretione
317 1090 457 1134 aetatis
477 1099 552 1134 aut
574 1105 696 1134 sexus
723 1089 863 1135 occidi
886 1090 1084 1134 homines
1100 1089 1249 1150 jussit,
1280 1089 1398 1134 unde
1420 1091 1499 1135 scit

97 1161 178 1205 iste
198 1159 267 1204 vel
290 1161 536 1222 quisquam,
563 1161 670 1221 quid
688 1162 746 1205 eis
767 1171 865 1221 post
888 1170 1070 1205 mortem
1089 1161 1218 1205 bonae
1241 1175 1498 1220 compensa-

97 1232 227 1277 tionis
246 1232 471 1287 attribuit,
497 1247 686 1292 quorum
707 1233 921 1277 mortibus
941 1232 1132 1276 viventes
1151 1241 1225 1276 aut
1243 1231 1493 1276 emendavit

99 1311 174 1346 aut
196 1303 386 1347 terruit?
410 1303 496 1356 Qui
520 1318 598 1348 nos
620 1318 750 1363 aequo
771 1303 914 1346 animo
933 1303 1112 1362 injurias
1133 1303 1345 1346 sustinere
1368 1312 1411 1346 et
1424 1302 1502 1347 do·

100 1388 205 1416 nare
227 1374 450 1432 praecepit.
480 1375 578 1432 Ipse
600 1382 662 1416 est
696 1372 811 1417 enim
845 1381 887 1416 et
917 1373 1236 1432 Prophetarum
1263 1375 1394 1427 Deus,
1421 1373 1499 1433 qui

101 1443 279 1488 oculum
323 1460 402 1503 pro
437 1444 588 1497 oculo,
617 1445 794 1488 dentem
834 1459 913 1502 pro
944 1442 1104 1498 dente,
1141 1443 1324 1487 modum
1356 1443 1500 1503 posuit

100 1530 262 1576 poenae,
279 1531 334 1559 ne
357 1516 586 1576 quisquam
606 1516 687 1559 sibi
702 1515 888 1574 amplius
912 1524 1084 1573 putaret
1098 1514 1250 1559 deberi
1273 1514 1496 1570 vindictae,

101 1601 234 1646 quam
258 1584 507 1645 pertulisset
531 1586 715 1646 injuriae.
745 1588 800 1631 Et
822 1586 906 1630 hoc
932 1584 1049 1640 ideo,
1083 1586 1185 1645 quia
1214 1584 1269 1629 de
1289 1586 1497 1644 sapientia

102 1655 178 1700 Dei
199 1655 366 1700 dictum
392 1665 471 1709 est,
493 1655 614 1716 quod
637 1675 655 1697 «
674 1658 833 1715 Legem
860 1665 903 1700 et
922 1654 1260 1700 misericordiam
1282 1656 1329 1699 in
1350 1654 1498 1714 lingua

105 1745 126 1768 »
153 1736 314 1787 portet.
340 1746 359 1768 »
387 1730 475 1772 Nec
494 1743 570 1787 per
585 1727 923 1772 misericordiam
944 1728 1091 1772 debita
1109 1725 1380 1772 debitoribus
1403 1743 1500 1772 nos-

100 1798 176 1842 tris
209 1797 395 1842 scienter
423 1797 768 1852 dimitteremus,
806 1799 885 1842 nisi
919 1813 997 1858 per
1034 1801 1192 1857 Legem
1225 1799 1316 1858 ipsa
1351 1798 1498 1844 debita

99 1867 455 1914 discerneremus.
493 1870 574 1923 Qui
604 1869 649 1913 in
693 1879 811 1913 tanta
852 1879 1065 1929 potestate
1100 1885 1144 1913 se
1177 1869 1413 1914 humilians
1442 1870 1497 1914 ad

99 1936 418 1985 convertendos
441 1956 518 1985 nos
540 1939 681 1985 factus
706 1941 854 1994 homo,
883 1956 983 1984 cum
1004 1940 1257 1984 hominibus
1281 1950 1344 1985 est
1371 1940 1497 1985 locu-

100 2020 183 2055 tus.
212 2014 309 2071 Ipse
331 2020 394 2055 est
421 2012 537 2055 enim
555 2021 598 2055 et
616 2015 729 2055 Deus
750 2012 1066 2071 Prophetarum
1082 2047 1092 2067 ,
1120 2011 1196 2073 qui
1222 2027 1322 2056 cum
1349 2012 1498 2071 primis

99 2082 298 2142 patribus
316 2091 378 2126 est
396 2081 569 2126 locutus
596 2101 605 2126 ε
633 2081 733 2126 ideo
748 2092 904 2142 praeter
920 2098 963 2127 se
980 2082 1127 2127 dicens
1144 2098 1232 2127 non
1255 2098 1346 2127 esse
1361 2082 1495 2127 alium

102 2155 260 2205 Deum,
283 2152 386 2213 quia
410 2153 539 2197 etiam
567 2168 735 2198 summa
761 2155 960 2209 Trinitas,
988 2163 1192 2197 manente
1215 2169 1497 2214 personarum

102 2222 378 2279 discretione,
390 2240 504 2267 unus
513 2234 576 2268 est
588 2227 716 2269 Deus.
731 2225 815 2278 Qui
827 2229 859 2269 A
866 2224 1041 2284 postolis
1050 2225 1135 2268 suis
1148 2234 1197 2268 ut
1206 2225 1333 2283 gratis
1343 2223 1496 2268 darent

99 2310 200 2354 quae
221 2294 351 2354 gratis
370 2304 652 2355 acceperant,
675 2296 828 2356 jussit¹
852 2316 859 2340 :
886 2296 939 2340 ad
961 2295 1323 2340 sustentationem
1350 2304 1495 2339 tamen

100 2380 221 2410 suam
235 2381 316 2410 nec
332 2365 458 2410 aliam
482 2366 673 2411 tunicam
693 2383 839 2411 secum
865 2367 1085 2411 ferreideo
1102 2367 1373 2420 constituit³‚
1392 2366 1494 2426 quia

99 2445 274 2480 secutus
303 2436 528 2497 adjunxit:
557 2456 576 2478 «
601 2437 762 2496 Dignus
798 2448 861 2481 est
899 2439 1014 2481 enim
1043 2438 1262 2498 operarius
1293 2435 1493 2481 mercede

98 2510 220 2552 sua²z
239 2526 260 2549 υ
280 2517 331 2552 ut
343 2508 420 2569 qui
434 2508 722 2568 Evangelium
737 2509 1082 2564 annuntiabant,
1099 2524 1150 2554 ex
1174 2507 1413 2567 Evangelio
1431 2508 1489 2550 vi-

149 2599 157 2614 ¹
181 2592 293 2624 Matth.
312 2602 346 2632 x,
370 2592 486 2624 8.—²
507 2592 588 2626 lbid.
613 2605 664 2626 10.
680 2611 721 2617 -
739 2592 752 2617 3
774 2605 787 2626 1
809 2596 948 2635 Cor.1x‚
971 2594 1021 2634 ¹4-
